3254 5190
75 256 148 333 '44
613 259 848 313 commutemus
866 259 897 313 m
916 260 981 315 car.
994 261 1023 314 u.

95 437 279 511 indignatio
301 445 331 498 et
352 443 404 497 tro
427 434 489 512 (hic
511 438 590 502 enim
613 446 658 495 est
673 434 745 495 ordo
761 435 793 493 in
840 436 919 496 tibus
934 435 1063 496 futuram
1085 439 1213 498 omniurn
1235 439 1380 501 bonorum
1398 442 1541 523 quietam,

97 522 230 593 Graeco,
253 516 355 600 θυμὸς
377 514 429 584 καὶ
452 514 555 600 ὀργὴ),
579 521 609 582 id
633 531 792 599 cotgrave
839 533 1022 601 perpetuam,
1046 533 1154 583 certam
1171 531 1201 584 ct
1215 545 1350 586 securam
1372 529 1539 607 possessio·

96 609 280 688 supplicium,
303 611 392 690 quale
409 610 445 669 ab
465 612 563 670 animo
578 609 653 669 irato
670 627 792 685 exspec·
841 629 917 668 nem.
940 610 1029 669 Hanc
1044 619 1157 688 partem
1174 609 1319 690 Origenes
1341 611 1379 673 dc
1394 617 1431 675 iis
1446 634 1539 694 expo·

95 697 152 755 tari
166 694 251 756 solet.
276 695 505 756 Contentionem
527 695 598 757 dicit
620 715 720 755 eornm
741 693 792 771 qui
840 697 885 754 nit
911 698 974 756 sive
999 695 1022 755 J
1024 694 1127 756 udaeis
1150 698 1216 758 sive
1235 699 1409 776 gentilibus,
1431 702 1484 780 qui
1511 702 1541 761 in

96 801 185 841 sensa
207 782 311 860 capitis
335 784 380 842 sui
402 804 461 842 non
484 784 607 853 ratione,
631 780 683 840 sed
703 778 792 838 animi
841 779 993 843 Christum
1015 803 1076 840 non
1098 782 1302 857 crediderunt,
1325 806 1417 864 opera
1438 795 1541 849 tamen

95 869 259 948 pertinacia
271 868 446 929 defendunt
462 867 576 947 Quales
588 877 620 927 ut
633 867 791 947 plurimum
840 866 976 929 fecerunt
993 868 1141 946 justitiae,
1169 871 1405 945 misericordiae,
1428 883 1540 953 tempe·

97 962 182 1015 erant
197 953 318 1029 Judaei‚
341 975 465 1042 quorum
480 956 630 1033 ingenium
645 955 702 1014 hac
717 969 792 1010 voce
840 957 968 1029 rantiae,
1000 963 1243 1036 caeterarumque
1269 958 1427 1020 virtutum:
1462 980 1540 1039 quos

95 1043 295 1122 perstringere
317 1044 443 1102 videtur.
471 1042 564 1102 Porro
589 1048 667 1099 totus
682 1039 732 1098 hic
748 1038 789 1096 lo·
841 1039 911 1102 dicit
927 1063 985 1102 non
1008 1040 1128 1120 quidem
1149 1042 1303 1103 habituros
1326 1046 1420 1104 vitam
1442 1055 1540 1108 aeter-

95 1146 147 1187 cus
163 1128 345 1207 apertissime
362 1129 495 1188 declarat
510 1127 549 1200 id,
572 1125 652 1208 quod
668 1125 705 1184 ab
722 1125 789 1183 hae·
839 1147 916 1200 nam,
938 1148 994 1188 nec
1009 1128 1168 1187 intraturos
1192 1130 1221 1188 in
1237 1150 1362 1209 rognum
1378 1132 1541 1208 coelorum,

94 1215 195 1273 reticis
216 1224 356 1293 negatur,
379 1215 477 1275 Deum
494 1214 576 1278 hene
599 1210 790 1292 operantibus
840 1232 876 1271 eo
892 1214 972 1295 quod
987 1214 1074 1274 fidem
1091 1235 1149 1273 non
1165 1214 1336 1277 habuerint:
1359 1227 1540 1298 accepturos

94 1299 276 1361 redditurum
302 1303 396 1360 vitam
422 1309 588 1372 aetenram,
618 1309 648 1359 et
673 1295 791 1377 quidem
839 1308 946 1375 tamen,
970 1302 1061 1378 juxta
1086 1299 1173 1360 Pauli
1189 1304 1380 1377 senteutiam,
1410 1325 1447 1365 ex
1476 1307 1538 1365 suis

93 1387 195 1447 habito
211 1395 347 1466 respectu
365 1387 404 1447 ad
421 1407 519 1466 opera,
545 1396 574 1447 et
584 1386 674 1465 juxta
690 1381 789 1443 condi·
840 1389 982 1465 operibus
999 1389 1028 1447 in
1044 1387 1104 1447 Dei
1121 1386 1236 1465 judicio
1259 1388 1384 1468 gloriam
1400 1401 1430 1450 et
1444 1392 1537 1452 hono·

93 1475 203 1533 tionem
212 1494 343 1552 operum.
354 1472 438 1534 Idem
451 1474 528 1533 enim
539 1472 629 1553 plane
642 1470 791 1532 convincit
836 1493 902 1533 rem
914 1484 944 1534 et
955 1493 1068 1553 pacem.
1091 1472 1150 1533 Sed
1163 1473 1236 1534 haec
1248 1473 1386 1555 Origenis
1398 1476 1537 1540 doctrina

93 1559 270 1621 vocabulum
285 1559 432 1620 reddendi
452 1580 505 1618 seu
520 1556 713 1619 retribuendi.
839 1557 941 1640 (quam
955 1569 1053 1619 tamen
1065 1559 1180 1635 judicio
1194 1559 1314 1622 lectoris
1331 1562 1478 1624 submittit
1489 1565 1539 1625 vel

137 1650 165 1708 9.
194 1640 426 1707 Tocolosida
441 1650 590 1721 angustia
612 1649 648 1704 in
665 1660 790 1703 omnem
838 1647 913 1724 ipse,
935 1647 985 1708 vel
1001 1647 1066 1724 ejus
1082 1647 1225 1726 interpres
1240 1644 1387 1723 Ruffiuus)
1412 1652 1539 1711 caeteris

94 1736 239 1793 animam
249 1735 386 1794 hominis
399 1737 562 1810 operantis
574 1734 702 1792 molum.
720 1728 789 1787 Hae
839 1733 904 1809 ejus
917 1733 1066 1793 erroribus
1078 1743 1293 1795 annumeretur.
1319 1732 1447 1796 Constat
1459 1739 1539 1797 enim

93 1839 185 1879 voces
202 1820 408 1881 tribulatium
423 1823 571 1895 aequatio
582 1841 600 1879 a
612 1814 789 1898 quibusdam
837 1820 901 1878 sine
915 1820 975 1881 fide
992 1817 1102 1878 Christi
1117 1821 1265 1880 neminem
1287 1840 1376 1900 possa
1400 1824 1479 1882 bene
1494 1825 1537 1882 vi-

93 1905 298 1985 adjunguntur
326 1909 402 1986 parti
434 1906 633 1986 praecedenti.
677 1902 790 1961 Volunt
837 1926 919 1965 vere.
943 1905 1002 1967 Sed
1027 1905 1082 1965 etsi
1104 1905 1135 1964 in
1155 1903 1304 1967 Christum
1326 1927 1386 1967 non
1410 1910 1537 1970 credens

93 1993 171 2052 enim
186 1995 355 2073 congeriem
371 2014 436 2054 esse
447 2001 574 2074 quatuor
588 2011 696 2052 vocum
710 2005 788 2068 pene
838 1991 939 2072 aliqua
954 1993 1047 2052 faciat
1069 2012 1160 2070 opera
1181 1991 1270 2065 bona,
1293 2014 1353 2053 non
1377 2015 1413 2054 ea
1436 2003 1538 2056 tamen

93 2078 171 2140 idem
188 2080 426 2156 significantium,
448 2099 507 2160 qna
529 2079 660 2139 divinam
682 2076 713 2135 in
736 2074 787 2131 im·
838 2098 904 2139 esse
922 2077 1076 2159 ejusmodi,
1099 2097 1177 2156 quae
1199 2080 1326 2158 gloriam
1347 2088 1377 2139 et
1392 2080 1537 2143 honoram

91 2167 158 2245 pios
172 2165 317 2226 ultionem
332 2167 446 2227 Paulus
470 2173 642 2244 exaggeret.
666 2161 708 2220 At
726 2161 786 2239 ple·
837 2172 865 2223 et
880 2186 984 2244 pacem
1001 2163 1081 2244 apud
1097 2164 1195 2223 Deum
1205 2165 1336 2244 judicem
1353 2176 1538 2229 mereantur.

92 2253 178 2332 rique
193 2273 302 2314 novum
324 2273 443 2315 versum
461 2251 510 2312 hic
531 2251 661 2322 faciunt,
684 2250 787 2326 inquo
879 2252 1540 2335 JadoooprimumotGraecolstudadjioit

92 2339 132 2398 sit
145 2340 283 2420 repetitio
303 2341 464 2420 superioris
479 2338 634 2398 antithesis
651 2334 705 2393 sub
721 2333 787 2392 aliis
836 2339 927 2398 etiam
941 2338 999 2398 hoc
1013 2336 1089 2409 loco,
1112 2345 1145 2396 ut
1160 2347 1279 2414 gentem
1300 2358 1384 2398 suam
1399 2340 1538 2412 honoret,

92 2425 191 2485 verbis
214 2436 243 2486 et
265 2426 367 2487 ordine
390 2446 543 2487 converso.
577 2424 655 2483 Nam
677 2419 788 2500 alioqui
836 2443 926 2503 quam
940 2427 969 2485 in
978 2424 1070 2504 priori
1082 2431 1168 2501 parte
1176 2424 1336 2485 videbatur
1344 2423 1538 2505 depressisse.

91 2531 161 2590 pars
176 2531 306 2591 sequens
322 2515 440 2574 omnino
462 2531 607 2591 suspensa
622 2513 788 2568 remaneret
882 2515 929 2571 11.
952 2514 1024 2572 Noa
1047 2513 1132 2570 eni-m
1153 2517 1197 2568 eet
1218 2516 1356 2587 acceptio
1376 2531 1537 2588 persona-

92 2607 122 2656 et
133 2599 323 2678 imperfects3
346 2601 403 2659 nisi
416 2598 557 2677 suppleas
569 2617 635 2656 cum
648 2592 787 2672 Origene,
836 2615 909 2657 mm
921 2598 1010 2674 opud
1022 2600 1134 2658 Deum.
1151 2599 1297 2674 Acceptio
1310 2618 1535 2675 personarum,

90 2683 123 2743 id
138 2696 192 2757 ost,
216 2687 246 2746 in
262 2706 377 2746 omnem
394 2686 521 2745 animam
536 2683 662 2743 hominis
678 2688 733 2738 etc.
837 2681 952 2744 Graece
988 2680 1237 2762 προσωποληψία.
1290 2685 1473 2749 Laurentius
1508 2696 1539 2748 et

134 2770 249 2832 Verum
272 2773 297 2831 si
320 2773 488 2850 congeriem
516 2769 614 2830 facere
644 2765 789 2826 voluisset
836 2769 978 2830 Erasmus
987 2791 1178 2851 personarum
1187 2779 1356 2850 respectum
1365 2770 1536 2835 dicerema·

90 2858 262 2936 Apostolus,
283 2858 448 2919 addidisset
463 2856 682 2934 conjunctivam
697 2853 787 2932 parti·
836 2854 911 2917 lunt.
935 2857 984 2916 Sic
1000 2857 1105 2917 Matth.
1123 2851 1185 2918 22.0
1196 2859 1269 2919 Non
1294 2861 1379 2918 caim
1406 2864 1538 2939 respicis

92 2943 196 3018 culam,
214 2953 243 3005 at
257 2946 422 3005 tribulatio
435 2952 490 3005 etc.
514 2945 555 3003 ln
572 2960 696 3002 omnem
712 2942 787 2999 ani·
833 2963 1007 3019 personam
1029 2944 1203 3004 hominum.
1243 2945 1374 3005 Sensus:
1396 2947 1484 3007 Deus
1506 2949 1538 3008 in

91 3050 177 3093 mam
203 3034 348 3094 hominia
383 3032 595 3104 Hebraismus3
619 3026 648 3086 id
677 3035 734 3100 est,
757 3026 788 3084 in
832 3029 997 3109 judicando
1019 3052 1079 3090 non
1095 3031 1216 3109 respicit
1238 3033 1416 3113 cujusquam
1431 3054 1535 3112 perso·

91 3137 207 3178 ornnem
219 3119 376 3178 bominem.
397 3116 578 3178 Subauditur
591 3124 698 3183 autem,
713 3133 786 3173 ven·
836 3137 913 3189 nam,
936 3115 1024 3197 quod,
1049 3116 1177 3196 exempli
1198 3121 1303 3197 gratia,
1326 3116 1374 3178 vel
1395 3119 1538 3181 Judaeus

91 3211 158 3266 tura
178 3213 232 3276 est,
255 3214 307 3265 aut
328 3205 401 3286 quid
423 3204 528 3265 simile.
554 3203 620 3262 Nec
642 3200 734 3259 dixit:
757 3200 787 3259 in
837 3204 885 3276 sit,
908 3204 960 3264 rel
975 3203 1089 3277 doctus,
1105 3204 1153 3264 vel
1170 3202 1265 3278 dives,
1285 3205 1336 3265 vel
1352 3213 1468 3285 potens,
1484 3209 1536 3268 vel

92 3313 206 3352 omnem
221 3293 348 3352 animam
371 3292 497 3351 hominis
515 3290 625 3368 injusti,
648 3285 702 3345 scd
719 3305 785 3365 ope·
836 3290 954 3361 nobilis,
970 3289 1023 3350 sod
1036 3298 1152 3350 tantum
1163 3291 1284 3370 respicit
1295 3291 1333 3351 ad
1345 3293 1451 3352 merita
1468 3314 1536 3354 cau·

90 3380 184 3439 rantis
195 3378 313 3438 malum.
335 3381 376 3439 Et
386 3399 455 3439 mox
468 3380 556 3437 enini
572 3376 720 3451 operanti
732 3373 786 3432 bo·
837 3397 897 3437 sae.
920 3378 978 3437 Est
990 3380 1068 3437 enim
1079 3396 1272 3456 personarum
1284 3380 1429 3458 acceptio,
1441 3401 1537 3461 qurum

90 3485 181 3540 aum,
205 3487 264 3527 non
279 3474 386 3538 autern,
411 3464 489 3524 omui
505 3464 583 3523 bono
607 3462 671 3520 sive
689 3460 786 3538 justo:
836 3464 867 3523 in
882 3464 1022 3542 praemiis
1044 3471 1097 3523 aut
1114 3465 1219 3542 poenis
1242 3484 1279 3523 ex
1298 3466 1418 3545 justitia
1434 3465 1536 3528 decer

90 3555 162 3633 quia
176 3552 331 3614 retributio
348 3554 412 3613 sive
428 3553 458 3611 in
472 3550 581 3609 honum
599 3550 665 3607 sive
680 3548 710 3606 in
724 3567 786 3605 ma·
836 3550 951 3623 nendis,
975 3550 1025 3609 rel
1041 3549 1160 3611 omnino
1178 3550 1207 3610 in
1225 3549 1348 3629 judiciis
1365 3572 1418 3613 seu
1435 3553 1536 3632 publi·

89 3641 151 3700 lum
166 3640 285 3718 proprie
307 3640 428 3718 respicit
441 3656 540 3716 opera,
563 3644 705 3714 tanquam
727 3653 787 3692 me·
837 3637 879 3696 cis
895 3657 947 3697 seu
963 3637 1095 3715 privatis,
1119 3639 1328 3717 praetermissa
1344 3641 1459 3699 ratione
1474 3661 1536 3702 me-

89 3728 146 3786 rita
162 3723 316 3806 quaedam,
336 3746 396 3785 non
412 3733 512 3783 autern
526 3722 651 3792 habitus,
674 3728 708 3779 ut
722 3722 786 3799 qui·
836 3723 958 3782 ritorum
976 3723 1134 3802 respicitur
1148 3722 1187 3782 ad
1202 3743 1253 3783 eas
1270 3724 1422 3785 hominum
1438 3727 1536 3806 quali·

89 3813 145 3873 bus
161 3813 283 3891 propria
297 3813 373 3871 ratio
390 3812 486 3871 meriti
502 3830 561 3868 non
578 3806 724 3868 convenit.
836 3818 921 3883 tates,
944 3830 1022 3889 quae
1044 3808 1116 3869 nihil
1141 3809 1179 3868 ad
1195 3830 1255 3869 rem
1279 3809 1399 3884 saciant,
1422 3811 1460 3872 de
1477 3834 1537 3893 qua

133 3899 257 3963 Jodoei
270 3902 414 3974 primum
429 3906 459 3958 et
476 3896 597 3971 Gracci,
623 3892 652 3952 id
668 3901 713 3952 est
728 3901 786 3953 tam
832 3895 1027 3972 judicandum
1043 3897 1088 3955 sit.
1112 3896 1221 3976 Neque
1233 3899 1309 3956 enim
1327 3897 1426 3959 locum
1441 3899 1537 3960 habet

90 3985 204 4046 Judaei
224 4005 312 4065 quam
335 3984 467 4062 gentilis:
489 3983 614 4062 primum
637 3986 736 4039 tamen
752 4000 788 4039 ac
836 3983 969 4061 acceptio
993 4003 1187 4061 personarum
1217 3983 1246 4042 in
1271 3983 1322 4057 iis,
1354 4005 1432 4064 quae
1453 4007 1538 4047 mere

89 4073 248 4151 praecipue
271 4070 398 4141 Judaei‚
423 4091 487 4130 cum
510 4078 632 4147 propter
653 4066 787 4144 insignes
836 4071 968 4148 gratuita
988 4078 1071 4142 sunt,
1094 4078 1126 4127 ut
1150 4069 1179 4128 in
1204 4069 1423 4150 eleemosynis:
1454 4072 1537 4134 unde

89 4158 169 4218 illius
195 4158 299 4237 populi
325 4155 552 4236 praerogativas
577 4152 657 4234 apud
679 4153 787 4225 Deum,
836 4176 895 4214 non
904 4164 1096 4235 estacceptor
1107 4175 1299 4232 personarum
1309 4157 1402 4231 Deus,
1416 4158 1536 4239 quando

90 4253 150 4303 tum
167 4245 236 4324 quia
252 4245 333 4323 prius
351 4244 451 4303 oblata
473 4242 500 4301 ei
515 4240 572 4300 fuit
587 4240 683 4320 gratia
699 4260 786 4298 evan·
837 4261 874 4301 ex
890 4243 1030 4302 universo
1047 4242 1197 4302 hominum
1220 4263 1332 4321 genere
1349 4244 1425 4304 alios
1442 4245 1537 4327 eligit,

90 4330 176 4410 gelii:
199 4340 232 4389 ut
246 4331 304 4390 hoc
318 4337 415 4410 pacto,
438 4329 489 4409 qui
504 4329 602 4406 potior
616 4326 675 4386 fuit
690 4326 719 4385 in
735 4327 785 4385 be·
835 4327 910 4386 alios
926 4328 1081 4405 reprobat3
1097 4328 1163 4388 aliis
1180 4328 1231 4388 dat
1241 4330 1375 4408 gratiam,
1391 4330 1459 4391 aliis
1476 4354 1536 4393 non

90 4416 212 4491 ueficiis,
235 4418 325 4476 etiarn
340 4414 532 4497 principalior
551 4415 636 4473 sitin
651 4414 763 4491 poeuis.
836 4413 896 4472 dat.
919 4415 1039 4475 Electio
1052 4416 1130 4475 enim
1142 4414 1179 4474 ad
1191 4417 1320 4495 gratiam
1332 4417 1466 4480 indebita
1482 4430 1535 4492 est,

135 4506 184 4563 10.
211 4504 322 4565 Gloria
348 4511 456 4563 autem
482 4508 511 4561 et
538 4502 642 4561 honor
667 4507 696 4559 et
719 4518 788 4576 pax
835 4507 868 4558 ut
884 4508 914 4560 et
929 4501 994 4581 ipsa
1010 4502 1116 4581 gratia.

90 4593 180 4650 omni
192 4593 341 4666 operanti
355 4590 482 4649 bonum.
506 4586 629 4647 Gloriae
641 4594 671 4646 et
680 4586 787 4646 honori
878 4585 1052 4647 Notandum
1065 4596 1110 4647 est
1121 4596 1221 4648 cirtem
1229 4591 1306 4650 hanc
1318 4590 1458 4669 phrasim.
1476 4613 1536 4672 qua

87 4695 192 4757 pacem
206 4676 350 4758 adjungit,
365 4685 399 4736 ut
414 4675 559 4755 significat
572 4673 651 4735 bene
664 4692 786 4753 operan·
835 4673 904 4754 quis
927 4674 1032 4734 dicitur
1053 4683 1193 4756 acceptor
1222 4696 1418 4759 personarum
1441 4674 1535 4762 (quae
