3254 5190
494 277 717 333 srrsrcussss
733 276 885 332 cosmos.
920 275 1006 330 rsus
1025 277 1065 329 ιι
1448 282 1500 347 ³19

51 456 144 519 bruco
165 458 392 538 interpretetur.
419 455 478 518 Vel
495 457 615 536 justitie
629 455 691 517 Dei
712 453 755 515 di·
802 462 924 536 praeter
945 473 1020 526 osm,
1043 454 1123 534 quse
1144 451 1176 512 iu
1198 449 1316 513 Obristc
1340 459 1398 524 est,
1421 449 1502 530 Apo·

50 547 141 618 citur,
161 543 196 604 id
219 553 269 605 est
288 564 365 605 vers
381 544 514 622 justitie,
537 564 597 623 quc
618 544 756 603 nimirum
804 541 928 604 stolicse
950 541 1056 600 literse
1079 537 1295 599 commendent

52 633 118 712 quis
141 649 218 690 vere
236 651 336 691 eorem
354 630 422 691 Deo
441 631 541 710 justus
557 631 754 691 constituitur.
849 627 988 690 Sedulius
1022 627 1065 687 its
1098 627 1237 707 exponit:
1271 627 1323 686 Ec
1351 624 1413 702 fide
1440 623 1503 684 Dei

53 719 163 779 Vm
186 719 270 778 enim
288 718 435 797 justitium
458 719 510 799 qui
531 717 652 790 hubent,
674 735 756 776 more
802 716 1029 793 promittentis,
1052 715 1091 774 in
1105 713 1199 791 fldem
1214 714 1352 773 boemicis
1370 712 1503 771 credem-

52 807 222 906 scripturae
251 824 352 865 eorem
379 804 448 864 Deo
478 804 528 866 vel
557 810 628 864 snte
658 803 757 862 Deum
805 805 853 862 ιιι.
886 801 965 861 Item
993 801 1096 860 sliter:
1127 802 1180 860 Ec
1208 799 1271 876 fide
1292 799 1435 875 Judaei,
1466 801 1502 858 im

49 893 122 972 justi
154 889 312 952 dicuntur.
341 899 376 951 ut
396 890 465 951 Noe
488 890 598 951 (lenes.
623 895 669 964 7.,
699 889 756 949 Ζι-
804 889 899 968 fldem
913 889 1050 964 perutilis.
1080 887 1123 945 Et
1136 886 1238 946 sliter:
1261 886 1314 947 Ec
1327 884 1391 963 fide
1403 902 1503 962 prce·

52 978 171 1038 munus
200 986 233 1037 et
254 977 414 1038 Elisabeth
439 980 513 1038 Luc.
538 979 567 1035 2.
598 937 757 1038 Retionem
805 976 1014 1050 dicentium(
1001 972 1352 1052 enfidemoredemts'csm.
1369 972 1503 1051 Quorum

53 1063 421 1125 bsneconfirmsntetism
436 1062 664 1144 qusedicuntnr
678 1062 758 1123 infru
805 1065 931 1144 primum
961 1063 1077 1141 accepit
1099 1080 1137 1120 ex
1159 1067 1315 1120 comment.
1338 1058 1502 1133 Ambrosii;

53 1150 89 1211 de
106 1151 231 1229 justitie
260 1159 292 1212 et
315 1151 530 1230 justificatione
559 1169 658 1211 corum
681 1150 758 1224 Deo,
805 1148 970 1209 secundum
985 1167 1025 1208 ex
1047 1154 1202 1207 comment.
1225 1145 1362 1225 Pelagii3
1384 1146 1504 1205 tertium

53 1247 86 1297 ct
99 1257 168 1316 cap.
186 1239 217 1296 2.
234 1239 311 1299 Non
324 1237 488 1299 auditores
502 1238 669 1313 lepisjusti
683 1243 759 1296 sunt
806 1256 844 1296 ex
865 1235 1027 1315 Augustini
1056 1233 1138 1294 libro‘
1163 1232 1201 1293 ds
1229 1234 1335 1313 spiritu
1364 1241 1394 1292 et
1415 1233 1504 1292 litere

55 1324 144 1401 opud
164 1325 286 1384 Deum.
318 1326 361 1385 Et
383 1344 448 1404 cup.
471 1325 500 1384 3.
536 1325 589 1386 Ec·
611 1323 758 1401 operibus
806 1342 872 1402 cup.
899 1326 947 1382 11.
970 1320 1058 1381 Idem
1072 1321 1258 1399 Augustinus
1275 1320 1326 1379 lib.
1343 1320 1371 1378 2.
1388 1326 1502 1400 quaest

56 1412 130 1487 lepis
150 1429 224 1472 nom
240 1410 471 1488 justificabitur
490 1412 592 1472 ommis
613 1429 689 1471 caso
705 1428 758 1471 eo-
806 1411 924 1488 bivsng.
955 1429 1019 1488 esp.
1050 1408 1100 1468 39.
1128 1405 1226 1467 reddit
1254 1408 1333 1467 huno
1368 1425 1503 1467 sensum·

56 1517 127 1558 scm
155 1498 228 1558 s'llo.
272 1497 333 1559 Ubi
363 1506 394 1558 st
424 1498 548 1579 glorium
570 1497 631 1559 Dei
660 1505 757 1571 vocet
806 1498 859 1559 Ee
879 1495 941 1573 fide
963 1495 1151 1569 verborum,
1181 1495 1293 1572 quibus
1322 1512 1410 1554 mune
1433 1511 1501 1554 cre·

58 1604 133 1666 quse
154 1603 259 1645 coram
273 1585 341 1645 Deo
357 1593 413 1658 est,
435 1581 681 1685 quemadmodum
695 1583 759 1644 illic
807 1584 929 1659 dimus,
967 1581 1053 1660 quod
1089 1581 1236 1642 mondum
1267 1581 1428 1656 uidemus,
1465 1583 1502 1642 ιιι

59 1664 271 1732 dcclmebitur.
307 1671 446 1751 utreque
467 1671 543 1731 ratio
565 1670 657 1733 valde
679 1672 759 1731 bons
806 1669 901 1748 {idem
922 1687 1048 1746 rerum,
1072 1686 1136 1746 quc
1157 1669 1194 1728 iss
1216 1676 1393 1746 oeternum,
1418 1665 1503 1745 quod

60 1767 116 1820 cst:
137 1759 264 1818 tametsi
279 1760 426 1839 posterior
439 1776 505 1818 meo
525 1757 640 1836 judicio
662 1759 758 1837 magis
805 1757 1091 1832 succendimus,
1116 1754 1333 1817 obtinebimus.

61 1846 94 1905 sb
113 1843 267 1925 Apostolo
290 1853 436 1925 speetsts
850 1846 927 1906 Sunt
947 1851 1112 1924 praetores,
1135 1843 1187 1922 qui
1202 1845 1244 1903 sio
1263 1850 1430 1923 exponente
1452 1843 1504 1902 bix

97 1932 245 2013 Sequitur
266 1940 301 1992 ut
323 1951 507 2011 exponamus
530 1932 613 1993 illum
634 1939 759 2012 purtem,
806 1931 866 1992 fide
888 1931 1115 2010 praeteritorum
1145 1930 1177 1990 in
1206 1930 1296 1991 fidem
1324 1930 1503 1991 iliturorum:

63 2037 96 2081 ιι
114 2018 179 2097 Me
203 2021 242 2080 im
264 2018 369 2095 fldem.
405 2017 499 2098 Cujus
515 2019 681 2081 obscuritas
695 2018 759 2099 plu·
808 2019 947 2101 quonism
968 2015 1109 2076 videlicet
1138 2038 1198 2076 non
1220 2019 1292 2078 satis
1321 2018 1361 2078 sit
1382 2016 1504 2079 credere

64 2108 143 2166 rimus
177 2107 300 2188 peperit
327 2106 603 2185 interpretationes:
632 2107 760 2166 msxime
808 2106 957 2169 Christum
978 2103 1140 2184 pronubis
1161 2112 1279 2179 nutum,
1305 2125 1438 2185 pessum,
1461 2124 1505 2165 re·

65 2192 138 2274 quod
160 2211 202 2253 ιι
223 2192 344 2273 phrasis
360 2212 507 2274 nusquam
526 2201 625 2255 exstet
640 2193 739 2252 alibi
729 2213 761 2252 ιιι
808 2193 990 2264 surrexisse,
1020 2191 1078 2250 nisi
1100 2191 1255 2251 credemus
1278 2193 1368 2253 etism
1397 2210 1452 2251 nos
1474 2194 1505 2251 in

65 2288 121 2340 tuh
141 2281 295 2359 scripture
316 2298 409 2340 sucre
453 2279 532 2340 Nem
554 2289 585 2341 et
611 2279 688 2340 illud
708 2278 761 2338 du
808 2281 860 2339 illo
883 2277 993 2338 debere
1022 2279 1153 2351 renasci,
1183 2287 1214 2338 et
1245 2279 1274 2338 ei
1304 2280 1446 2381 computi,
1476 2284 1505 2338 et

65 2365 183 2438 litetur,
216 2386 285 2427 eum
313 2385 374 2446 quo
404 2367 545 2447 conjungi
574 2375 605 2427 et
631 2365 762 2427 construi
809 2387 875 2428 cum
897 2385 932 2425 eo
955 2383 1121 2444 resurgere.
1143 2365 1256 2425 Rursus
1280 2365 1332 2424 ulii
1362 2366 1422 2426 sic:
1452 2366 1505 2428 Ec

67 2452 262 2513 debesthnec
277 2472 357 2532 pers,
371 2460 470 2512 utrum
485 2473 551 2514 cum
566 2453 659 2514 verbo
674 2472 760 2533 prox·
808 2453 903 2533 {lde
891 2471 927 2511 m
949 2451 1061 2530 fldem,
1094 2451 1124 2511 id
1148 2459 1194 2512 est
1223 2473 1261 2512 ex
1290 2450 1349 2512 fide
1373 2454 1505 2533 cujusvis

67 2541 116 2599 imo
138 2540 319 2615 reueletur,
342 2547 377 2600 ut
396 2539 496 2600 multis
519 2543 615 2600 visum
638 2548 700 2616 est;
723 2560 762 2599 un
809 2539 948 2620 temporis
985 2547 1076 2618 utque
1114 2540 1232 2600 aetatis.
1276 2540 1388 2600 Putsnt
1427 2543 1506 2601 enim

67 2645 130 2686 sero
153 2647 226 2686 cum
242 2628 373 2701 justitia
393 2627 465 2687 Dei.
810 2628 937 2688 similem
960 2644 1025 2685 esse
1054 2625 1184 2705 pbrssim
1215 2647 1281 2687 cum
1311 2625 1380 2700 ills,
1408 2646 1430 2688 α
1450 2645 1506 2704 pe·

101 2712 201 2792 Igitur
227 2713 314 2773 multi
344 2731 465 2773 sensum
494 2712 689 2775 reddiderunt
708 2713 762 2772 bu·
809 2715 978 2775 meratioue
1000 2715 1037 2772 im
1058 2716 1306 2790 perterritionem,
1329 2713 1432 2788 idest,
1452 2733 1506 2795 per

65 2798 206 2877 jusmodi:
232 2799 390 2861 Justitism
411 2800 472 2861 Dei
492 2801 622 2861 revelari
643 2820 681 2860 ex
702 2798 762 2859 fide
812 2820 913 2861 omnes
936 2801 1154 2877 generationes.

68 2889 168 2946 veteris
191 2887 366 2947 testamenti
389 2887 420 2946 iu
434 2886 523 2947 fidem
545 2888 624 2961 novi,
649 2908 688 2948 ex
702 2884 763 2946 fide
853 2885 1026 2946 Notandum
1059 2894 1172 2961 sutem,
1210 2888 1413 2968 expositiones
1442 2888 1507 2966 jum

67 2973 276 3054 prophetarum
304 2974 336 3033 in
357 2972 447 3033 tidem
469 2973 696 3054 Apostolorum,
725 2993 764 3035 ex
812 2974 897 3035 datas
918 2972 983 3032 iere
1006 2974 1037 3033 in
1060 2993 1095 3034 eo
1119 2975 1294 3047 convenire,
1327 2974 1407 3056 quod
1429 2975 1507 3037 hune

67 3058 120 3120 ide
140 3067 265 3139 petrum
295 3061 327 3120 in
347 3059 436 3120 fidem
461 3060 597 3121 filiorum.
643 3060 763 3121 Tertul·
811 3069 927 3142 psrtem
957 3078 995 3120 es
1023 3061 1085 3138 fide
1115 3062 1151 3121 im
1179 3061 1274 3138 fidem
1302 3060 1435 3122 referent
1468 3060 1506 3121 sd

68 3145 160 3206 liunus
181 3146 252 3206 loco
281 3148 498 3227 supracitato:
532 3149 584 3208 Ex
605 3147 666 3225 {lde
688 3149 765 3222 lepis
810 3148 935 3209 verbum
956 3149 1126 3208 revelatur.
1163 3147 1257 3227 Atqui
1279 3147 1318 3207 ud
1340 3149 1508 3209 institutum

67 3235 97 3292 tm
117 3233 218 3310 fldem
240 3234 421 3309 Euampelii.
458 3234 544 3295 Hsec
566 3235 644 3295 euim
666 3233 765 3294 omnis
813 3232 952 3315 Apostoli
981 3233 1072 3293 multo
1104 3241 1149 3292 est
1178 3234 1445 3310 accommodatius,
1477 3243 1511 3296 ut

68 3318 125 3380 iere
147 3317 232 3380 idern
253 3318 368 3394 volunt,
390 3340 506 3400 nempe,
525 3321 673 3399 justitiam
695 3320 765 3393 Dei,
812 3323 958 3383 reibrstur
980 3319 1020 3380 ed
1039 3320 1185 3400 justitium
1207 3321 1274 3382 Dei.
1320 3323 1409 3383 Hunc
1433 3323 1511 3385 enim

68 3425 152 3487 quum
183 3407 217 3466 in
243 3408 341 3467 ueteri
370 3408 565 3472 Testemeuto
594 3408 706 3468 umbris
736 3413 766 3465 et
814 3409 902 3470 docet
925 3426 994 3467 esse
1017 3427 1056 3467 ex
1077 3406 1151 3480 fide,
1180 3406 1272 3487 idque
1293 3428 1347 3488 per
1369 3410 1510 3488 Evange-

68 3491 165 3572 iguris
187 3491 335 3554 lsteutcm
352 3501 512 3555 tenuerunt
525 3495 642 3574 sntiqui
655 3503 766 3576 putres,
814 3496 886 3556 lium
918 3494 1027 3554 mundo
1058 3494 1236 3553 annuntiari.
1277 3495 1407 3555 Tantum
1437 3493 1513 3555 illud

70 3578 766 3662 etprsedicsueruntpropbetue,esndemnunc
816 3580 1019 3642 difficultatem
1048 3581 1153 3653 habet,
1184 3600 1236 3640 cur
1265 3601 1326 3641 non
1356 3590 1512 3642 contentus

69 3669 188 3727 motis
219 3666 324 3746 liguris
350 3688 388 3729 sc
417 3667 559 3728 discussis
587 3669 700 3728 umbris
721 3685 766 3726 re·
816 3669 927 3730 dixisse
943 3687 981 3729 ex
995 3669 1067 3746 fide,
1091 3665 1202 3728 addere
1217 3668 1346 3728 uoluerit
1359 3671 1396 3730 im
1407 3668 1513 3745 fldem,

69 3753 161 3811 veleri
170 3752 262 3813 nobis
273 3751 342 3813 filiis
356 3774 412 3835 per
425 3753 677 3834 praedicationem
687 3755 767 3834 Apo·
816 3755 866 3817 vel
897 3755 940 3813 ad
970 3756 1074 3831 fldem.
1119 3754 1300 3815 Utrumlibet
1334 3757 1412 3817 enim
1439 3756 1515 3816 verti

70 3838 228 3899 solorum:
259 3841 301 3900 its
329 3849 365 3900 ut
394 3860 472 3920 quse
504 3840 548 3901 illi
579 3840 770 3902 crediderunt
816 3849 919 3923 potest
942 3862 980 3902 ex
1004 3841 1130 3903 Gracco.

71 3935 204 4000 venture,
227 3946 283 3987 uos
301 3928 368 4006 jum
389 3927 514 3989 credere
538 3927 701 3989 debeamus
717 3946 768 3987 ex·
861 3928 1007 3988 Nonnulli
1037 3948 1107 3989 vero
1138 3929 1182 3989 sic
1211 3927 1349 3989 ordinant
1371 3939 1401 3989 ιι
1423 3949 1514 4013 expo·

70 4011 168 4073 bib'nu.
817 4021 907 4075 nunt:
937 4016 1065 4077 Justitis
1093 4014 1167 4087 Dei,
1199 4036 1277 4096 quse
1306 4023 1352 4075 est
1381 4036 1420 4078 ex
1449 4016 1517 4091 fids,

109 4099 169 4161 nis
200 4100 439 4180 expositionibus
470 4099 558 4162 affine
585 4100 681 4163 videri
709 4100 769 4160 cui·
818 4122 873 4182 per
888 4102 1088 4182 Evangelium
1103 4102 1286 4163 reveletur
1278 4122 1309 4161 ιιι
1330 4101 1428 4176 fidem,
1452 4105 1517 4165 sive

72 4187 147 4267 pium
168 4194 284 4269 posset,
307 4187 387 4269 quod
412 4185 611 4249 Oecumenius
633 4207 673 4248 ex
693 4187 770 4246 Aes·
820 4187 860 4247 nd
882 4188 988 4264 fidem,
1010 4189 1124 4250 scilicet
1146 4190 1320 4261 multorum,
1343 4189 1374 4249 id
1397 4200 1443 4251 est
1460 4191 1518 4251 hoc

73 4274 115 4334 rio
138 4273 342 4379 deprompsit:
364 4274 497 4337 Jtsdaeo
513 4276 642 4351 quidem
658 4273 772 4351 selide
819 4274 926 4349 fructu,
948 4285 983 4335 ut
1004 4276 1089 4336 multi
1111 4278 1235 4337 credunt
1260 4285 1290 4335 ιι
1307 4277 1517 4355 justificentur

73 4359 179 4436 leuis
166 4381 205 4423 sm
224 4361 324 4439 fldem
347 4376 431 4438 quae
451 4379 512 4438 per
528 4362 689 4424 Christum
711 4367 782 4422 ese.-
821 4359 883 4422 Sed
906 4382 942 4422 es
964 4362 1092 4423 divulsio
1125 4365 1197 4422 mihi
1219 4363 1292 4423 setis
1315 4364 1448 4425 violente
1475 4365 1518 4424 vi·

76 4446 192 4510 Graeco
207 4454 320 4510 autem
335 4462 375 4509 ee
388 4446 451 4524 sse
466 4450 655 4533 ιιιιιαιι,
643 4467 679 4510 m
694 4467 773 4510 east·
822 4450 917 4510 detur.
962 4450 1090 4510 Prorsus
1122 4453 1200 4511 euim
1230 4459 1356 4531 apparet
1384 4452 1498 4512 Ιιιιι
1489 4471 1520 4513 m

73 4533 140 4596 dem
159 4539 245 4602 Iesu
267 4535 388 4600 otetur·
410 4522 514 4612 fldem.
545 4535 657 4596 Verum
679 4533 773 4597 ieces-
822 4537 945 4615 syntaxi
975 4537 1188 4617 conjungenda
1211 4558 1292 4600 esse:
1326 4557 1363 4600 eu
1392 4540 1498 4618 [lde
1484 4558 1522 4600 m

74 4630 117 4683 nt
136 4623 194 4686 boc
213 4620 373 4705 glossema
399 4639 468 4681 oum
492 4628 597 4685 sutore
620 4641 674 4683 suo
696 4622 774 4682 Aes·
822 4623 937 4702 fldemJ
960 4626 1037 4684 siout
1059 4644 1162 4685 omnes
1184 4623 1247 4686 iere
1269 4628 1463 4707 conjungunt

74 4710 117 4770 tic
136 4710 258 4775 bomine
277 4708 409 4773 Axino
440 4707 565 4771 Nullum
586 4709 664 4771 enim
685 4707 775 4771 fidem
867 4712 924 4770 Est
953 4720 1050 4771 sutem
1087 4711 1253 4792 probabilis
1282 4732 1399 4788 seusus,
1435 4728 1523 4796 quem

1268 4811 1314 4877 ᾗ*

1561 396 1582 435 ἱ
