3254 5190
346 298 510 357 demetet
525 301 543 355 l.
560 301 601 355 ee
620 301 811 357 coementes.
837 300 922 356 ime.
941 301 965 355 8.
984 302 1009 352 s.
1322 306 1395 389 m

73 484 100 539 nt
119 477 210 538 sicuti
231 484 317 551 sunt,
347 478 464 560 innupti
483 487 514 540 et
535 478 654 554 viduus,
703 479 832 541 Psnlnm
846 477 938 558 loqui,
955 477 1021 556 jem
1043 484 1127 557 petet
1142 497 1182 541 ex
1194 476 1399 559 praecedeuti·

73 571 96 625 rt
106 562 230 625 nubent.
253 567 384 627 Bonum
396 586 467 646 ergo
476 569 584 642 posuit
592 585 655 644 pre
703 567 768 626 bns.
791 567 905 628 Sensus
921 573 981 628 est:
997 565 1088 646 Quod
1098 568 1188 647 siper
1199 565 1400 627 infirmitstem

73 671 98 727 c,
112 652 157 711 eit
171 651 299 731 August.
312 653 363 713 lib.
377 652 503 715 debono
515 653 576 713 vid.
589 674 654 733 esp.
705 655 803 714 cernis
832 653 986 713 contuere
1015 672 1047 713 ee
1075 674 1137 717 uon
1165 659 1304 733 possunt,
1338 671 1399 715 em·

82 739 162 798 enim
176 738 233 798 lsoc
247 739 356 801 bouum
378 759 432 801 suo
448 760 557 819 genere
573 758 655 823 pree·
704 741 875 820 plectentur
888 739 1051 805 remedium
1073 741 1253 820 nuptierum.
1288 738 1401 801 Versum

73 843 153 896 seo,
169 824 251 904 qnod
266 837 313 887 est
327 827 449 888 nubere.
487 828 580 902 Dico,
603 846 656 888 suo
705 828 761 888 hoe
776 844 898 908 quoque
914 825 1077 888 seeundum
1098 826 1314 906 indulgentiam
1329 845 1399 887 eou-

75 931 161 985 ,uon
175 931 298 991 prorsus
313 913 465 986 absolute,
484 913 537 973 sed
553 917 585 976 in
599 915 657 975 hoo
705 914 777 975 sulit
792 913 963 992 Apostolus.
985 913 1134 973 Dicuntur
1156 921 1257 977 auten
1279 931 1312 975 re
1333 930 1402 971 eou-

73 999 261 1077 orruptionis.
295 1000 374 1060 Nem
391 1001 423 1063 in
438 1008 517 1061 stetu
531 1003 656 1081 primae·
705 1003 800 1061 tinere
815 1019 875 1059 non
889 1019 992 1079 posse,
1014 1021 1074 1060 non
1089 1000 1198 1080 quibne
1214 996 1402 1079 impossibile

73 1086 209 1163 egritetis
224 1106 285 1147 nou
296 1095 359 1148 eret
372 1087 496 1149 melius:
513 1089 571 1148 imo
588 1088 657 1147 sim·
705 1088 764 1148 hoc
776 1089 829 1162 sit3
843 1085 898 1146 eed
907 1086 1015 1166 quibus
1027 1084 1154 1148 arduum
1162 1084 1402 1166 etquedifficile:

73 1190 151 1231 rnee
169 1172 347 1251 eligendum.
707 1175 827 1235 temetsi
842 1171 1002 1235 difficultas
1014 1173 1089 1235 heec
1098 1174 1286 1256 potissimum
1296 1189 1402 1239 ence-

73 1264 136 1317 tet
151 1277 215 1332 epo.
248 1259 378 1340 Supple,
405 1279 510 1320 menso
527 1251 657 1336 ἄγαμος,
706 1268 753 1321 tur
769 1281 807 1323 ex
823 1258 942 1320 defectu
957 1259 1056 1321 bonae
1072 1258 1404 1323 eefirmsevolentetis

73 1364 117 1418 rs,
132 1345 353 1427 inconjugatus.
377 1346 410 1407 Si
423 1349 455 1407 in
470 1354 556 1426 perte
571 1366 655 1426 pree·
707 1346 887 1409 continendi.
909 1345 1047 1426 Ideoque
1061 1368 1122 1409 non
1133 1347 1211 1408 dixit
1221 1344 1403 1426 Apostolus:

73 1450 86 1490 s
102 1422 216 1508 ἄγαμοι
231 1433 452 1512 intelligentur,
468 1434 522 1513 qui
536 1453 593 1494 nec
607 1432 657 1492 he·
708 1436 734 1493 si
748 1455 810 1496 non
823 1440 950 1514 possunt
965 1453 997 1494 se
1013 1436 1179 1509 confluere,
1201 1432 1272 1509 sed,
1295 1435 1404 1493 deese

73 1518 210 1599 nujugem
239 1540 295 1581 uec
316 1520 504 1581 habueruut:
531 1522 588 1581 erit
609 1519 658 1579 hic
707 1539 738 1581 ec
760 1524 932 1583 continent.
970 1518 1135 1600 Gregorius
1159 1526 1235 1601 pert.
1260 1521 1289 1579 3.
1312 1538 1405 1589 ceree

80 1613 117 1664 ut
138 1605 279 1678 arbitror,
302 1605 430 1668 evidens
444 1627 498 1687 pro
512 1614 657 1687 perpetuo
707 1617 785 1688 pest.
809 1607 952 1669 edmenit
974 1608 1025 1669 28.
1048 1616 1176 1670 mentem
1201 1605 1341 1686 Apostoli
1360 1607 1406 1666 sic

73 1692 235 1764 reelibetu,
262 1713 352 1774 quem
376 1694 462 1754 multi
484 1695 553 1755 hinc
577 1691 657 1754 oolli-
708 1695 832 1757 extulit:
847 1695 1052 1757 Admooeodi
1067 1703 1155 1770 eunt,
1177 1695 1290 1774 inquit,
1305 1692 1405 1754 eucli-

73 1778 153 1840 Nem
168 1779 207 1839 ed
221 1782 370 1860 posterius
385 1782 548 1843 membrum
565 1790 594 1840 et
608 1782 658 1840 vi·
708 1783 775 1858 bes,
802 1789 839 1843 ut
863 1785 891 1841 ei
916 1784 1130 1844 notationum
1152 1781 1312 1859 proeellas
1334 1797 1406 1841 ereo

75 1865 159 1946 quod
174 1866 350 1928 femininum
366 1877 446 1941 eret,
469 1890 529 1928 non
543 1869 601 1929 nisi
616 1869 658 1927 iu·
708 1869 1406 1949 difficultatesutctieederaoecoejuetepor-

73 1951 201 2016 dissime
209 1954 315 2015 referri
324 1963 424 2035 potest
435 1955 510 2016 hoec
519 1954 659 2034 edjeetio,
710 1964 778 2018 tum
790 1963 914 2033 peteret.

73 2048 187 2116 nepo.
224 2041 278 2102 Sin
303 2051 405 2103 eutem
427 2034 541 2119 ἄγαμοι
562 2041 658 2102 Paulo
752 2042 913 2105 Caeterum
929 2042 1018 2103 etism
1032 2043 1081 2103 hic
1098 2043 1228 2125 loquitur
1242 2041 1406 2120 Apostolus

73 2147 98 2188 rr
114 2123 211 2208 (quod
226 2147 264 2188 ex
287 2127 480 2209 supradictis
496 2130 591 2209 msgie
607 2149 659 2209 ep·
709 2129 748 2191 de
761 2133 814 2205 iis,
825 2129 934 2210 quibus
950 2131 1084 2209 conjugii
1100 2126 1293 2191 contrahendi
1304 2139 1405 2206 potee-

95 2217 149 2294 qui
176 2216 240 2274 sine
266 2217 406 2295 conjugio
433 2223 514 2288 sunt,
541 2216 659 2296 quelee·
708 2227 755 2277 tes
772 2226 832 2278 est:
867 2214 898 2277 id
921 2223 982 2288 eet,
1005 2218 1059 2296 qui
1075 2238 1094 2277 s
1108 2218 1176 2295 lege
1200 2235 1236 2276 ec
1250 2222 1321 2274 voto
1336 2236 1405 2277 eon·

73 2303 187 2380 epriue
202 2300 329 2362 luerint:
353 2311 414 2363 tum
430 2303 536 2363 seltem
552 2323 590 2363 ex
604 2302 662 2362 hoc
708 2305 855 2365 tinentiae
871 2310 940 2362 eunt
953 2301 1048 2363 liberi.
1081 2302 1172 2365 Unde
1187 2311 1407 2382 consequenter

73 2389 220 2449 unissime
236 2407 423 2470 consequens
439 2391 511 2463 erit,
534 2388 662 2450 Peulum
710 2390 788 2451 idem
807 2389 987 2469 Gregorius:
1009 2391 1085 2453 Sine
1105 2390 1202 2466 culpe
1224 2390 1342 2466 quippe
1362 2390 1406 2450 ud

73 2494 182 2556 uqusm
196 2495 320 2537 uxorem
344 2477 482 2550 duxisse,
502 2484 556 2537 eut
578 2483 662 2537 certe
710 2480 893 2554 eonjugium
916 2480 1070 2554 venient,
1095 2481 1249 2539 ettamen
1271 2477 1406 2537 essedum

73 2583 109 2622 rm
131 2583 168 2622 ec
194 2564 259 2622 siue
279 2583 373 2624 uxore
399 2562 508 2638 fuisse,
539 2560 662 2643 quondo
710 2565 1020 2626 melioruvovcmset.
1040 2563 1406 2642 Numquisquitbooum

73 2648 223 2710 cribebnt:
244 2658 279 2709 ut
293 2650 362 2710 hinc
377 2652 491 2730 optime
505 2649 663 2711 refelletur
710 2656 815 2726 mules
836 2650 939 2713 ordire
956 2655 1125 2728 proposuit
1147 2647 1191 2729 (id
1212 2657 1272 2721 est,
1297 2646 1407 2725 vovit),

92 2737 212 2814 opinio,
247 2737 301 2816 qui
330 2737 539 2798 existimarunt
564 2736 660 2798 Peulo
711 2739 829 2801 ὸοπαηι
844 2739 967 2814 mittete,
993 2739 1205 2816 puerilitati,
1230 2735 1289 2799 eidi
1309 2738 1406 2800 illici·

73 2840 202 2897 uxorem,
217 2824 269 2882 vel
283 2822 403 2902 quondo
416 2824 494 2884 hanc
505 2823 661 2903 epistolem
710 2832 778 2886 tum
792 2826 877 2902 feeit.
899 2824 987 2886 Heee
1000 2825 1062 2897 ille,
1077 2833 1108 2886 et
1121 2825 1242 2905 quidem
1255 2842 1294 2885 ex
1308 2826 1406 2906 ipsius

73 2915 95 2982 t,
111 2927 148 2967 eo
164 2907 246 2988 quud
262 2907 342 2969 dicet
357 2929 422 2989 eep.
439 2914 468 2972 9.
498 2909 661 2986 Numquid
710 2911 800 2973 Peuli
829 2913 995 2987 seutentie3
1029 2914 1085 2991 qui
1114 2912 1174 2973 elio
1204 2910 1269 2971 loeo
1297 2911 1406 2974 viduos

73 2994 201 3056 αὺωιω
220 3002 408 3072 potestatem
429 2996 594 3057 mulierem
609 3015 660 3056 eo·
710 2996 857 3078 quendem
872 3016 932 3057 non
947 3018 981 3059 ee
995 2999 1186 3071 continentes,
1205 2996 1337 3077 ideoque
1350 3018 1404 3059 uu·

81 3083 362 3144 cireunrdeecnds'?
395 3083 447 3144 rel
461 3084 551 3143 etism
566 3083 660 3143 multo
709 3084 781 3145 bere
795 3084 949 3159 volentes,
967 3085 1151 3147 demuetioni
1164 3087 1339 3162 pronuntiet
1353 3085 1404 3145 ob·

73 3174 92 3228 rt
108 3170 160 3249 qui
175 3170 206 3230 in
221 3170 353 3248 epistole
363 3168 404 3229 ed
416 3169 526 3249 Philip.
542 3172 571 3230 4.
587 3188 660 3229 uxo-
709 3170 832 3242 noxius,
857 3188 893 3230 eo
907 3169 990 3249 quod
1010 3174 1153 3246 primm
1167 3170 1262 3246 fldem
1276 3174 1406 3231 initum

73 3274 128 3314 em
143 3256 325 3336 compellens
341 3255 434 3316 dicet:
458 3258 566 3316 Etiam
582 3274 660 3331 rope
708 3258 861 3335 fecerint,
888 3257 1051 3318 l'l'imctle.
1066 3258 1095 3318 5.
1118 3257 1197 3317 Nem
1212 3254 1299 3317 fidem
1314 3256 1405 3330 illem,

73 3359 206 3402 umens
220 3360 368 3418 cosoper,
392 3350 426 3402 nt
440 3342 485 3404 illi
499 3341 659 3422 legendum
709 3343 748 3404 de
763 3362 825 3424 qus
846 3343 990 3423 loquitur,
1016 3363 1077 3405 uon
1098 3343 1188 3403 eliem
1208 3360 1292 3417 esse,
1315 3363 1404 3425 quem

73 3425 154 3487 dunt
192 3426 282 3508 Ques
303 3428 362 3489 duo
382 3430 450 3490 loce
473 3449 561 3510 quern
585 3428 659 3489 nihil
709 3449 771 3510 qus
782 3448 851 3491 sese
866 3429 934 3491 Dee
949 3429 988 3491 sd
1003 3436 1177 3510 perpetuom
1193 3431 1405 3491 continentium

73 3536 79 3575 ι
103 3516 236 3594 opinioni
257 3518 500 3595 petrocinentur,
524 3514 659 3576 ostende·
709 3516 944 3591 obstrinxerunt,
972 3514 1163 3577 ostendemus
1192 3515 1224 3575 in
1253 3517 1319 3595 ejus
1347 3516 1405 3577 loci

73 3620 165 3681 quum
192 3620 290 3680 nsque
317 3601 355 3663 ed
382 3623 419 3663 es
444 3611 566 3664 rentum
593 3605 658 3663 erit.
709 3605 927 3665 commenterio.
954 3602 1021 3664 Nec
1035 3622 1108 3665 vero
1122 3610 1308 3683 praesentem
1323 3603 1404 3683 Apo·

75 3707 144 3748 unm
170 3696 203 3748 et
223 3688 314 3767 juxte
344 3689 557 3768 generaliorem
582 3689 661 3749 heuc
709 3689 778 3751 stoli
796 3688 893 3751 locum
908 3690 1012 3761 aliter,
1032 3708 1121 3769 quem
1144 3689 1223 3762 dixi,
1247 3689 1405 3751 intellexe-

73 3775 167 3834 ionem
175 3775 314 3837 vocabuli
324 3766 448 3852 ἄγαμοι,
457 3777 660 3854 uonineptum
708 3783 777 3837 runt
791 3783 892 3857 putres
909 3776 1056 3855 Gregorio
1071 3778 1199 3856 priores,
1225 3784 1258 3835 ut
1272 3776 1405 3856 Epipho-

73 3861 158 3920 >loco
174 3860 296 3921 ducitur
308 3872 515 3941 argumentum
531 3882 660 3943 proper
709 3863 776 3925 nius
790 3863 906 3925 heeres.
922 3865 971 3924 61.
987 3883 1066 3945 quse
1088 3870 1135 3922 est
1154 3861 1405 3942 Apostolicorum

73 3948 156 4008 l'euli
168 3950 360 4011 continentie.
384 3950 461 4010 Nem
474 3951 660 4029 quiuxorem
710 3948 916 4029 Chrysoetom.
939 3950 991 4013 lib.
1016 3949 1054 4010 de
1075 3948 1182 4027 virgin.
1202 3968 1268 4028 cup.
1286 3952 1335 4011 39.
1352 3945 1405 4026 (ed

88 4041 119 4093 et
141 4054 179 4094 ee
202 4055 273 4096 usus
293 4044 355 4110 eet,
385 4038 503 4098 etiamsi
525 4056 604 4097 nune
624 4054 660 4095 ee
710 4056 797 4116 quem
811 4036 921 4098 librum
943 4056 1029 4099 suum
1045 4037 1075 4096 in
1098 4034 1189 4113 hujus
1204 4035 1311 4113 cepitis
1327 4055 1403 4096 eom·

77 4129 111 4181 ct
124 4122 156 4181 in
172 4124 356 4183 continentis
371 4125 463 4196 vivet,
484 4124 510 4182 is
525 4122 659 4203 proiecto
709 4124 855 4185 monterio
884 4124 1026 4185 lectorem
1054 4116 1199 4197 remittit),
1225 4121 1403 4203 Hieronym.

81 4206 211 4269 idoneus
227 4208 413 4282 censebitur,
437 4210 489 4289 qui
512 4230 598 4270 suum
620 4207 659 4270 ed
708 4209 759 4269 lib.
778 4214 805 4271 1.
826 4219 931 4271 conus
952 4210 1058 4273 Joviu.
1083 4228 1149 4288 cap.
1165 4209 1193 4268 6.
1211 4208 1238 4267 7.
1254 4217 1284 4269 et
1298 4210 1327 4268 8.
1343 4208 1404 4270 Au·

73 4297 173 4356 eneam
198 4295 368 4375 exemplum
391 4297 584 4357 communitor
599 4315 659 4355 om·
708 4302 786 4374 gret
803 4295 842 4357 de
864 4298 943 4358 bono
963 4293 1070 4354 viduit
1085 4315 1151 4374 cup.
1168 4296 1197 4355 8.
1214 4295 1243 4353 9.
1259 4303 1292 4355 et
1308 4298 1357 4357 10.
1373 4303 1405 4357 et

73 4379 211 4441 >btendet
225 4383 366 4461 innuptis,
379 4383 468 4442 etiem
482 4383 659 4461 virginibus,
709 4381 746 4442 de
761 4384 879 4463 conjug.
897 4381 1022 4442 adulter.
1042 4381 1092 4440 lib.
1110 4386 1137 4442 1.
1153 4399 1220 4458 esp.
1239 4381 1287 4442 15.
1324 4383 1404 4443 Item

73 4467 205 4529 isdicet:
218 4469 261 4528 ite
272 4480 454 4547 permanete,
468 4470 545 4528 sicut
556 4478 658 4546 stege.
708 4468 886 4548 Fulgentius
901 4469 940 4529 de
954 4468 1014 4529 fide
1028 4467 1066 4529 ed
1082 4468 1204 4527 Petrum
1217 4487 1281 4549 cep.
1299 4474 1327 4532 3.
1350 4470 1403 4530 Se·

73 4555 151 4616 tuuc
164 4557 192 4615 si
202 4573 274 4615 nore
288 4575 319 4615 ee
334 4559 507 4628 coccineus,
526 4555 658 4615 nutant.
708 4553 806 4616 duliue
818 4557 850 4621 iu
861 4563 1019 4617 comment.
1035 4563 1068 4615 et
1077 4553 1210 4633 denique
1216 4556 1403 4628 Ambrosius,

73 4650 106 4718 st,
123 4640 241 4702 Greece
252 4635 480 4719 γαμησάτωσαν
492 4645 659 4702 matrimo-
708 4662 761 4702 seu
776 4643 915 4722 quisquis
938 4651 1026 4703 enter
1044 4643 1075 4703 in
1097 4640 1173 4702 libro
1196 4641 1235 4702 ed
1257 4644 1403 4723 virginem

73 4729 269 4793 menemus.
292 4728 372 4789 Nem
390 4728 429 4789 de
443 4738 568 4810 utroque
582 4746 658 4790 sexu
707 4727 821 4808 lspsem
836 4748 903 4809 cup.
918 4731 948 4791 5.
972 4728 1052 4790 eme
1066 4729 1162 4809 liquet
1176 4748 1217 4790 ex
1231 4728 1291 4801 his,
1313 4748 1403 4809 quem

1128 4826 1198 4893 81*
