3254 5190
342 282 503 339 muretus
520 284 725 339 menesteus
744 285 828 343 sm
848 289 887 341 rs.
906 289 946 342 rs.
1313 295 1386 377 m

69 468 158 519 ertur
184 457 225 518 cd
248 459 344 519 tilium
367 479 454 521 suum
477 461 642 523 naturalem
690 463 800 524 delicet
814 465 969 543 utriusque
984 463 1090 542 populi
1113 463 1145 523 in
1167 483 1226 525 unc
1249 464 1387 543 angulari

69 546 203 606 nsolius
219 545 369 607 seeundse
390 566 538 627 personae
555 556 643 628 puter
689 548 789 630 lepide
815 548 934 611 Christo
961 550 1219 629 conjunctionem,
1245 558 1387 631 tunquam

69 631 135 694 inb
152 653 198 705 ou
214 651 276 712 que
291 652 346 693 nos
360 634 489 713 respicit
501 644 534 696 ut
550 634 641 714 odop-
689 637 800 716 puriter
815 644 987 696 vocatorum
1001 635 1042 695 ed
1056 637 1188 697 filiorum
1209 637 1270 698 Dei
1292 636 1384 716 sdop·

69 727 153 793 mr,
176 728 209 779 et
228 718 310 779 vites
332 719 511 799 spiritualis,
533 721 565 782 id
579 730 641 795 est,
690 725 817 796 tionem,
832 723 1008 802 praesertim
1024 743 1091 785 oum
1102 720 1302 785 edRomsuos
1315 721 1387 784 fide·

81 826 143 886 per
154 807 416 884 regenerationem
428 807 515 868 nobie
527 815 640 868 ructor.
688 809 751 881 les,
767 828 892 888 quorum
907 808 961 868 elii
976 808 1090 870 Judsei
1105 817 1207 882 erent,
1222 809 1386 889 cliigenti·

69 892 323 972 iternitssutique
337 893 641 956 totiTriniteticom-
689 895 750 968 les,
773 896 851 955 hunc
870 894 1028 974 epistolem
1052 894 1205 957 scriberet
1227 895 1317 955 Unde
1340 906 1385 957 est

69 988 110 1039 st.
689 992 721 1043 et
746 980 837 1041 iilud:
870 982 1001 1044 Judcco
1029 985 1173 1059 primum
1198 988 1228 1042 ct
1255 982 1385 1058 Graeco,

69 1065 496 1144 ›conjunxitApostolnsduo
509 1064 641 1127 vocubu-
689 1090 755 1149 cep.
773 1072 800 1127 1.
823 1076 856 1129 et
878 1069 906 1127 2.
930 1069 1020 1147 hujus
1042 1069 1199 1149 epistolas.
1228 1068 1277 1129 Ite
1298 1068 1388 1131 docet

69 1151 410 1230 nndemsignificentis,
423 1153 523 1228 Abba,
533 1161 640 1231 poten
692 1159 817 1235 August.
834 1153 885 1213 lib.
902 1152 940 1213 de
955 1155 1059 1234 spiritu
1075 1163 1105 1215 et
1120 1153 1208 1214 litere
1230 1174 1296 1235 ccp.
1321 1158 1387 1229 32„

73 1238 156 1300 iilud
164 1237 348 1299 Hebraicum
357 1247 413 1305 est
424 1259 479 1300 scu
490 1243 641 1319 potiusex
689 1251 721 1303 et
731 1261 818 1302 serm
833 1241 881 1301 13.
895 1239 934 1299 de
944 1241 1162 1322 verbisApost.
1171 1239 1386 1323 Competitque

69 1323 297 1386 ›Gbsldsicnm
309 1335 339 1385 et
349 1326 523 1405 Syriscum,
539 1335 641 1405 ΜΝ
690 1327 795 1390 eedem
809 1327 886 1388 rstio
901 1326 1044 1389 inlocum
1059 1326 1099 1389 ed
1114 1327 1182 1389 Gal.
1198 1329 1227 1387 4.
1252 1326 1336 1407 Quin
1353 1337 1385 1389 et

69 1432 181 1482 ecum,
197 1404 308 1489 πατὴρ.
330 1411 416 1473 Idem
430 1413 504 1474 iecit
518 1413 558 1474 ed
573 1411 640 1474 Gal.
688 1416 822 1477 Marcum
834 1415 895 1475 tels
906 1413 978 1494 quid
990 1415 1388 1496 escongeminstionespsc·

85 1519 158 1578 csp.
173 1502 201 1558 4.
213 1498 331 1558 Murcus
343 1519 463 1580 quoque
474 1499 640 1579 Evangelii
688 1511 771 1563 tasse
785 1499 974 1575 crediderim,
997 1523 1058 1563 non
1072 1500 1153 1581 quod
1169 1499 1307 1561 Christus
1323 1502 1385 1562 He·

84 1589 137 1647 14.
160 1592 305 1658 testetur,
327 1585 480 1647 Christum
506 1595 640 1647 orontem
689 1589 789 1650 breice
818 1594 850 1647 st
880 1586 995 1647 Graece
1023 1588 1144 1649 locutus
1173 1586 1266 1649 fuerit
1299 1608 1387 1651 erens

91 1671 205 1743 Abho,
227 1679 330 1746 pater.
356 1672 392 1733 Id
406 1693 479 1733 voro
495 1671 640 1752 Origenes
688 1682 811 1756 petrem,
827 1681 862 1734 ut
876 1672 944 1733 vuit
958 1683 1045 1735 sutor
1060 1676 1267 1736 commentarii
1277 1675 1386 1737 Hiero·

69 1767 203 1819 renutet
216 1758 328 1830 Ambr,
343 1760 453 1839 quibus
475 1759 638 1839 suffregen·
689 1781 779 1841 nymo
800 1759 945 1839 adscripti
965 1761 998 1822 in
1017 1760 1167 1835 Murcum,
1193 1764 1334 1841 quumvis
1355 1773 1388 1824 et

69 1847 186 1906 rentius
201 1854 231 1903 et
245 1844 442 1926 Stspnlensis,
465 1848 640 1925 interprete·
688 1850 819 1927 August.
831 1847 875 1907 its
889 1848 1001 1908 sentire
1015 1828 1136 1909 videtur
1146 1847 1200 1908 lib.
1216 1848 1247 1908 3.
1262 1847 1301 1909 ds
1315 1869 1384 1913 con·

69 1952 126 1993 um
137 1931 253 2002 volunt,
270 1932 366 2005 Abbs,
382 1932 462 2012 quod
477 1942 531 2005 est,
546 1941 639 2013 peter.
689 1954 766 1995 sens.
781 1933 932 2013 Evangeh
947 1953 1013 2014 cup.
1029 1936 1058 1994 4.
1082 1932 1144 1996 Sed
1158 1932 1387 2015 Evangelistsm

75 2018 209 2091 Graeco,
224 2028 318 2098 pater,
334 2040 393 2079 non
404 2020 539 2080 vocativi
551 2039 640 2081 cesus
689 2021 727 2081 de
742 2040 796 2081 sno
812 2018 981 2094 addidisse,
996 2014 1014 2079 ὁ
1037 2014 1151 2099 πατὴρ,
1167 2021 1211 2081 ad
1225 2024 1384 2085 intiman-

71 2105 334 2166 nominetivicum
346 2106 482 2179 articulo,
498 2098 638 2183 ὁπατὴρ.
689 2108 767 2167 dum
792 2106 896 2168 lectori
916 2115 1154 2169 recrementum
1176 2109 1325 2170 cmlssiec
1347 2129 1385 2172 ec

69 2213 104 2252 m
132 2191 166 2252 id
195 2212 255 2251 non
282 2193 445 2253 convincit
479 2193 640 2273 Frequens
687 2195 827 2258 Judacis
842 2201 872 2254 st
885 2194 1030 2269 pentibus
1044 2193 1254 2271 eclltesndos,
1277 2204 1311 2257 ut
1333 2196 1386 2258 ibi·

69 2288 79 2338 t
93 2280 127 2338 in
142 2280 384 2358 precationibus,
407 2287 438 2340 et
459 2280 587 2339 maxime
609 2281 641 2339 in
688 2281 756 2341 dem
770 2281 903 2361 loquitur
917 2283 1042 2360 August.

70 2410 80 2438 ,
101 2365 320 2426 nominativum
335 2386 388 2445 pro
403 2367 543 2427 vocativo
560 2365 640 2444 poni.
734 2369 782 2428 16.
805 2367 877 2443 Ipse
903 2369 988 2429 enim
1013 2371 1144 2444 spiritus
1170 2372 1386 2429 testimonium

69 2451 174 2512 elusis
184 2449 340 2512 Christum
351 2460 432 2513 oret:
445 2457 556 2529 Aones
566 2453 639 2526 Dei,
688 2454 794 2514 reddit
807 2455 937 2531 sptritrri
953 2463 1072 2530 nostro,
1100 2455 1188 2531 quod
1201 2474 1309 2519 mmus
1324 2455 1385 2531 tilii

69 2542 106 2599 tis
129 2546 265 2615 peccatu
290 2540 413 2600 mundi.
443 2537 534 2600 Certe
559 2537 640 2619 epud
687 2541 1386 2621 Dei.Docet,nontemerenecsrrogenternos,

69 2646 131 2706 esp.
151 2630 208 2695 11,
224 2633 256 2685 et
268 2625 352 2705 opud
366 2627 482 2687 Lucem
497 2646 562 2705 cup.
581 2625 638 2699 10,
688 2630 741 2708 qui
762 2646 818 2708 per
840 2625 993 2689 Christum
1016 2630 1115 2689 renuti
1137 2648 1255 2697 snmus,
1277 2628 1385 2700 iecere,

69 2715 148 2773 istus
160 2720 274 2791 petrem
286 2713 440 2793 alloquens
451 2713 639 2783 describitur,
687 2716 787 2776 Deum
795 2713 975 2794 appellando
984 2722 1107 2794 petrem,
1119 2736 1186 2777 cum
1197 2716 1228 2777 id
1239 2715 1386 2777 iscismus

69 2799 181 2859 ocsodi
207 2819 294 2873 essu,
323 2799 433 2861 deinde
466 2797 639 2862 nominandi
687 2801 755 2862 freti
773 2802 946 2862 testimonio
966 2801 1095 2879 Spiritus
1105 2802 1136 2864 S.
1149 2803 1384 2884 Quemqnsmin

69 2887 167 2955 icuio,
182 2905 290 2946 nomen
303 2889 397 2966 petris
413 2889 446 2946 in
461 2885 579 2948 Graeco
596 2886 638 2947 le·
688 2887 806 2950 Graeco
832 2907 893 2949 non
917 2886 1038 2949 sdditur
1071 2889 1222 2967 particule
1253 2889 1384 2951 esuum

69 2974 150 3035 Tele
166 2982 226 3043 est,
248 2972 330 3053 quod
344 2974 376 3034 in
390 2972 513 3054 psalmis
528 2965 546 3032 ὁ
560 2965 638 3040 θεὸς
686 2980 788 3051 enim,
812 2983 846 3035 ut
868 2996 926 3035 nec
947 2976 978 3035 in
1000 2975 1143 3055 Syrisce,
1165 2996 1221 3037 nee
1243 2977 1275 3035 in
1297 2985 1383 3037 textu

69 3061 208 3119 sescntive
224 3061 359 3134 sumitur,
374 3079 467 3140 saepe
482 3061 569 3119 etism
585 3060 637 3119 du·
687 3064 926 3123 commentatoris
942 3060 1043 3121 Ambr,
1068 3061 1188 3142 Quibus
1204 3071 1235 3122 et
1249 3082 1317 3124 mss.
1334 3084 1381 3123 oo·

69 3168 90 3220 s,
118 3155 153 3205 ut
167 3146 281 3206 Psslm.
297 3149 346 3207 21.
364 3149 415 3207 42.
432 3148 481 3207 62.
507 3145 639 3225 Quodsi
686 3148 767 3209 dices
778 3149 879 3209 Iastini
894 3168 954 3209 non
969 3150 1058 3227 psuoi
1075 3150 1274 3211 consentiunt
1291 3150 1383 3211 Porro

69 3255 87 3294 n
102 3232 244 3293 Hebraeo
259 3233 307 3292 hic
321 3233 485 3312 sdJecisset
498 3234 564 3294 loco
588 3251 638 3292 ex·
686 3234 806 3296 Graece
819 3236 865 3296 sic
879 3234 1007 3315 hebent:
1023 3228 1097 3295 αὐτὸ
1120 3229 1155 3294 τὸ
1172 3237 1291 3313 πνεῦμα
1306 3252 1383 3313 συμ-

69 3323 107 3393 is,
123 3320 353 3400 interposuisset
367 3312 385 3377 ὃ
401 3310 476 3394 ἐστὶ,
490 3319 575 3396 quod
584 3327 637 3391 est,
686 3323 835 3399 μαρτυρεῖ
859 3331 914 3384 sto
939 3320 1000 3381 Ubi
1014 3322 1142 3401 primum
1154 3322 1309 3394 stimuum
1323 3342 1384 3383 non

69 3408 103 3469 le
118 3405 201 3487 quid,
214 3416 248 3466 nt
262 3407 295 3466 fit
307 3406 386 3477 elibi,
399 3407 482 3467 velut
493 3407 589 3467 hier-ci
600 3410 638 3465 7.:
686 3419 768 3469 recte
784 3407 943 3469 Emmum
954 3416 984 3468 ct
995 3408 1071 3469 elios
1082 3407 1238 3490 quosdam,
1256 3428 1324 3470 eum
1336 3430 1382 3471 se·

70 3503 120 3569 ta,
136 3495 223 3570 qood
235 3502 288 3568 est,
305 3495 483 3570 adaperire.
685 3504 785 3567 cutos,
811 3504 930 3557 vertere
953 3493 1108 3557 mduisse:
1133 3496 1218 3557 idem
1237 3498 1378 3574 spiritus,

69 3579 185 3643 moinde
199 3580 302 3641 dicunt
316 3600 384 3641 esse
400 3580 637 3660 conduplicscio·
685 3602 740 3663 pro
756 3602 809 3650 so,
832 3580 912 3663 quod
927 3590 1029 3642 noster
1044 3581 1139 3653 dixit,
1165 3585 1229 3658 ipss
1244 3585 1384 3659 spiritus.

69 3667 230 3739 ebraicam,
253 3687 313 3748 que
336 3669 523 3746 significetur
547 3667 636 3726 vehe-
685 3669 757 3729 Non
768 3668 848 3728 euim
863 3667 982 3729 Graece
996 3678 1042 3729 est
1058 3661 1094 3728 τὸ
1106 3661 1181 3728 αὐτὸ
1189 3714 1200 3746 ,
1216 3669 1313 3737 idem,
1329 3669 1384 3732 ssd

69 3755 163 3815 iectus
178 3756 325 3815 orontium
340 3753 468 3814 filiorum
484 3755 553 3814 Dei.
577 3753 638 3813 Sed
686 3748 768 3815 αὐτό.
783 3755 862 3815 Nem
878 3749 1060 3835 sequensei
1075 3757 1298 3836 praepositivus
1312 3759 1380 3817 erti-

80 3841 239 3912 orstione,
263 3860 353 3920 quem
375 3842 462 3901 nobis
488 3842 638 3901 Dominus
685 3843 770 3902 culus
782 3840 974 3902 estvocehuli
985 3843 1113 3919 πνεῦμα.
1128 3843 1179 3904 Sic
1190 3837 1307 3905 et'iniru
1315 3864 1382 3905 ver·

69 3928 147 4009 psit,
171 3948 230 3986 non
246 3927 392 3987 hebeetur
409 3930 466 3988 iste
481 3926 635 4007 condupli·
685 3949 720 3989 su
736 3931 803 3990 uh:
813 3929 875 3993 sed
890 3931 957 4004 ipse
972 3932 1103 4004 spiritus
1115 3932 1267 4007 postolat.
1279 3930 1341 3991 Ubi
1353 3940 1383 3990 et

69 4014 203 4093 dentque
220 4035 257 4074 ee
273 4013 311 4072 sd
325 4015 490 4093 emphasim
502 4016 575 4085 tisri,
591 4033 634 4074 re·
684 4017 828 4076 Erasmus
843 4014 944 4088 vertit,
960 4019 1025 4092 ipsc
1036 4018 1178 4094 spiritus,
1193 4015 1276 4096 quod
1288 4015 1381 4078 Grue-

69 4120 168 4163 rorsus
184 4100 289 4161 eodem
305 4101 469 4174 vocabulo,
496 4109 545 4160 ut:
569 4102 637 4160 Do·
685 4122 721 4162 ee
738 4110 792 4170 est,
808 4093 881 4160 αὐτὸ
895 4094 931 4160 τὸ
946 4102 1073 4179 πνεῦμα.
1107 4103 1197 4178 Vide,
1211 4123 1288 4184 quse
1302 4101 1383 4164 dictu

69 4190 189 4249 tumim
195 4210 208 4264 ,·
223 4189 417 4262 Jcmsalem,
433 4188 637 4266 Jerusalem
685 4188 723 4248 ed
741 4186 814 4249 illud
828 4208 894 4267 cup.
910 4189 1090 4269 superioris:
1114 4192 1219 4264 Ipiter
1237 4207 1294 4265 epo
1314 4192 1382 4266 ipss

69 4295 155 4337 enon
171 4275 219 4348 fit,
240 4295 299 4334 non
315 4276 392 4333 enim
408 4276 451 4334 sit
464 4275 562 4344 Abba,
576 4275 637 4334 Ab·
684 4282 789 4336 mente
811 4282 866 4336 etc.
900 4274 1143 4348 Feteortemen,
1165 4277 1307 4337 insensu
1322 4297 1381 4338 uon

69 4368 158 4443 peter,
174 4372 271 4440 peter,
288 4359 343 4420 scd
360 4361 459 4436 Abba,
475 4369 578 4438 pater.
685 4381 753 4423 esse
767 4382 906 4442 megnum
919 4360 1089 4422 discrimen.

69 4470 95 4509 to
106 4450 203 4527 magis
216 4447 377 4507 verisimile
390 4448 474 4507 nobis
487 4458 541 4518 est,
554 4448 635 4528 quod
729 4448 820 4527 Quod
844 4449 977 4529 sequitur
1004 4450 1236 4526 συμμαρτυρεῖ,
1260 4452 1381 4532 proprie

69 4556 122 4597 ous
137 4534 228 4607 dicit,
251 4534 429 4614 Apostolum
445 4537 636 4612 conjunxisse
684 4544 770 4596 sonet
792 4534 1055 4611 wutsstifiectur,
1084 4545 1117 4596 ut
1138 4535 1178 4596 ed
1202 4535 1324 4599 verbum
1339 4539 1381 4597 its

69 4622 234 4685 Hebraeum
260 4642 327 4680 cum
355 4622 487 4693 Graece,
513 4632 636 4702 propter
683 4632 796 4683 vertes:
812 4624 885 4700 lpse
899 4625 1030 4699 spiritus
1043 4622 1292 4699 contestificatur
1313 4626 1380 4701 spi·

83 4718 119 4771 st
131 4709 284 4790 gentilem
298 4705 337 4767 ud
352 4707 579 4790 significandum
591 4711 634 4769 vi·
683 4712 762 4770 ritui
778 4717 887 4772 metro
894 4754 904 4786 ‚
922 4709 1007 4787 quod
1021 4727 1128 4773 tumus
1142 4710 1205 4787 lilii
1220 4712 1289 4773 Det.
1306 4712 1378 4793 Qui·
