3254 5190
505 276 669 333 merosus
686 276 726 331 m
744 276 897 332 nouenos.
913 274 999 331 im.
1023 275 1049 329 5.
1428 281 1500 352 307

64 466 92 516 ut
104 474 226 517 cumcun
236 472 324 517 suum
334 455 527 536 cesligureut,
541 452 642 517 Deum
653 453 757 537 placa·
805 455 919 536 quique
933 448 1085 518 suumboc
1096 452 1206 534 dogma
1213 454 1327 533 passim
1339 456 1419 515 inter
1428 451 1501 514 ilde·

62 549 128 615 rcut,
156 541 251 603 robus
278 542 389 603 divinis
412 550 564 604 vacarent
601 543 688 604 Haec
709 560 755 603 rc·
803 541 849 602 les
875 541 1134 618 disseminabantq
1164 562 1224 603 non
1249 541 1289 601 de
1315 543 1359 603 eis
1385 539 1502 600 diceret

61 629 179 711 pontio
194 648 257 690 nou
270 629 380 710 placet
405 628 482 690 Nem
494 627 687 690 manifestum
703 637 755 703 est,
803 627 986 709 Apostolus:
1017 630 1237 709 Unusquisque
1259 631 1298 689 in
1324 645 1382 690 suo
1408 644 1502 688 sensu

60 715 236 797 Apostolum
249 714 424 781 strennue
438 733 567 777 errorem
576 718 613 792 ei,
628 718 682 797 qui
696 715 755 776 dis·
804 715 961 777 abundet.-
987 718 1102 799 quippe
1117 735 1193 799 quos
1208 713 1280 776 alibi
1294 724 1438 794 tauquam
1452 731 1499 772 se·

61 800 167 862 creuit:
190 802 267 882 qula
280 809 372 863 vocat
386 820 456 862 eum
470 802 620 863 infirmum
643 805 674 863 in
689 801 755 877 fide,
804 801 943 863 ductores
958 808 988 862 st
1003 821 1137 865 errorum
1152 804 1310 883 magistros
1333 801 1443 862 acriter
1457 800 1500 858 in·

61 887 755 963 sdiciteumsctndalissrietooutristerlclio
804 896 948 963 sectatum
971 896 1007 948 ut
1027 890 1058 950 in
1081 890 1180 971 Epist
1203 888 1243 950 ad
1258 887 1320 948 Tit.
1337 891 1375 960 1,
1398 886 1446 946 cui
1469 891 1501 944 et

62 996 111 1036 nou
126 972 331 1036 dumento.
802 976 951 1056 praecipit
965 973 1083 1037 dicens:
1105 979 1243 1053 lncrepo
1265 975 1336 1035 illos
1351 972 1442 1046 dure,
1463 978 1501 1031 ut

96 1059 235 1123 Proinde
248 1060 497 1143 respondendum,
513 1063 660 1145 imprimis
674 1060 755 1142 Apo·
802 1065 874 1123 soni
889 1064 1003 1122 sintin
1017 1063 1087 1140 fide.
1120 1063 1183 1124 Cur
1205 1069 1306 1122 autom
1327 1068 1358 1119 et
1373 1058 1499 1120 Galatis

61 1147 164 1209 stolum
189 1146 276 1229 loqui
290 1167 351 1210 non
372 1147 412 1209 dc
427 1167 608 1230 quacunque
629 1149 756 1209 materis
802 1146 843 1209 od
856 1149 992 1209 instituta
1006 1148 1142 1210 Judaica
1162 1148 1301 1229 delapsos
1323 1145 1403 1207 idem
1418 1145 1497 1223 Apo

61 1234 223 1316 religionis,
244 1233 300 1295 uel
315 1232 354 1294 ie
368 1253 401 1295 re
414 1237 576 1315 praesenti,
592 1235 624 1296 id
639 1243 694 1308 ert,
716 1233 755 1296 de
803 1234 899 1296 stolus
913 1243 999 1297 tauta
1011 1235 1167 1298 verborem
1179 1236 1343 1316 asperitate
1359 1231 1497 1310 castiget,

61 1319 172 1385 licum
193 1330 228 1381 et
247 1321 383 1382 ciborum
404 1320 573 1383 discrimine
592 1321 754 1383 secuudum
802 1330 836 1383 ut
849 1320 932 1382 dicet
953 1341 1005 1383 eos
1020 1323 1179 1387 translatos
1201 1323 1234 1382 in
1256 1317 1341 1380 aliud
1356 1319 1497 1393 Evange-

61 1406 153 1489 legem
167 1406 337 1469 Hosticum
352 1416 385 1469 et
398 1427 510 1470 morsm
531 1417 690 1490 paternum
704 1409 755 1469 ob
802 1408 882 1483 lium,
906 1416 942 1471 ut
966 1417 1058 1470 vocet
1077 1412 1245 1471 insensatos
1268 1415 1299 1467 ct
1324 1405 1497 1475 fascinatos,

61 1493 205 1556 mando
223 1493 276 1555 rel
289 1514 350 1555 non
364 1496 561 1556 obseruando.
592 1496 661 1557 Neo
676 1496 755 1557 euim
801 1503 896 1575 utque
911 1492 1035 1576 propter
1056 1494 1138 1557 illam
1160 1495 1289 1576 legalem
1309 1492 1425 1554 dierum
1444 1489 1496 1551 ob·

61 1580 521 1663 isqumtionejustificationis,
534 1583 756 1663 utrumexlege
802 1584 1004 1645 servationem
1019 1583 1099 1645 diost
1114 1585 1174 1645 eis:
1204 1584 1323 1658 Timeo,
1350 1599 1390 1642 ne
1412 1574 1498 1657 forie

61 1668 142 1729 itm
158 1686 202 1730 ex
215 1667 286 1744 fide,
308 1670 450 1731 dixisset:
482 1671 703 1748 Unusquisque
717 1672 754 1730 iu
801 1672 869 1731 sine
884 1688 982 1733 eausa
997 1670 1214 1733 loboraverim
1228 1671 1266 1729 in
1280 1668 1377 1744 voltu,
1394 1664 1496 1729 Galat

61 1774 110 1817 nso
121 1774 222 1818 sensu
236 1756 388 1830 abundet
408 1775 445 1817 ao
460 1756 499 1817 de
513 1757 582 1817 eliis
597 1755 753 1838 ejusmodi.
804 1762 831 1817 1.
848 1757 877 1816 3.
893 1760 935 1835 4.,
951 1777 989 1819 ee
1002 1759 1081 1820 ratio
1097 1765 1152 1832 est,
1174 1758 1246 1838 quia
1257 1755 1388 1816 Galatae
1402 1753 1498 1833 genti·

62 1842 103 1904 De
114 1842 232 1925 quibus
245 1846 379 1923 grunitu
394 1843 647 1925 Theophylsotus
659 1843 755 1924 Obry·
802 1845 846 1905 les
858 1854 953 1918 aaut,
968 1845 1075 1927 quibus
1086 1855 1122 1907 ut
1127 1847 1236 1925 jugum
1247 1843 1401 1905 Moesicae
1413 1839 1499 1919 legis,

62 1938 219 1991 nmmum
244 1941 380 1993 secutus:
406 1931 544 2010 Qresndo
570 1949 673 1992 senno
699 1937 754 2005 eet,
802 1950 894 2013 quam
910 1951 1065 2013 nunquam
1084 1939 1271 2013 acceperant,
1291 1933 1499 2011 imponeretur,

63 2018 159 2098 inquit,
175 2016 216 2076 de
232 2017 434 2094 doqmutibus
448 2019 497 2079 uel
512 2017 670 2096 doctrinm
686 2034 755 2079 non
802 2017 885 2082 nullo
900 2018 990 2080 modo
1003 2019 1160 2081 ferendum
1175 2027 1256 2093 srat3
1277 2039 1316 2079 ue
1330 2018 1382 2079 lex
1397 2016 1498 2077 couni-

63 2110 181 2180 oportet
205 2122 268 2166 nos
289 2107 428 2182 proprio
458 2123 551 2166 sensu
576 2104 754 2178 abundare,
802 2106 941 2167 ventibus
963 2106 1114 2189 Apostolis
1136 2107 1228 2167 etiam
1250 2104 1289 2165 ad
1311 2114 1417 2185 gentes
1432 2122 1500 2184 pro-

64 2191 633 2271 utquneocsepirnusflmniteetueri3
643 2196 755 2253 enom·
803 2200 924 2274 pagata,
946 2201 1105 2274 putaretur
1120 2190 1159 2252 ad
1174 2192 1300 2253 salutem
1317 2211 1384 2253 esse
1397 2209 1498 2252 noces·

64 2278 421 2355 iuduuqeiusecoeiis
431 2278 525 2339 eliud
541 2281 755 2357 praedicaret.
804 2281 899 2355 saria3
922 2279 1001 2362 quod
1022 2278 1272 2360 pseudoapostoli
1287 2277 1406 2339 Galatis
1431 2295 1499 2358 per·

99 2364 268 2427 Praetores
288 2364 417 2427 dicimus
440 2384 507 2426 cum
530 2364 756 2447 Obrysostomo,
805 2366 934 2428 suadere
957 2367 1139 2428 nitebantur.
1172 2365 1215 2425 At
1234 2365 1352 2439 infirmi,
1372 2366 1428 2444 qui
1441 2362 1501 2423 boo

65 2471 116 2513 nou
137 2449 172 2513 id
195 2452 279 2514 velle
292 2449 430 2526 Paulum,
452 2452 583 2513 infirmos
603 2453 672 2514 illos
687 2456 755 2515 eim·
804 2453 869 2514 loco
898 2452 1022 2514 tolerari
1051 2452 1201 2532 jubentur
1232 2453 1312 2511 inter
1339 2452 1500 2524 Romanos,

66 2538 176 2618 ph‘elter
202 2539 296 2600 animi
323 2539 370 2599 sui
393 2536 512 2618 judicio
581 2540 757 2602 rmitteudos
804 2539 917 2603 Judaoi
925 2549 1019 2615 crant,
1032 2541 1062 2601 iu
1071 2539 1282 2600 observatione
1293 2537 1371 2618 legis
1382 2547 1500 2618 patrum

67 2642 131 2699 uss,
151 2632 300 2707 tanquam
323 2625 356 2687 in
377 2642 411 2685 re
432 2625 481 2685 rel
506 2626 538 2685 in
559 2626 685 2688 ifferenti
706 2626 758 2688 vel
805 2647 925 2689 suorum
940 2647 960 2687 s
975 2624 1130 2688 cunabulis
1145 2624 1274 2688 eduomi.

66 2709 203 2787 levicula3
230 2711 288 2773 red
312 2711 457 2790 temporis
479 2713 682 2775 maturitatem
706 2732 758 2775 ex·
846 2715 917 2777 Jem
927 2734 1001 2774 vero
1012 2733 1067 2795 pro
1077 2712 1194 2775 meliori
1205 2708 1411 2792 intelligentie
1419 2710 1499 2771 Pau·

67 2796 262 2878 mouendum.
299 2797 471 2859 Non-euim
491 2800 595 2860 statim
618 2820 654 2860 ac
668 2797 758 2862 simul
802 2801 886 2862 linae
917 2801 1086 2861 sententiae
1110 2800 1202 2881 paulo
1228 2801 1363 2879 pressius
1388 2816 1500 2879 expen-

66 2883 231 2947 srocsndos
246 2902 313 2946 esse
334 2883 431 2965 (quod
446 2884 511 2946 fieri
528 2907 587 2947 nou
609 2884 757 2968 potestis
804 2886 904 2949 denda
917 2887 1006 2949 nobie
1021 2895 1068 2948 est
1082 2886 1258 2968 significatio
1280 2885 1366 2946 verbi
1382 2884 1501 2958 Graeci,

67 2973 118 3033 π’·
140 2972 300 3035 mureti·
322 2971 590 3044 observationibus,
618 2994 656 3034 ne
676 2973 758 3033 forte
803 2994 858 3056 pro
874 2993 937 3055 quo
952 2993 1007 3035 nos
1021 2973 1151 3053 legimus
1171 2972 1320 3033 abundet.
1354 2972 1501 3033 Budaeus

66 3056 169 3119 temeti
180 3057 376 3119 retrocedant
386 3078 423 3118 ac
433 3057 576 3120 deserent
586 3060 674 3121 iidem
691 3079 756 3121 sus·
803 3060 925 3142 quidem
940 3061 972 3121 in
994 3061 1206 3121 commentario
1228 3060 1350 3139 linguae
1365 3057 1502 3119 Graecae
1592 3110 1595 3115 .

65 3154 192 3224 copem
207 3143 263 3205 sed
278 3143 318 3205 ad
333 3153 449 3224 tempus
463 3144 645 3220 tolerandos,
664 3154 757 3227 etque
802 3147 928 3209 verbum
954 3142 1204 3224 πληροφοροῦμαι
1229 3144 1297 3206 vult
1321 3144 1401 3206 idern
1425 3164 1500 3219 mse,

64 3230 204 3309 qsuletim
226 3231 417 3293 instruendos
443 3232 574 3312 plenius.
613 3233 704 3313 Quod
726 3240 757 3294 et
804 3232 886 3314 quod
899 3241 1094 3310 compertum
1106 3233 1216 3307 babeo,
1233 3234 1401 3292 certissime
1412 3235 1499 3293 novi.

63 3313 167 3381 hum
188 3324 238 3381 est
261 3336 355 3398 opera
376 3317 597 3398 Apostolorum,
623 3340 684 3381 uon
697 3320 757 3379 Ro·
802 3322 846 3383 Et
867 3321 1010 3381 Essemus
1033 3321 1064 3379 in
1086 3321 1280 3380 annotatione
1302 3336 1394 3399 super
1414 3337 1501 3399 prae·

64 3423 121 3467 mc
134 3414 257 3466 tautum
273 3412 305 3464 st
317 3424 373 3485 per
388 3403 454 3465 loca
469 3405 632 3485 gentilium,
652 3425 757 3466 verum
802 3407 917 3468 satione
960 3405 1121 3485 Evangelii
1169 3403 1333 3467 secundum
1375 3406 1499 3478 Lucam,

66 3492 149 3553 cium
164 3489 385 3570 Jerosolymia3
408 3490 470 3565 ubi,
493 3494 570 3552 sicut
586 3495 688 3554 Actor.
705 3494 756 3553 21.
804 3490 1025 3570 πληροφορεῖν,
1047 3493 1173 3572 exponit
1184 3492 1318 3569 plenam
1337 3493 1444 3570 faeere
1460 3492 1500 3569 fl·

65 3574 179 3660 legitur,
200 3596 241 3639 ex
262 3576 393 3639 iudaeis
414 3578 536 3661 plurimi
560 3581 591 3640 in
606 3578 758 3641 Christum
805 3581 884 3640 dem.
929 3580 971 3639 Et
996 3580 1085 3659 hujus
1113 3578 1250 3641 verbalia
1278 3572 1498 3657 πληροφορίαν,

65 3662 265 3740 crediderant3
300 3665 757 3726 uitamenomneserantsemu·
804 3673 924 3727 certam
946 3665 1058 3742 fldem,
1087 3686 1167 3747 quoe
1188 3665 1221 3725 fit
1242 3668 1427 3746 argumentis
1449 3673 1503 3724 sut

64 3749 172 3813 bures
182 3751 271 3829 legis
278 3684 516 3812 Ql'olcrabuntur
527 3761 626 3813 autem
638 3751 676 3812 ed
688 3760 759 3812 tem·
805 3772 839 3813 re
861 3752 1004 3827 exhibita,
1027 3761 1056 3814 et
1078 3744 1320 3830 πληροφόρημα,
1346 3751 1428 3833 quod
1447 3771 1502 3811 nos

65 3856 123 3917 pur,
146 3856 218 3898 cum
238 3837 277 3898 ob
299 3839 445 3898 rationem
468 3848 670 3912 memoratam,
696 3847 758 3899 tum
805 3838 899 3919 vulgo
915 3838 1041 3901 dicimus
1056 3838 1323 3916 certificationem
1356 3838 1427 3898 Huc
1441 3838 1502 3917 pri·

67 3924 98 3985 ob
110 3925 316 3985 reverentiam
330 3925 482 3985 Moesicae
496 3925 581 4004 legis,
600 3937 695 4006 utque
710 3944 759 4005 sy·
806 3947 886 3986 mum
900 3924 1050 4006 allegatur
1061 3925 1136 3986 illud
1149 3926 1238 4006 hujus
1250 3925 1417 4005 Epistolae,
1433 3942 1502 4003 cap.

66 4029 181 4092 uegogu
204 4028 274 4070 cum
299 4011 412 4072 honore
428 4011 629 4092 sepeliretur.
670 4010 760 4091 Quae
808 4018 847 4089 4,
860 4013 1044 4089 plenissime
1059 4015 1166 4074 sciens.
1200 4011 1325 4085 Graece,
1344 4006 1503 4088 πληροφο·

67 4099 149 4159 dim
171 4116 268 4158 eausa
288 4097 355 4174 iuit,
378 4105 411 4157 ut
433 4106 463 4158 et
484 4101 543 4178 ipsi
558 4098 703 4180 Apostoli,
730 4104 761 4158 et
808 4092 926 4177 ρηθείς.
961 4099 1039 4161 Item
1053 4098 1136 4180 quorl
1153 4101 1183 4160 in
1197 4106 1364 4159 memorata
1386 4095 1504 4178 praeia-

67 4183 141 4246 inter
161 4183 220 4244 bos
243 4182 369 4260 Paulus,
393 4183 515 4246 infirmis
536 4185 679 4247 fratribus
695 4196 762 4246 sese
808 4186 939 4246 tiunoula
952 4187 1068 4267 legitur,
1085 4205 1167 4263 quae
1182 4189 1218 4247 in
1229 4184 1505 4261 nobiscompletce

66 4270 333 4342 ammodum,
353 4270 405 4333 ubi
421 4270 505 4332 locus
529 4280 560 4334 et
574 4281 692 4354 tempus
708 4290 760 4352 po·
808 4280 884 4334 sunt
892 4290 1011 4349 rerum,
1023 4273 1149 4344 Graece,
1161 4274 1221 4330 τῶν
1230 4260 1505 4350 πεπληροφορημέ-

68 4356 225 4433 tahbsnt,
239 4356 352 4439 legalia
366 4358 468 4419 adbuc
482 4358 681 4434 observarent,
705 4359 762 4421 etei
810 4376 869 4417 νων
884 4351 915 4417 ἐν
930 4351 1007 4438 ἡμῖν
1023 4350 1222 4438 πραγμάτων.
1250 4357 1342 4438 Quod
1357 4359 1400 4418 ita
1413 4358 1507 4418 vertit

68 4445 231 4518 tutisn'mi,
245 4463 280 4505 ss
294 4445 333 4506 ud
350 4462 388 4506 ea
403 4466 463 4506 non
477 4446 582 4507 teneri.
811 4445 952 4525 Origenie
985 4448 1130 4528 interpres
1159 4440 1320 4520 (Ruffinum
1349 4438 1506 4518 arbitror):

104 4529 320 4611 Quaererem
335 4531 375 4592 srl
390 4551 443 4593 eos
458 4534 576 4607 attinet,
599 4533 652 4613 qui
672 4533 763 4613 perti·
810 4535 944 4611 quaein
964 4534 1057 4594 nobis
1069 4533 1323 4609 manifestissime
1342 4541 1417 4593 sunt
1432 4547 1506 4606 coq-

71 4620 182 4681 uerter
203 4618 335 4681 rotinere
358 4618 501 4681 volebant
520 4620 655 4681 ciborum
680 4638 764 4679 mun·
811 4622 910 4693 uitae,
921 4628 1110 4699 compertae,
1120 4626 1279 4680 emensae:
1292 4620 1379 4696 quod
1385 4626 1504 4693 comm,

72 4701 173 4767 iorum
201 4712 297 4789 etque
332 4704 550 4769 immundorum
584 4704 766 4783 enormius,
812 4705 917 4788 inquit,
940 4709 1014 4769 uno‘
1035 4706 1134 4770 verbo
1157 4706 1278 4769 tonum
1306 4722 1410 4767 sermo
1437 4720 1507 4768 non

1233 4803 1302 4874 202
