3254 5190
479 284 870 341 mummnmmuruos.
904 286 1032 341 emsa
1051 286 1075 338 a.
1451 292 1496 357 11

50 461 183 521 alienum
211 469 258 520 est
285 480 305 520 a
335 460 550 524 consuetudine
578 463 751 541 scripturae,
800 464 867 540 filio
899 480 973 536 auo,
1005 465 1061 538 qui
1092 461 1199 538 factus
1232 469 1276 520 ert
1308 479 1346 523 eu
1379 461 1498 519 semiue

49 558 85 606 ut
104 546 223 628 aliquid
253 546 366 607 iachim
396 549 511 608 dicetur
539 556 610 610 tuno
632 547 751 628 quando
801 548 928 621 David,
969 552 1023 624 qui
1049 548 1305 624 proedestinatus
1342 554 1386 607 eet
1415 546 1500 622 filius

53 720 164 781 dicitur
184 719 268 780 Hah.
295 726 321 779 1.
362 723 467 783 Tanto
496 722 610 782 melior
632 723 754 796 capelia
802 729 904 782 nostra
934 722 1080 780 versione.
1125 721 1203 780 Nam
1232 722 1307 780 haec
1341 720 1440 781 omnia
1469 719 1500 778 in

55 808 187 885 effectus
803 807 920 868 Graeco
953 807 1087 885 ejusdcm
1117 826 1204 866 casus
1239 815 1323 879 sunt,
1355 805 1500 886 genitivi3

93 892 219 954 Deinde
251 901 281 953 et
312 895 461 973 regeritnr
495 894 630 974 objectio.
676 895 754 954 Nam
803 904 833 954 et
853 894 962 954 Latine
985 914 1040 973 per
1060 893 1224 954 ablativum
1246 893 1332 973 reddi
1353 899 1500 973 poterant,

55 999 107 1039 sec
129 999 262 1060 nsquam
285 980 316 1038 in
343 982 498 1061 scripturis
525 981 604 1041 idem
629 981 755 1041 verbum
803 982 861 1040 hoc
881 979 987 1039 modo:
1011 983 1059 1040 De
1074 981 1141 1056 {ilio
1157 998 1213 1039 auo
1227 982 1315 1057 facto
1331 999 1368 1040 ra
1383 981 1500 1039 semiue

55 1059 167 1140 ὁρίζειν
183 1067 335 1144 siguificat
348 1067 592 1147 praedestinare;
611 1088 667 1128 nec
683 1087 755 1128 vero
805 1067 930 1140 Dauid,
954 1067 1115 1127 declarato
1127 1066 1194 1141 lilio
1207 1069 1268 1127 Dei
1282 1071 1312 1129 J
1312 1085 1365 1126 esu
1377 1066 1500 1127 Christo

56 1155 199 1233 interpres
230 1172 357 1233 usquam
385 1154 457 1214 alibi
491 1155 534 1213 sic
572 1156 673 1215 vertit:
703 1153 756 1214 sed
805 1157 945 1214 Domino
962 1161 1077 1213 nostro.
1101 1153 1186 1212 Haec
1201 1153 1379 1213 constructio
1396 1151 1498 1229 Syria-

58 1239 237 1319 ubicumque
259 1248 346 1300 extra
368 1240 446 1300 hunc
469 1240 567 1300 locum
588 1239 755 1321 praedesti·
805 1261 859 1300 cae
882 1241 1011 1299 versioni
1042 1248 1241 1299 consentanea
1264 1246 1318 1299 est.
1363 1237 1501 1298 Eandem

59 1346 124 1386 utre
160 1327 307 1406 legimus,
345 1325 463 1387 Graece
499 1337 545 1386 est
578 1321 756 1405 προθρίζειν.
806 1327 910 1398 Valla,
933 1327 1133 1405 stapulensis,
1163 1325 1327 1403 Cajetanus
1350 1335 1380 1385 et
1401 1324 1501 1403 plures

61 1413 197 1492 Denique
230 1433 292 1472 non
321 1413 417 1472 solum
441 1411 601 1493 Origenes,
630 1416 695 1475 sive
726 1416 756 1473 in
806 1414 858 1472 alii
880 1412 1020 1491 probant3
1043 1433 1104 1472 non
1126 1413 1277 1472 abnuente
1299 1415 1440 1472 Erasmu:
1468 1420 1503 1470 ut

62 1500 120 1575 ejus
137 1500 353 1559 commentario
371 1499 516 1560 vertendo
531 1501 674 1574 Ruffinus,
697 1502 755 1579 sig·
806 1499 924 1579 quidem
954 1502 1044 1559 etiam
1078 1500 1151 1559 mihi
1186 1499 1348 1578 probabilis
1376 1497 1501 1557 videtur.

64 1586 227 1645 nificatione
256 1585 412 1663 distinguit
445 1587 518 1646 haec
552 1587 610 1647 duo
644 1581 756 1663 ὁρίζειν
805 1587 902 1646 Juxta
924 1606 1012 1665 qnam
1026 1586 1075 1645 hic
1089 1584 1205 1644 domum
1222 1587 1361 1666 exprimit
1374 1586 1502 1663 Aposto-

64 1688 87 1731 θ
105 1666 299 1749 προθρίζεῖνε
321 1692 425 1730 verum
448 1675 538 1732 etiam
560 1674 589 1734 S.
606 1674 756 1753 Hierony·
805 1673 852 1731 lus
874 1693 983 1732 nomen
1004 1673 1154 1752 proprium
1177 1673 1256 1750 ejus,
1280 1673 1317 1732 de
1340 1692 1398 1752 quo
1421 1671 1503 1752 loqui

66 1778 118 1817 nus
132 1760 241 1819 horum
264 1759 425 1819 discrimen
445 1759 534 1819 uadit
549 1761 576 1821 in
594 1760 756 1821 comment
806 1766 942 1838 ceperat,
973 1758 1092 1832 dicens,
1126 1759 1163 1817 de
1192 1760 1260 1836 filio
1289 1778 1363 1835 suo,
1399 1756 1501 1818 addito

68 1847 140 1924 epist
164 1845 205 1904 ad
226 1845 341 1924 Ephes.
366 1865 520 1924 exponens
542 1846 616 1907 illud
639 1867 704 1927 cap.
730 1852 757 1906 1.
806 1844 968 1904 secundum
983 1865 1093 1904 morem
1109 1865 1193 1905 suum
1209 1848 1328 1906 nomine
1347 1845 1501 1926 potestatis

69 1934 117 2010 Qui
135 1932 397 2008 praedestinavit
419 1952 476 1992 noa
498 1936 534 1992 ia
549 1935 757 2010 adoptionem
806 1952 896 2011 quum
908 1933 965 1991 ait:
988 1935 1129 1993 Domino
1147 1940 1268 2007 nostro,
1291 1932 1330 1993 de
1342 1951 1401 2012 quo
1412 1931 1501 2012 paulo

69 2019 207 2092 iliorum.
805 2027 875 2098 post
897 2017 1037 2079 dicemus.

99 2104 364 2165 Resurrectionem
380 2113 561 2166 mortuorum
573 2107 757 2186 interpretati
849 2109 877 2165 5.
901 2107 964 2164 Per
997 2124 1089 2182 quem
1115 2107 1291 2181 accepimus
1312 2108 1452 2181 pretium
1474 2110 1503 2163 et

70 2209 155 2250 umus
177 2193 431 2252 resurrectionem
453 2213 471 2250 a
488 2194 620 2262 mortuis,
643 2193 693 2252 vel
716 2214 754 2253 ex
806 2192 1027 2267 apostolatum.
1073 2191 1171 2271 Supra
1201 2212 1234 2252 se
1264 2191 1341 2252 dixit
1363 2200 1502 2250 vocatum

70 2278 185 2338 normis
234 2276 323 2356 Quae
345 2278 464 2356 phrasis
487 2279 629 2338 Hebraea
659 2288 705 2338 θεῖ
726 2280 758 2340 in
805 2278 991 2358 Apostolum.
1037 2278 1127 2338 Nunc
1165 2287 1298 2338 autorem
1339 2276 1503 2338 vocationis

71 2366 210 2443 seripturis
232 2365 445 2440 usitatissima,
474 2374 507 2424 ut
528 2386 546 2424 a
568 2367 691 2426 mortuis
712 2386 757 2426 re·
806 2365 953 2443 exprimit,
974 2363 1075 2423 dicens
1091 2384 1124 2423 se
1139 2365 1337 2443 apostolatum
1353 2365 1503 2443 accepisse

70 2468 178 2529 turgere
208 2450 349 2510 dicantur
378 2452 430 2530 qui
459 2473 478 2512 a
506 2461 599 2511 morte
633 2452 758 2512 redeunt
805 2471 858 2530 per
880 2450 1045 2523 Christum,
1076 2449 1106 2509 id
1130 2459 1191 2522 est,
1225 2449 1345 2511 Christo
1376 2457 1503 2508 vocante

69 2535 96 2594 sd
121 2539 225 2596 vitam.
266 2537 377 2597 Fateor
406 2557 478 2599 sane
512 2541 758 2600 resurrectionem
805 2546 897 2617 atque
929 2535 1099 2597 mandante.
1145 2541 1331 2613 Accepimus
1338 2583 1348 2614 ,
1383 2535 1414 2595 id
1448 2543 1503 2608 est,

70 2632 238 2685 normomm
260 2623 334 2684 alibi
356 2644 500 2704 nusquam
528 2626 656 2686 inveniri
677 2627 756 2706 posi·
805 2625 917 2703 accepi.
951 2624 1000 2684 sic
1015 2632 1112 2683 autem
1128 2624 1258 2705 loquitur
1272 2624 1321 2685 vel
1336 2622 1502 2684 modestiae

69 2718 116 2768 tm
147 2730 203 2790 pro
239 2713 455 2771 resurrectione
485 2732 504 2771 a
533 2713 672 2785 mortuis,
705 2713 757 2772 sed
806 2731 897 2770 causa
920 2705 1000 2786 (nam
1022 2711 1139 2790 species
1162 2712 1351 2790 arrogantiae
1375 2721 1418 2771 est
1440 2728 1503 2768 rem

70 2815 174 2875 semper
197 2799 297 2877 accipi
319 2797 439 2876 proprie
463 2820 517 2879 pro
541 2801 757 2860 resurrectione
806 2817 944 2876 magnam
964 2796 1020 2856 sibi
1036 2797 1227 2875 singulariter
1241 2793 1431 2872 adscribere),
1453 2795 1503 2855 vel

69 2902 156 2943 torum
177 2884 233 2964 qui
255 2885 362 2944 mortui
385 2895 477 2945 erant.
522 2883 611 2946 Unde
638 2885 757 2966 quidam
806 2883 886 2963 quod
909 2883 1001 2945 decor
1023 2886 1166 2944 sermonis
1189 2883 1221 2944 id
1244 2885 1384 2964 postulet

68 2971 303 3030 mancationem
326 2980 505 3031 mortuorum
521 2973 569 3032 hic
589 2973 758 3052 intelligunt
849 2971 1002 3030 Particula
1023 2978 1052 3029 et
1075 2972 1244 3050 expositive
1267 2973 1406 3044 sumitur,
1434 2989 1503 3029 nam

68 3052 167 3115 Christi
199 3065 233 3115 et
262 3055 403 3130 aliorum,
432 3079 506 3138 quos
534 3058 586 3119 ille
613 3079 632 3119 a
661 3068 757 3120 morte
807 3057 931 3136 gratiam
954 3057 1088 3137 appellat
1111 3061 1206 3137 ipsum
1233 3059 1441 3138 apostolatum,
1465 3056 1502 3115 si-

68 3144 224 3202 suscitavit.
249 3143 360 3202 Verum
368 3144 495 3206 arbitror
507 3146 618 3205 idcirco
629 3146 756 3207 Paulum
807 3152 857 3204 out
879 3152 908 3202 θῖ
930 3143 1009 3223 Eph.
1035 3149 1062 3205 3.
1087 3165 1154 3204 cum
1176 3147 1230 3204 ait:
1255 3147 1335 3206 Mihi
1358 3146 1502 3203 ornatum

67 3227 111 3288 loe
132 3230 201 3290 loco
227 3228 339 3290 dixisse
363 3240 572 3304 rrorraorom,
597 3241 702 3292 atrion
718 3253 757 3295 ex
806 3238 989 3291 sanctorum
1001 3233 1225 3291 minimodota
1241 3240 1284 3291 eat
1303 3234 1410 3306 pratia
1428 3233 1502 3288 baec

67 3320 208 3390 mortuis,
231 3337 325 3396 quum
349 3326 447 3378 temen
469 3339 528 3378 non
551 3318 634 3378 eliud
656 3319 755 3379 dicere
808 3327 863 3377 etc.
907 3318 1016 3396 ltaque
1047 3337 1151 3377 sensus
1186 3328 1245 3377 est:
1279 3320 1307 3376 A
1334 3338 1392 3399 quo
1426 3318 1504 3377 Jesu

66 3402 163 3475 vener,
186 3423 227 3464 ne
251 3402 388 3482 ejusdem
416 3407 645 3485 praepositionis
673 3426 756 3486 repe·
808 3402 926 3464 Christo
949 3403 1088 3463 collatum
1111 3404 1183 3464 mihi
1205 3413 1250 3465 est
1266 3407 1425 3482 gratuitum
1448 3405 1504 3463 hoc

66 3489 161 3550 itione
184 3510 355 3552 sermonem
377 3489 516 3552 redderet
539 3493 756 3563 inconcinnum,
806 3491 991 3563 beneficium,
1014 3489 1094 3570 quod
1111 3498 1157 3549 est
1170 3490 1373 3570 Apostolatus,
1397 3490 1427 3550 id
1450 3498 1503 3564 est,

65 3573 184 3638 mendo
209 3567 242 3641 ἐξ
267 3567 470 3646 ἀναστάσεως
492 3570 529 3637 ἐκ
551 3581 684 3655 νεκρῶν,
718 3600 758 3639 ex
807 3597 912 3638 munus
944 3597 980 3636 ac
1014 3577 1142 3655 dignitas
1175 3577 1347 3658 apostolica.
1395 3577 1504 3656 Neque

66 3666 274 3725 roeunectioue
304 3683 345 3722 ex
367 3667 498 3724 mortuis.
534 3666 675 3725 Erasmus
706 3666 757 3727 ob·
808 3666 886 3724 enim
909 3664 1095 3743 apostolatus
1119 3665 1236 3724 nomine
1253 3663 1363 3723 nudam
1378 3663 1503 3724 functio·

11 3760 14 3775 '
65 3752 228 3811 mritstem
250 3751 294 3809 ita
315 3759 437 3812 conam
453 3763 499 3812 est
513 3752 634 3812 tollere:
657 3755 709 3814 Ex
722 3773 757 3813 eo
807 3771 875 3810 nem
897 3752 1055 3831 apostolici
1072 3752 1201 3810 muneris
1225 3749 1393 3830 intelligere
1412 3750 1501 3811 debe·

65 3837 141 3911 quod
162 3840 353 3898 ressurrexit
376 3857 397 3897 a
418 3842 563 3899 mortuis.
806 3857 880 3909 mus,
903 3847 935 3897 ut
957 3838 1022 3897 vult
1037 3838 1195 3912 Erasmus,
1218 3837 1272 3897 sed
1291 3839 1385 3917 ipsam
1401 3837 1502 3914 hujus·

98 3923 170 3984 Jam
193 3922 277 4004 quod
297 3926 431 4004 sequitur
453 3930 534 3989 Jesu
551 3928 666 3987 Christi
686 3928 756 3987 Do·
807 3923 888 3984 modi
917 3924 1077 3985 functionis
1111 3923 1296 3984 exercendae
1327 3931 1504 4003 potestatem

64 4013 136 4070 mirri
151 4013 265 4072 nostri.
298 4010 441 4091 Plerique
462 4022 522 4072 tam
538 4009 647 4073 Giaeci
667 4032 755 4092 quam
808 4030 873 4070 eum
897 4011 1041 4090 dignitate
1064 4013 1266 4090 conjunctam:
1290 4010 1437 4092 quomodo
1460 4010 1503 4070 di·

63 4093 157 4158 Latini
184 4105 312 4158 nectunt
342 4117 408 4158 cum
431 4118 482 4172 eo,
511 4098 590 4180 quod
620 4100 756 4178 proxime
807 4105 888 4158 serto
910 4100 1108 4177 apostolatum
1131 4106 1285 4178 exponunt
1305 4096 1452 4175 Origenes
1475 4105 1505 4156 et

62 4187 224 4260 praecedit,
258 4192 351 4263 atque
381 4184 459 4244 hunc
489 4206 607 4246 sensum
638 4186 757 4258 faciunt,
808 4183 1049 4264 chrysostomus.
1094 4186 1170 4245 Nam
1195 4193 1224 4244 et
1240 4186 1429 4265 episcopatus
1452 4203 1502 4242 no·

63 4288 94 4328 ex
126 4271 351 4332 resurrectione
384 4272 460 4331 Jesu
495 4271 607 4332 Christi
636 4272 757 4332 Domini
807 4272 886 4332 mine
920 4273 950 4331 in
984 4293 1019 4332 eo
1053 4272 1134 4353 quod
1168 4272 1277 4331 dicitur
1315 4271 1395 4329 Psal.
1432 4271 1502 4332 108.

62 4360 147 4417 nomi
164 4381 183 4419 a
203 4359 337 4429 mortuis,
353 4357 501 4437 quomodo
516 4360 625 4419 Petrus
642 4359 758 4420 locutus
808 4361 1038 4434 Episcopatum
1050 4364 1116 4433 eius
1129 4362 1265 4434 occipiat
1283 4360 1375 4431 ulter,
1390 4366 1505 4418 constat

63 4452 102 4500 αῖ
130 4450 158 4504 1.
191 4445 291 4524 Epist
326 4450 353 4502 1.
402 4446 465 4503 Per
494 4448 758 4506 resurrectionem
808 4454 867 4504 tam
892 4466 930 4506 ex
954 4445 1070 4507 Graeco
1093 4446 1254 4518 vocabulo,
1286 4465 1344 4524 quo
1368 4445 1414 4503 usi
1436 4454 1504 4505 sunt

63 4532 134 4591 ἄιεν
158 4533 279 4593 Christi
301 4549 341 4592 as
362 4535 504 4591 mortuis.
538 4534 757 4592 Potesttamen
808 4533 984 4611 interpretes
999 4534 1089 4593 LXX
1112 4552 1198 4612 quam
1223 4553 1261 4594 ex
1279 4532 1429 4605 Hebraeo,
1453 4553 1504 4611 po·

62 4633 109 4692 per
136 4617 331 4699 hyperbaton
354 4615 485 4694 (schema
508 4619 604 4679 Paulo
633 4642 693 4681 non
715 4621 757 4679 in·
808 4627 945 4679 testatem
980 4640 1032 4680 seu
1063 4617 1295 4697 praefecturam,
1329 4637 1407 4702 quae
1439 4638 1504 4680 cum

61 4699 207 4788 iaqumu)
228 4705 341 4768 reterri
366 4703 407 4767 ad
436 4704 512 4767 illud
532 4709 689 4781 remotius,
719 4707 757 4770 de
808 4706 954 4789 dignitate
976 4709 1104 4788 geritur,
1127 4706 1296 4788 significari.
