3254 5190
373 248 537 321 remorsa
555 267 594 320 so
612 264 867 321 consensurus.
886 269 910 320 ι.
1289 276 1359 344 m

97 450 276 524 peccatum3
306 443 433 504 alterum
460 440 515 505 sub
541 442 617 523 lege,
664 446 800 504 cendum
814 448 1060 520 nonnooimm,
1077 445 1204 506 uiriles
1214 442 1361 506 dixisset}

68 528 241 590 atefaotum
256 529 321 602 fuit,
336 529 389 590 sed
405 529 482 591 adeo
498 551 559 590 non
571 549 616 589 sa·
664 533 737 591 Non
752 534 958 608 concupisces.
973 530 1059 592 Adeo
1066 552 1171 592 verum
1182 541 1238 603 est,
1248 532 1359 612 inquit,

69 618 186 696 >magis
201 618 290 676 etiam
305 626 426 678 auctum
441 616 541 690 luerit,
555 637 616 677 non
663 617 761 698 legem
777 617 937 678 ostendere
953 627 1124 698 peccatum,
1147 628 1182 677 ut
1203 619 1292 679 etiam
1310 638 1360 678 me

69 703 129 763 itio
140 704 231 782 legis,
248 703 301 763 sed
316 703 444 763 hominis
459 705 615 782 coucupis-
663 703 807 778 docuerit,
819 704 900 784 quod
910 705 1047 786 plerique
1059 706 1201 777 nesciunt,
1217 706 1360 766 latentem

68 790 151 850 sorbo
170 789 343 850 laborantis.
580 822 583 827 ·
663 792 693 851 iu
708 791 798 852 corde
813 793 1083 871 concupiscentiam
1106 809 1173 852 esse
1195 801 1360 871 peccatum.

82 886 189 936 autem
210 876 287 936 haec
308 876 398 937 Pauli
420 874 553 936 doctrina
568 895 615 936 ac·
663 876 919 959 Quandoquidem
934 886 966 938 et
981 898 1019 938 ax
1033 876 1162 939 Judaeis
1176 878 1277 951 multi,
1292 897 1360 939 aen-

68 964 95 1023 ri
118 965 211 1023 etiem
235 963 275 1023 ad
298 982 365 1036 eos,
391 964 445 1044 qui
467 964 524 1023 sub
546 962 616 1043 le'ge
664 983 727 1023 sum
743 964 822 1045 legis
840 973 1082 1044 corrumpentes,
1104 984 1162 1024 non
1179 965 1363 1045 reputabant

68 1068 124 1124 rou
140 1050 271 1122 fuerunt,
285 1050 336 1110 sed
348 1067 542 1131 quocumque
554 1069 614 1109 mo·
664 1070 697 1109 se
712 1070 854 1129 peccare,
871 1052 929 1111 uisi
945 1069 998 1131 per
1014 1070 1107 1130 opera
1122 1052 1258 1111 externe.
1281 1052 1370 1130 Sup-

68 1156 91 1197 ,ο
107 1136 186 1215 legis
202 1139 337 1197 notitiam
360 1144 554 1217 acceperunt3
581 1145 616 1194 ut
663 1135 806 1216 piendum
828 1139 937 1218 igitur:
961 1139 1233 1217 concupiscentiam·
1247 1139 1361 1200 nescia·

99 1225 271 1303 generatim
301 1243 369 1284 esse
398 1222 615 1302 intelligantur,
663 1224 730 1283 bam
746 1242 813 1285 esse
828 1233 997 1304 peccatum.

67 1327 98 1369 re
114 1321 264 1370 noverunt
282 1311 340 1370 Dei
356 1318 537 1390 praecepta,
558 1328 615 1371 nec
706 1309 836 1389 Quidam
867 1312 1073 1391 suspicantur,
1104 1310 1282 1390 Apostolum
1307 1308 1361 1370 iric

67 1407 181 1457 norant
196 1397 470 1476 transgressoribus
484 1405 615 1476 paratas,
662 1398 811 1476 respicere
827 1418 886 1458 nou
901 1396 940 1458 ad
956 1405 1119 1458 extremam
1135 1406 1249 1477 partem
1272 1396 1361 1457 decad

90 1504 154 1543 non
177 1483 306 1557 habent,
328 1485 437 1565 quibus
460 1483 614 1563 impleant,
662 1483 732 1563 logi,
744 1503 804 1564 qua
815 1484 992 1564 prohibetur
1003 1485 1247 1564 coucupiscentia
1257 1485 1359 1545 uxoris

67 1579 171 1649 scepta
186 1579 264 1630 sunt
276 1570 374 1632 Juxta
389 1590 478 1652 quem
494 1589 615 1631 sensum
663 1578 693 1630 et
707 1573 753 1630 rei
768 1570 902 1643 alienae,
925 1570 979 1630 sed
999 1570 1037 1631 ed
1052 1580 1250 1651 praecaptum
1263 1572 1361 1651 primo

66 1659 205 1736 uisqnam
220 1656 342 1718 adultus
357 1656 395 1718 ad
407 1660 532 1737 gratiam
543 1659 615 1717 novi
661 1657 774 1717 homini
790 1657 892 1718 datum
914 1659 946 1718 in
968 1656 1122 1730 paradiso,
1144 1656 1285 1718 Gen-2:
1304 1661 1361 1720 'De

66 1746 84 1804 i
99 1746 273 1825 pertinens,
297 1747 350 1826 qui
374 1767 433 1805 non
449 1743 613 1826 aliquando
662 1744 750 1819 liquo
765 1747 916 1806 adoneae
932 1745 1007 1804 bons·
1022 1751 1051 1803 et
1061 1745 1143 1804 moli
1153 1763 1193 1806 ns
1205 1747 1360 1806 comedas.

67 1852 130 1907 ,ac
145 1831 255 1892 deinde
271 1832 325 1891 snb
341 1832 410 1912 lego
432 1833 558 1905 vixerit,
580 1839 615 1890 ut
662 1832 781 1912 Estque
797 1851 833 1892 ea
849 1832 995 1892 sententia
1010 1830 1157 1892 Methodii
1172 1835 1314 1913 martyris
1330 1836 1361 1895 iu

66 1921 156 1980 stiam
172 1917 285 1978 Christi
300 1919 489 1998 perveniret;
512 1938 613 1998 quem·
662 1917 737 1978 libro
753 1918 791 1979 de
813 1921 1030 1978 resurrectione
1052 1917 1198 1978 adversus
1222 1918 1361 2000 Origeniz

66 2029 73 2066 ι
100 2005 192 2065 docet
215 2007 401 2085 Augustinus
424 2005 476 2065 lib.
487 2026 489 2031 ·
502 2009 551 2065 21.
576 2003 613 2064 de
662 2014 739 2074 stas,
755 2005 929 2085 Epiphanio
945 2006 1060 2065 nitente
1075 2006 1106 2065 in
1122 2004 1239 2066 haeresi
1255 2004 1359 2087 Orige-

66 2096 154 2171 icap.
175 2095 223 2152 16.
663 2092 806 2151 uistarum
822 2110 944 2152 numero
969 2092 1018 2152 64.
1049 2090 1109 2151 Sed
1133 2111 1199 2152 eam
1221 2093 1361 2171 rejiciunt

66 2177 93 2238 id
130 2187 246 2238 textum
278 2178 418 2256 Apostoli
447 2180 613 2238 veniamus.
661 2178 878 2258 Hieronymus,
900 2177 1132 2256 Chrysostomus
1155 2187 1185 2237 et
1207 2180 1276 2255 elii3
1302 2200 1358 2241 nec

72 2272 269 2342 :peccatum
281 2282 349 2324 non
362 2263 613 2341 coyoooiffirae·
662 2266 814 2324 immerito.
837 2264 916 2323 Nam
947 2266 976 2323 in
1008 2262 1061 2322 illo
1086 2275 1248 2346 praecepto
1274 2267 1358 2327 nulla

66 2368 140 2426 νων,
149 2351 305 2431 praeteriti
316 2349 468 2431 temporis)
480 2354 543 2412 nisi
554 2369 615 2427 per
662 2351 922 2430 concupiscentiae
937 2352 1056 2409 mentio.
1079 2348 1147 2410 Nec
1160 2370 1234 2411 vero
1249 2371 1303 2432 per
1323 2353 1357 2412 il·

65 2439 122 2499 lem
138 2447 184 2497 est
203 2436 425 2519 cumeo,quod
438 2436 615 2517 supradixit
661 2437 715 2497 lud
739 2440 767 2497 in
790 2437 894 2516 primis
918 2436 1088 2497 hominibus
1108 2438 1246 2498 suscitari
1260 2440 1358 2518 potuit

65 2544 113 2585 rer
127 2524 225 2598 leuem
234 2528 370 2599 counitio
382 2529 512 2601 peccati.
535 2523 614 2582 Nam
662 2525 909 2603 concupiscentia,
921 2542 1000 2602 quae
1011 2523 1142 2584 nondum
1154 2525 1262 2599 iuerat3
1274 2524 1354 2587 ideo·

65 2621 156 2672 astum
164 2609 248 2671 nullo
256 2610 343 2672 modo
352 2615 549 2691 cognoscitur,
557 2610 615 2671 nisi
661 2629 721 2691 que
757 2608 1004 2690 tranquillissime
1048 2619 1078 2670 et
1114 2609 1358 2674 obedientissime

65 2698 127 2760 sin
142 2716 256 2776 genere
272 2695 439 2777 (peccatum
462 2702 539 2759 enirn
561 2698 611 2759 de·
661 2695 892 2777 prohibitionem
921 2695 1003 2755 illam
1025 2695 1198 2771 audierunt,
1227 2701 1358 2774 tametsi,

65 2783 121 2846 rod
137 2783 170 2842 lit
183 2791 287 2842 contra
299 2781 419 2863 legem),
433 2788 475 2846 ita
483 2786 614 2866 perfecte
661 2793 860 2863 posteaquem
890 2801 946 2861 per
976 2783 1148 2862 superbiam
1179 2795 1357 2862 peccarunt,

65 2872 179 2932 oscitur
193 2880 359 2948 peccatum,
374 2873 433 2930 nisi
449 2892 503 2952 per
513 2872 612 2952 legem
661 2879 825 2949 coeperunt
836 2870 927 2929 etiam
938 2870 995 2928 niti
1012 2871 1043 2929 iu
1054 2871 1201 2944 vetitum,
1213 2871 1359 2933 videlicet

70 2976 126 3018 seu
143 2956 322 3036 positivam,
347 2977 423 3037 quae
446 2958 518 3018 data
541 2961 581 3020 sit
595 2979 613 3016 a
661 2957 815 3016 harmonia
834 2958 1009 3035 primaevae
1019 2957 1158 3032 justitiae
1169 2957 1233 3036 jem
1249 2959 1356 3020 soluta.

64 3043 237 3104 animirum
252 3042 328 3101 illud
350 3045 492 3123 imprimis
515 3053 613 3106 osten·
703 3043 798 3102 Porro
824 3042 972 3120 Origenes
994 3042 1161 3108 contendit.
1188 3043 1358 3124 intelliges

64 3140 180 3191 coetum
196 3147 264 3188 esse
280 3129 423 3190 offensam
440 3131 515 3205 Dei,
532 3131 612 3191 deiu-
661 3128 731 3189 dam
742 3128 791 3188 hic
807 3147 874 3189 esse
886 3128 985 3205 legem
996 3129 1173 3203 naturalem,
1189 3150 1269 3209 quae
1280 3133 1359 3191 iutra

78 3217 186 3276 mortis
201 3218 363 3295 proposita,
390 3217 520 3296 aliisque
536 3237 613 3276 oom-
661 3234 716 3274 nos
732 3213 878 3296 loquitur,
895 3223 924 3274 et
940 3215 1031 3274 dicit:
1058 3215 1131 3274 Nou
1147 3221 1358 3293 concupisces,

64 3302 130 3365 ibus
154 3300 282 3374 additis,
305 3304 399 3382 ipsius
416 3305 532 3383 peccati
548 3323 613 3382 gra·
662 3322 751 3382 quem
767 3300 844 3361 dicit
857 3320 876 3361 a
891 3301 981 3361 nobis
995 3301 1134 3380 ignorari,
1150 3303 1292 3382 quamdiu
1303 3322 1358 3383 per

64 3390 180 3461 nescit,
192 3386 614 3468 deniquemoustraturmulta
661 3396 790 3448 aetatem
804 3406 864 3446 non
880 3387 1019 3446 novimus
1036 3390 1112 3447 inter
1125 3386 1234 3448 bonum
1247 3398 1278 3449 et
1298 3410 1359 3450 ma·

63 3475 498 3555 amquaenouputabentur,
514 3494 612 3535 acuo·
661 3475 721 3534 lum
745 3474 931 3548 discernere;
957 3492 1049 3552 quum
1076 3481 1177 3533 antem
1200 3475 1360 3536 advenerit

63 3563 160 3641 ipsam
187 3563 472 3640 concupiscentiam,
500 3563 614 3621 etiarnsi
661 3561 753 3631 ratio,
784 3570 856 3619 tuno
871 3568 903 3619 et
919 3559 1001 3618 illam
1017 3562 1046 3620 in
1062 3560 1148 3619 uobis
1164 3561 1263 3621 locum
1277 3563 1359 3622 inre·

63 3647 172 3729 spatio
188 3654 288 3705 actum
304 3650 489 3722 exteriorem,
504 3646 614 3728 deque
662 3649 736 3707 nire.
1355 3692 1358 3697 >

63 3732 204 3812 :emplum
222 3733 355 3812 subjicit.
705 3731 821 3793 Verum
844 3730 883 3792 da
898 3732 968 3811 lege
983 3733 1097 3812 scripta
1111 3732 1241 3794 Paulum
1256 3753 1355 3813 agere,

63 3842 92 3881 m
109 3819 162 3879 red
178 3837 234 3897 per
255 3822 319 3880 imo
343 3827 513 3899 exponunt,
537 3820 615 3879 siout
662 3826 692 3878 et
707 3818 828 3898 quidem
844 3817 883 3878 de
898 3819 966 3898 lege
979 3818 1127 3898 decalogi,
1143 3819 1358 3901 quseperllio·

62 3926 76 3967 s
92 3906 245 3984 accipitur
260 3907 278 3964 2
296 3903 430 3966 Corinth.
449 3906 485 3978 7.,
499 3915 534 3965 ut
548 3924 612 3964 sen·
662 3924 715 3965 seu
731 3904 803 3964 data
813 3903 880 3975 init,
891 3907 956 3985 jam
968 3924 1059 3984 supra
1071 3907 1144 3965 satis
1156 3907 1358 3980 ostendimus,

62 3992 160 4073 laque
171 3991 250 4052 adeo
262 3992 311 4052 lex
322 4001 478 4073 peccatum
489 4013 546 4052 uon
560 4000 613 4065 est,
662 3989 755 4071 idque
767 4010 841 4052 sane
852 3993 1068 4053 evincitseries
1077 3993 1171 4052 totius
1181 3986 1358 4071 disputatio·

62 4088 187 4161 peccato
203 4087 325 4151 evocet,
340 4078 466 4148 docens,
487 4078 560 4160 quid
575 4079 615 4137 sit
660 4079 717 4151 uis,
740 4080 862 4139 tametsi
874 4087 1014 4157 possunt,
1032 4098 1110 4159 quae
1121 4077 1240 4157 delego
1252 4080 1359 4159 scripta

62 4186 78 4239 ι,
95 4174 126 4226 et
140 4164 270 4244 proinde
292 4164 475 4243 fugiendum.
500 4164 613 4224 Verum
661 4163 776 4224 Paulus
796 4167 854 4224 hoc
875 4164 943 4226 loco
966 4163 1097 4236 disserit,
1112 4165 1301 4246 aliquatenus
1318 4165 1359 4226 ed

62 4252 114 4313 tus
128 4252 227 4330 magis
244 4253 398 4330 congruit,
425 4263 457 4310 nt
479 4251 553 4310 haec
575 4252 614 4310 sit
661 4251 760 4330 legem
775 4253 942 4313 naturalem
957 4249 1188 4325 accommodari.

62 4338 267 4400 isexousatio.
716 4338 787 4398 dam
816 4339 900 4419 quod
928 4338 1095 4417 Apostolus
1123 4337 1205 4397 haud
1235 4337 1358 4398 aliunde

62 4427 342 4501 oncupiscentiom
355 4423 541 4499 nesciebam,
551 4427 614 4484 nisi
661 4441 752 4503 quam
768 4443 807 4484 ex
821 4423 967 4505 decalogo
982 4433 1177 4504 praeceptum
1192 4425 1250 4484 hoc
1263 4423 1357 4484 eddu⁴

61 4519 122 4573 ret:
152 4513 228 4572 Non
254 4514 458 4586 concupisces.
482 4510 613 4571 Graece:
662 4520 725 4582 cat,
741 4530 777 4570 ex
794 4512 869 4591 ipsis
884 4511 986 4572 verbis
1001 4510 1191 4570 manifestum
1206 4519 1268 4582 est,
1282 4530 1359 4591 quae

61 4600 321 4674 auspicantium
330 4597 515 4657 assuetam.
524 4595 614 4678 Quod
661 4615 720 4656 non
736 4596 827 4670 alibi,
848 4617 938 4679 quam
956 4599 987 4656 in
1003 4596 1165 4677 decalogo,
1180 4598 1357 4658 scribuntur.

61 4686 159 4747 rrsrti
175 4692 287 4765 potest:
302 4685 386 4744 Nom
401 4692 431 4743 et
446 4686 614 4760 concupis-
661 4683 741 4743 Nam
756 4681 879 4762 otapud
889 4683 1178 4764 LXX.iuterpretee
1188 4693 1249 4744 tam
1260 4682 1358 4747 Exod
