3254 5190
138 293 211 359 100
641 284 876 339 COMMENTARIUS
893 285 925 338 lli
943 286 1009 340 cdl.
1026 288 1055 339 l.

130 469 273 541 quantur,
292 460 429 522 nonnulli
453 461 649 522 excellentias
666 462 830 542 appellant.
881 465 1046 543 sequentia,
1062 464 1222 539 habemus,
1238 470 1369 538 stamus,
1385 464 1579 540 azariamor,
1599 501 1608 511 ,

130 548 179 608 Ea
195 549 275 609 bona
291 557 362 609 sunt
375 568 438 627 pax
454 548 582 607 hominis
598 568 666 608 cum
678 550 760 623 Deo,
776 549 828 609 ad·
880 550 1015 628 ejusdem
1031 551 1091 610 sint
1105 551 1185 610 modi
1200 549 1363 611 indicativi.

131 637 215 714 optio
231 637 360 695 filiorum
368 636 441 710 Doi;
457 637 488 694 iu
504 635 752 696 tribulationibus
768 658 829 698 non
921 637 1115 717 Detorquent
1129 638 1208 698 hunc
1220 637 1317 697 locum
1329 638 1449 697 sectarii
1466 636 1507 696 ad
1523 645 1581 697 sta·

129 722 229 801 frangi
246 726 355 794 animo,
371 721 425 781 sed
441 723 594 797 exultare;
618 732 711 803 atque
726 723 765 783 de
780 725 828 784 his
877 722 1043 783 hiliendam
1060 744 1133 798 eam,
1150 744 1241 804 quam
1256 724 1294 783 ab
1310 743 1499 806 unoquoque
1516 742 1579 783 cre·

130 809 269 869 omnibus
285 809 419 890 gloriari,
441 831 502 869 non
525 812 606 869 inse
625 812 701 889 ipsc,
725 831 780 870 nec
796 813 828 871 in
878 808 966 870 dente
982 812 1114 890 exigunt,
1138 810 1397 872 reconciliationis
1420 832 1457 871 ac
1472 810 1579 870 salutis

131 896 200 969 alio,
224 897 323 957 sedin
337 899 414 957 Deo.
446 895 534 975 Quae
557 897 637 957 bona
660 898 827 976 (lajetanus
878 916 953 956 suae
983 898 1195 958 certitudinem
1226 896 1427 959 infallibilem.
1458 897 1522 959 Sed
1551 897 1582 958 id

130 982 288 1061 diligenter
311 985 497 1043 enumeravit
528 1004 563 1043 ac
586 983 735 1044 distinxit.
767 986 826 1045 Pro
876 983 993 1044 faciunt
1012 986 1156 1065 imperite.
1180 985 1260 1045 Nam
1282 1005 1344 1065 pax
1364 985 1582 1046 reconciliatio·

129 1069 222 1130 verbo
238 1071 409 1130 habeamus
425 1071 455 1129 in
466 1070 623 1150 plerisque
636 1070 763 1132 Graecis
779 1093 826 1131 oo·
876 1091 944 1131 nem
971 1072 1137 1151 significat,
1161 1092 1220 1131 non
1243 1080 1344 1132 antem
1371 1075 1440 1152 ejus
1467 1080 1581 1133 certam

129 1156 245 1217 dicibus
262 1166 306 1217 est
321 1151 434 1234 ἔχομεν
455 1158 610 1217 habemus.
633 1159 674 1217 Et
690 1160 734 1218 ita
751 1161 825 1220 Ter·
876 1158 1019 1218 notitiam.
1033 1158 1142 1238 Itaque
1153 1178 1262 1238 pacem
1274 1158 1387 1220 habere
1398 1167 1502 1241 potest
1514 1179 1580 1220 cum

127 1244 289 1304 tullianum
298 1245 419 1324 legisse,
431 1255 563 1324 arguunt
570 1245 646 1305 hace
658 1245 724 1322 ejus
732 1247 827 1307 verba
875 1245 953 1318 Deo,
969 1247 1020 1326 qui
1037 1254 1137 1306 tamen
1151 1256 1276 1327 propter
1291 1248 1427 1309 occultas
1442 1245 1578 1307 latebras

128 1331 180 1392 lib.
194 1334 221 1392 5.
238 1331 382 1391 adversus
394 1331 577 1392 Marcionem
590 1353 656 1411 cap.
673 1334 738 1392 13.:
754 1335 825 1395 Mo·
876 1335 921 1392 sui
944 1331 1041 1393 cordis
1064 1353 1123 1393 non
1150 1335 1268 1393 omnino
1296 1342 1395 1395 certus
1418 1336 1473 1408 sit,
1498 1331 1579 1414 quod

126 1426 181 1481 act
196 1415 346 1495 (Paulus),
365 1419 555 1495 justificatos
571 1438 608 1480 ec
623 1421 685 1494 tide
699 1422 824 1497 Christi,
876 1439 943 1480 eam
965 1419 1082 1479 habeat.
1106 1420 1173 1481 Nec
1195 1420 1280 1480 alind
1302 1421 1431 1483 affirmat
1452 1419 1578 1492 Paulus,

125 1524 194 1568 noa
219 1524 256 1566 cn
276 1507 353 1582 lepc,
374 1525 488 1582 pace-m
504 1508 626 1566 habere.
651 1506 744 1586 Quod
761 1517 825 1570 ets
875 1527 965 1587 quam
975 1506 1157 1587 justificatos
1173 1509 1251 1568 hane
1265 1528 1372 1588 paoem
1386 1509 1512 1571 hahere.

125 1596 192 1654 viro
205 1593 376 1653 doctissimo
389 1594 412 1655 J
414 1595 508 1653 acoho
521 1594 656 1654 Pamelio
671 1598 701 1653 in
713 1597 774 1655 suis
786 1593 825 1654 ad
919 1598 946 1654 2.
964 1598 1027 1655 Per
1038 1614 1131 1672 quem
1142 1603 1171 1656 ct
1182 1595 1335 1655 hahemus
1347 1615 1508 1657 accessam
1517 1613 1579 1672 per

126 1701 195 1741 enm
210 1681 309 1741 locum
326 1680 451 1741 scholiis
468 1683 665 1742 observatum
682 1694 737 1743 est.
759 1683 825 1743 Noc
874 1681 970 1758 fldem
992 1686 1027 1742 ia
1050 1685 1192 1757 aratiam
1212 1687 1315 1743 istam.
1339 1684 1508 1745 Habemus
1523 1701 1577 1742 oc·

125 1768 252 1829 obscure
269 1790 324 1848 pro
342 1789 379 1829 oa
403 1769 534 1830 lectione
557 1771 631 1830 facit
647 1779 824 1831 commenta·

124 1857 188 1915 rius
201 1857 359 1918 Ambrosio
373 1856 553 1936 adscriptus.
576 1856 673 1930 Addo,
689 1880 738 1919 mc
749 1878 823 1937 quo·

125 1962 185 2024 que
208 1945 239 2002 in
262 1944 394 2024 quodam
420 1947 626 2025 manuscripto
649 1948 760 2006 Latino
784 1947 824 2005 le·

125 2032 207 2109 gissa
228 2032 386 2092 hahemus.

93 2151 96 2157 -
168 2117 211 2176 At
233 2140 305 2179 vero
328 2120 533 2179 commentarii
557 2118 740 2179 Graecorum
757 2116 823 2178 Ori-

125 2206 229 2283 genis,
253 2206 476 2286 chrysostomi,
500 2227 535 2266 ao
557 2216 746 2266 caeterorum
770 2225 823 2284 pro

124 2299 228 2351 nostra
249 2294 376 2369 vulgata
399 2293 513 2353 faciunt
535 2292 678 2365 lectione,
702 2294 825 2352 tametsi

125 2381 271 2456 perpauci
288 2388 359 2440 sunt
375 2379 464 2440 hodie
480 2378 589 2440 Graeci
606 2379 734 2453 codices,
757 2381 823 2458 qni·

125 2464 181 2523 hus
206 2465 326 2546 legatur
348 2460 481 2543 ἔχωμεν.
511 2465 620 2526 Nullus
645 2476 724 2527 certe
747 2486 765 2525 a
787 2466 822 2524 R.

125 2549 278 2630 Stephano
301 2551 464 2613 adnotatus
486 2564 542 2612 est.
573 2553 710 2634 Utraque
733 2553 823 2612 lectio

123 2637 235 2697 bonum
265 2641 373 2719 recipit
399 2658 537 2713 sensum;
568 2649 671 2700 nostra
701 2638 823 2718 quidem

124 2723 314 2805 hujusmodi:
335 2726 412 2787 Cum
424 2727 491 2804 jam
508 2728 599 2785 simus
615 2745 652 2785 ex
667 2726 725 2787 fide
736 2725 823 2803 justi·

123 2808 215 2885 ficati,
238 2833 276 2872 ne
300 2832 457 2891 peccemus
476 2813 622 2892 amplius3
646 2812 700 2871 sed
716 2831 823 2890 pacem

124 2915 338 2959 conservemus
365 2920 431 2959 cam
455 2898 534 2972 Deo,
558 2906 768 2979 permanentes
793 2899 824 2955 in

119 2983 243 3061 justitia
273 2986 366 3045 semel
398 2992 529 3063 accepta.
567 2985 627 3045 Vel
658 2983 823 3044 secundum

126 3072 220 3133 alios:
250 3092 357 3151 pacem
384 3071 562 3145 habeamus,
585 3072 616 3132 id
641 3082 698 3143 est,
730 3072 823 3129 simus

123 3159 285 3237 tranquillo
298 3168 329 3218 et
339 3167 448 3238 pacato
461 3159 568 3232 animo,
580 3170 611 3219 ot
624 3181 641 3218 a
654 3159 823 3228 terroribus,

125 3245 233 3327 quibus
250 3248 370 3306 concuti
386 3245 465 3306 solet
478 3247 560 3306 mala
576 3245 768 3317 conscientia,
791 3243 824 3302 li·

123 3332 206 3404 bero,
230 3342 333 3411 utpote
346 3334 411 3410 jam
428 3333 497 3391 Deo
514 3333 705 3393 reconciliati.

167 3419 265 3479 Juxta
277 3421 403 3480 alteram
417 3420 574 3480 lectionem
584 3421 632 3480 hio
644 3437 749 3478 sensus
761 3423 823 3477 est:

123 3506 173 3565 Ex
189 3505 250 3565 fide
260 3507 326 3584 jam
337 3506 503 3584 justificati,
528 3507 604 3567 illud
619 3505 756 3565 beneficii
772 3505 823 3562 im·

874 1788 1000 1830 cernam.
1025 1769 1148 1846 Graece,
1164 1763 1368 1849 προςαγωγὴν
1385 1763 1576 1851 ἐσχήκαμεν,

873 1857 904 1918 id
921 1866 975 1930 est,
998 1857 1123 1918 aditum
1139 1880 1192 1919 seu
1209 1858 1436 1919 admissione-m
1461 1858 1578 1919 habere

873 1946 965 2007 nohis
991 1948 1132 2020 contigit.
1162 1948 1277 2008 Sensus
1298 1944 1454 2025 Apostoli:
1479 1945 1577 2022 cujus

874 2053 964 2114 opera
980 2051 1015 2091 ac
1030 2036 1133 2093 merito
1149 2033 1272 2094 admissi
1288 2043 1318 2092 et
1332 2031 1457 2093 adducti
1474 2051 1579 2093 sumna

872 2119 1030 2202 perfidem
1047 2119 1085 2179 ad
1101 2121 1178 2180 hanc
1201 2122 1337 2199 gratiam,
1361 2119 1392 2179 id
1408 2128 1463 2192 est,
1486 2119 1577 2180 bene·

872 2210 971 2268 ficium
990 2205 1228 2282 justificationis.
1250 2207 1353 2267 Utitur
1376 2204 1486 2267 eadem
1502 2223 1577 2266 voce

872 2285 1063 2372 προςαγωγὴ
1079 2294 1212 2354 scribens
1228 2293 1268 2354 ad
1283 2294 1363 2373 Eph.
1380 2293 1410 2352 3.

915 2380 1011 2440 Porro
1034 2379 1205 2455 notandum,
1229 2383 1287 2440 etsi
1307 2380 1384 2440 fides
1400 2381 1441 2439 sit
1454 2379 1577 2439 initium

874 2477 904 2528 et
925 2484 994 2547 pars
1021 2466 1174 2545 quaedam
1201 2475 1323 2527 nostrae
1340 2466 1577 2546 justificationis,

872 2563 954 2614 recte
978 2562 1076 2612 tamen
1102 2562 1133 2612 et
1160 2555 1377 2614 convenienter
1403 2552 1473 2627 dici,
1496 2547 1578 2634 quod

871 2661 928 2722 per
949 2638 1039 2699 tidem
1061 2639 1206 2700 habemus
1231 2659 1386 2700 accessum
1410 2649 1442 2700 et
1464 2641 1576 2720 ingres·

873 2747 940 2787 sum
955 2725 994 2785 ad
1015 2726 1142 2805 gratiam
1160 2725 1400 2804 justificationis:
1424 2722 1577 2806 quomodo

872 2834 928 2894 per
946 2814 1055 2872 ostium
1079 2813 1262 2891 ingredimur
1281 2813 1412 2886 domum,
1436 2810 1576 2892 quamvis

872 2903 970 2980 ipsum
983 2900 1090 2959 ostium
1102 2918 1172 2976 pars
1184 2900 1289 2959 domus
1301 2900 1348 2960 sit.
1365 2900 1482 2959 Sensus
1499 2899 1577 2959 enim

873 2995 935 3047 est:
958 2985 1032 3057 tide,
1055 2984 1137 3045 velut
1162 2987 1248 3047 initio
1267 2985 1512 3064 justificationis,
1541 3002 1577 3044 eo

872 3095 927 3134 nos
942 3073 1067 3132 ulterius
1084 3071 1204 3146 adduci,
1226 3081 1260 3131 ut
1278 3073 1406 3133 caeteris
1423 3071 1514 3131 donia
1529 3089 1576 3130 ac·

873 3158 1049 3220 cedentibus
1065 3159 1242 3239 simpliciter
1251 3160 1328 3237 justi
1340 3159 1443 3232 simus,
1459 3179 1499 3219 ac
1509 3157 1577 3219 Deo

873 3246 992 3324 accepti
1008 3244 1155 3305 advitam
1181 3255 1353 3319 aetemam3
1377 3243 1575 3325 quemadmo-

873 3333 942 3392 dum
959 3330 1098 3391 intrando
1113 3352 1169 3411 per
1185 3336 1292 3393 ostium
1309 3352 1345 3392 eo
1369 3334 1441 3411 quis
1455 3350 1576 3413 promo·

872 3426 967 3490 vetur,
990 3425 1024 3476 nt
1040 3420 1079 3477 sit
1092 3421 1170 3479 intra
1186 3419 1316 3489 domum,
1340 3419 1372 3477 in
1388 3419 1461 3478 aula
1477 3425 1531 3477 ant
1546 3417 1576 3478 iu

873 3505 1019 3565 conclavi.

124 3594 227 3671 primis
252 3596 403 3653 consecuti
426 3614 541 3666 santus,
565 3592 645 3675 quod
668 3612 733 3650 cum
754 3590 823 3649 Deo
917 3593 955 3650 In
978 3608 1042 3666 qua
1066 3597 1195 3665 stamas,
1220 3600 1249 3650 et
1271 3592 1455 3665 gloriamur
1470 3593 1508 3650 in
1523 3610 1576 3669 ape

125 3700 231 3760 pacem
249 3679 404 3753 hahemus,
424 3679 526 3752 idest,
544 3678 824 3760 quodDeosumus
872 3679 993 3753 pieriae
1021 3676 1161 3750 filioram
1188 3681 1258 3738 Dei.
1292 3677 1429 3737 Dubium
1456 3686 1519 3738 tam
1546 3678 1576 3736 in

125 3767 316 3841 reconciliati,
337 3767 482 3847 quodque
499 3787 568 3827 eum
584 3788 660 3826 nunc
676 3765 824 3825 habemus
873 3764 999 3836 Graeco,
1023 3782 1112 3842 quam
1131 3766 1162 3823 in
1184 3765 1303 3837 Latino,
1326 3784 1400 3823 num
1422 3762 1463 3823 ad
1487 3762 1577 3824 tidem

125 3853 284 3932 placatum,
308 3874 396 3933 quem
425 3862 548 3933 propter
572 3864 698 3933 peccata
721 3861 823 3911 nostra
874 3850 950 3911 illud
966 3855 1000 3909 in
1017 3868 1081 3926 pua
1105 3849 1294 3911 referendum
1310 3852 1359 3922 sit,
1382 3871 1423 3911 an
1444 3850 1488 3911 ad
1510 3871 1577 3930 gra·

124 3939 313 4001 habebamus
329 3941 482 4001 offensum.
508 3940 569 4020 Qui
584 3958 687 3999 sensus
704 3958 769 3997 cum
786 3938 825 3995 sit
872 3940 954 3997 tiam.
979 3936 1013 3996 Si
1028 3936 1066 3996 ad
1081 3936 1179 4009 fidem,
1195 3957 1301 3997 sensus
1317 3938 1391 3996 erit:
1411 3956 1468 4016 per
1484 3955 1577 4016 quam

124 4028 235 4106 planus
252 4038 281 4088 et
297 4041 425 4108 opertus.
450 4039 481 4088 et
502 4029 599 4088 textui
615 4027 741 4086 maxime
757 4045 824 4082 con·
873 4035 996 4095 stamus,
1017 4024 1168 4103 quomodo
1184 4023 1321 4084 nonnulli
1336 4033 1506 4083 verterunt.
1528 4022 1574 4083 Ita

124 4124 284 4176 sentaneus
324 4114 469 4189 (nondum
507 4117 585 4174 enirn
615 4112 824 4181 exhortationi,
873 4111 984 4171 dictum
1006 4109 1173 4170 lCor.1.:
1196 4110 1358 4186 ll'amfidc
1381 4114 1484 4170 statis.
1516 4108 1576 4170 Ve-

122 4201 176 4260 sed
192 4202 346 4262 ‹leotrinae
369 4201 468 4262 adhuc
491 4201 620 4261 intendit
635 4193 824 4277 Apostolus),
872 4207 1040 4258 rumtamen
1057 4205 1218 4257 contextus
1239 4198 1333 4275 magis
1357 4198 1462 4276 exigit,
1486 4208 1522 4257 ut
1537 4195 1576 4257 ad

124 4301 251 4367 apparet
282 4289 466 4350 Graecorum
497 4288 631 4348 codicum
663 4287 823 4346 lectionem
872 4286 1000 4364 gratiam
1017 4283 1180 4344 referatur:
1205 4285 1241 4343 In
1257 4303 1318 4363 qua
1333 4286 1443 4362 gratia,
1468 4284 1578 4363 inquit,

124 4395 191 4436 esse
207 4379 367 4437 veriorem:
392 4376 572 4454 praesertim
589 4395 655 4435 cum
672 4374 740 4432 huic
757 4392 823 4431 sen·
872 4381 993 4441 stamus,
1017 4369 1048 4430 id
1064 4381 1118 4443 est,
1133 4389 1296 4442 manemus,
1314 4371 1523 4449 persistimus:
1546 4371 1577 4430 in

121 4464 167 4522 sni
183 4465 339 4542 aptissime
355 4473 500 4543 congruat
523 4461 576 4523 illa
596 4460 743 4532 clausula,
764 4477 824 4534 per
872 4478 942 4537 qua,
967 4455 996 4516 id
1013 4466 1067 4529 est,
1083 4457 1121 4517 de
1137 4478 1204 4536 qua.
1228 4459 1318 4517 etiam
1334 4454 1505 4535 gloriamur
1520 4456 1576 4518 sub

122 4549 299 4610 Dominum
313 4559 456 4611 acetrum
470 4555 498 4613 J
498 4569 583 4609 esum
595 4550 764 4619 Christum,
781 4548 823 4604 vi·
871 4565 926 4623 spe
939 4552 970 4604 et
982 4554 1062 4603 certa
1075 4546 1303 4622 exspectatione
1315 4543 1577 4624 futuraegloriae,

122 4635 235 4698 delicet
257 4647 402 4718 tanquam
424 4636 620 4696 mediatorem
637 4644 667 4695 ct
681 4633 821 4712 pacifica·
871 4651 953 4711 quae
968 4640 1148 4710 praeparata
1165 4639 1213 4690 est
1233 4640 1261 4691 et
1276 4650 1331 4709 per
1346 4630 1428 4691 hanc
1443 4634 1576 4710 gratiam

120 4728 215 4785 torem
230 4734 381 4799 nostrnm3
398 4743 527 4804 cumque
541 4724 631 4783 etiam
646 4720 739 4782 verba
754 4720 822 4780 sub·
870 4716 1055 4799 praestanda
1071 4717 1141 4776 tiliis
1156 4718 1218 4779 Dei
1232 4717 1394 4797 adoptivis.
