3254 5190
144 270 214 339 itt
412 228 418 239 ’
637 264 921 320 comminuent
940 266 1005 320 ess.
1021 266 1080 320 mr.

140 441 178 502 de
192 439 303 501 mundo
318 441 377 500 hoc
392 441 533 514 inferiori,
548 444 600 523 qni
611 441 699 503 sedes
713 450 761 502 ost
771 462 833 502 eor·
928 441 1040 503 Verum
1056 443 1130 522 quia
1144 442 1339 523 primitiarum
1354 443 1476 503 nomine
1491 442 1582 524 sigui·

139 530 309 609 ruptionum
326 537 356 587 et
370 530 605 609 corruptivsrum
629 529 834 589 mutationum.
883 529 967 590 ficari
981 530 1080 590 solent
1091 530 1122 589 iu
1134 530 1228 588 sacris
1241 528 1336 589 literis
1347 547 1392 601 ea,
1404 547 1487 610 quae
1499 548 1583 608 pras·

140 616 173 676 si
189 616 266 676 enim
282 622 419 674 creatura
444 615 482 676 ab
498 614 645 695 Apostolo
669 613 776 675 dieitur
797 613 836 673 ad
885 616 1029 677 stantiora
1055 625 1124 675 sunt
1147 617 1177 676 iu
1199 614 1301 695 aliquo
1315 634 1431 694 genere
1447 610 1524 696 (qua
1538 635 1583 674 ra·

139 701 457 762 discrimeuhomiuum
459 700 835 781 ,tauquamresqueedam
884 707 967 763 tione
994 701 1130 762 Christus
1155 710 1281 762 vocatur
1307 705 1477 778 primitiae
1507 702 1584 763 dorb

140 789 227 848 vilior
249 794 279 847 ιι
298 787 499 868 imperfectior
512 784 611 864 (unde
634 798 663 848 et
687 808 755 847 mox
777 789 835 846 ait:
884 794 1070 863 mientium,
1112 796 1126 848 1
1159 788 1292 849 Corinth.
1334 790 1399 849 lb:
1436 796 1468 848 et
1497 787 1585 850 electi

139 875 321 937 Noasolum
335 877 522 951 autemillis,
536 876 589 935 ssd
602 872 714 950 atuor)
715 893 834 954 ,-quan
858 894 893 1019 Ι
881 879 1047 954 primitiae
1073 894 1111 936 eu
1133 875 1327 950 horninibus,
1348 874 1476 954 Apocal.
1504 871 1584 952 lt),

139 972 170 1022 to
185 961 280 1040 magis
295 959 334 1021 ad
346 960 504 1023 documen
515 962 697 1040 augelorum
708 980 835 1042 quorum
885 963 995 1024 idcireo
1010 962 1107 1023 videri
1122 969 1228 1042 potest,
1243 961 1391 1042 primitias
1402 963 1531 1040 spiritua
1542 962 1584 1022 in·

139 1047 333 1110 excellentior
355 1057 402 1108 est
424 1068 513 1128 quam
537 1048 685 1107 hominum
708 1051 833 1106 natural
884 1050 980 1129 telligi
1002 1048 1116 1109 debere
1138 1044 1356 1128 praestantiora
1378 1058 1408 1108 et
1430 1047 1583 1110 abundan-

137 1135 205 1195 Nec
220 1144 321 1195 tamen
335 1133 410 1193 illa
401 1155 468 1214 ipsa
483 1143 621 1195 creatura
640 1135 834 1213 ingemiscere
857 1192 860 1217 ¹
884 1139 962 1197 tiors
978 1136 1106 1216 Spiritus
1122 1136 1217 1195 sancti
1231 1133 1319 1196 dona.

138 1230 169 1283 et
182 1223 332 1304 parturire
347 1219 470 1293 dicitnr,
495 1223 555 1282 nisi
569 1221 741 1300 improprie,
767 1242 834 1301 pro·
926 1223 1128 1302 Quamobrem
1143 1221 1193 1283 alii
1210 1223 1360 1298 sentiunt,
1385 1222 1522 1282 Paulum
1535 1222 1582 1283 hic

138 1318 206 1390 pter
221 1307 358 1368 naturale
374 1306 552 1369 desiderium
575 1327 649 1368 suae
674 1306 834 1387 perfectio·
882 1311 965 1392 loqui
973 1311 1005 1369 in
1014 1306 1511 1389 persouaApostolorum(quorum
1520 1311 1583 1390 ipae

138 1396 199 1470 nis,
214 1395 266 1454 vel
280 1403 360 1455 certe
373 1415 428 1475 per
443 1396 703 1475 prosopopoeiam,
725 1401 760 1452 ιιι
770 1395 834 1472 jam
883 1393 974 1471 uuus)
990 1410 1021 1455 ιι
1043 1397 1169 1455 aliorum
1191 1398 1356 1476 primorum
1378 1395 1532 1469 fidelium,
1553 1396 1582 1455 in

139 1491 209 1542 ants
217 1482 389 1560 expositum
402 1491 456 1541 ιιι
469 1482 550 1543 Sane
561 1482 697 1560 quamvis
709 1478 834 1560 aliquod
882 1504 960 1564 quos
984 1484 1135 1562 copiosius
1156 1501 1191 1543 sc
1214 1502 1268 1562 per
1289 1484 1377 1542 varia
1398 1482 1582 1545 charismata

139 1567 323 1631 desiderium
334 1579 456 1629 nostrae
467 1568 665 1639 liberationis,
680 1575 711 1627 et
723 1568 770 1627 sui
781 1587 836 1647 per
883 1570 942 1631 init
967 1570 1061 1630 offusa
1076 1571 1172 1649 gratia
1195 1571 1326 1651 Spiritus
1348 1570 1463 1645 sancti3
1480 1578 1517 1630 nt
1537 1567 1582 1629 hit

139 1674 204 1715 eam
225 1656 347 1734 majoris
369 1657 473 1734 gaudii
494 1653 602 1726 futuri,
625 1655 723 1735 possit
745 1655 835 1714 stiam
883 1659 924 1719 sit
936 1677 1058 1718 seusus:
1075 1657 1145 1716 Nou
1158 1657 1254 1716 solum
1265 1665 1368 1716 auteur
1379 1655 1493 1732 hocfit,
1504 1652 1583 1738 qnod

138 1741 255 1822 angelis
270 1741 375 1815 tribui,
388 1742 470 1822 qnod
486 1743 560 1802 iacit
574 1741 717 1803 Erasmus
733 1743 764 1800 in
780 1759 836 1800 sua
884 1744 965 1817 dixi,
988 1744 1052 1806 vol:
1075 1744 1145 1803 Nou
1171 1744 1268 1803 solum
1291 1752 1430 1804 creatura
1444 1745 1541 1825 gemit
1553 1749 1583 1803 at

138 1828 330 1910 paraphrasi,
343 1827 490 1911 quosdam
505 1835 623 1889 veteres
638 1838 774 1902 secutus,
790 1847 833 1887 re·
884 1832 967 1893 dolet
980 1851 1041 1891 une
1056 1851 1123 1890 cum
1136 1832 1337 1910 regeneratis,
1360 1829 1416 1891 sed
1440 1841 1471 1892 et
1493 1848 1581 1912 pseu·

138 1935 211 1978 vera
232 1926 333 1977 tamen
354 1914 439 1976 locus
461 1917 509 1975 hic
531 1917 650 1994 angelis
673 1917 834 1975 convenire
883 1919 997 1979 liariter
1022 1938 1077 1978 uos
1103 1918 1255 1997 Apostoli,
1288 1918 1443 1998 primique
1468 1916 1582 1988 fideles,

138 2023 199 2064 uon
213 2010 325 2083 potest,
339 2004 469 2063 maxime
483 2009 606 2082 propter
621 2001 711 2062 illud:
735 2003 835 2061 Vani·
884 2006 942 2067 etsi
957 2025 1096 2085 maguam
1111 2006 1236 2083 spiritus
1251 2003 1470 2065 abundantiam
1482 2023 1581 2085 perae·

139 2091 199 2150 tati
210 2098 360 2150 creatura
370 2089 573 2164 subjectaret,
590 2087 671 2170 quod
681 2109 739 2149 nec
750 2097 834 2168 puta·
883 2094 1031 2173 perimus,
1045 2101 1080 2151 nt
1094 2089 1193 2151 videri
1208 2092 1360 2171 possimus
1371 2093 1437 2170 jaru
1453 2092 1538 2172 pleni
1552 2098 1582 2150 et

138 2178 235 2236 vimus
246 2176 286 2236 ad
300 2176 447 2237 coelestia
462 2193 587 2255 corpora
599 2174 797 2236 referendum.
883 2181 975 2252 beati,
987 2178 1097 2260 quibus
1105 2199 1165 2237 non
1176 2185 1276 2249 restat,
1288 2177 1370 2257 quod
1382 2178 1580 2250 detestetur,

185 2264 235 2326 23.
258 2264 332 2324 Noa
347 2266 449 2323 solum
464 2270 571 2323 autem
585 2263 655 2338 illa,
670 2262 723 2322 sed
739 2269 768 2321 et
779 2279 837 2321 nos
883 2273 1015 2325 ettamen
1031 2267 1122 2325 etism
1137 2284 1193 2325 uos
1216 2266 1291 2344 ipsi,
1313 2267 1434 2344 gravati
1456 2283 1580 2345 corpore

140 2351 204 2426 ipsi
215 2353 378 2427 primitiae
392 2353 523 2426 spiritus
536 2349 700 2425 babentes,
724 2356 754 2408 et
775 2350 836 2423 ipsi
883 2354 988 2412 mortis
1002 2352 1101 2430 hujus,
1118 2351 1197 2411 intra
1212 2372 1267 2411 nos
1283 2353 1364 2429 ipsos
1380 2352 1540 2430 gemimus.

139 2441 229 2498 intra
243 2441 467 2512 cooperuimus.
491 2435 622 2496 Graece:
646 2438 719 2497 Noa
733 2435 835 2495 totum
926 2438 1035 2498 Adfert
1049 2438 1128 2497 hunc
1143 2457 1261 2497 sensum
1278 2436 1434 2512 Sedulius,
1455 2455 1580 2520 eumque

141 2530 257 2598 autem,
274 2525 327 2584 sed
343 2530 371 2583 st
386 2527 446 2599 ipsi
455 2525 619 2599 primitiae
633 2525 764 2599 spiritui
775 2523 835 2579 ba·
884 2525 1044 2604 diligenter
1065 2533 1096 2584 et
1118 2522 1205 2583 docte
1227 2526 1423 2606 prosequitur
1437 2524 1580 2607 Aquinas,

142 2609 262 2685 beuter,
290 2618 320 2669 et
341 2613 474 2685 nosipsi
489 2612 524 2668 iu
539 2609 630 2669 nobie
646 2612 723 2685 ipsis
737 2610 835 2684 qemi·
884 2615 968 2691 cnjus
983 2611 1039 2671 hoc
1055 2611 1119 2669 lcoo
1136 2615 1368 2672 commentarius
1383 2611 1580 2692 propteralia

140 2715 209 2758 ιιιιι.
239 2696 363 2757 Phrasis
384 2696 531 2776 Apostolo
552 2694 648 2755 Paulo
675 2695 835 2775 peculiaris
883 2697 1030 2780 quaedam
1044 2697 1123 2756 lectu
1137 2696 1245 2777 diguus
1258 2707 1310 2757 est.
1325 2699 1502 2778 Sequuntur
1514 2700 1581 2761 item

142 2781 309 2862 ellipticum
339 2782 431 2842 illud:
454 2783 645 2843 montetum
668 2789 785 2855 autem,
802 2789 836 2838 ut
883 2784 1047 2863 Cajetsnus
1077 2792 1108 2843 ιι
1137 2784 1190 2843 alii
1228 2784 1355 2864 quidam
1392 2787 1578 2846 recentiorea

141 2888 232 2949 supra
248 2889 312 2950 cap.
329 2870 373 2928 b:
397 2871 469 2931 Noa
485 2870 586 2929 solum
602 2876 725 2942 autem,
741 2867 835 2928 sedet
883 2872 1052 2950 Utrumque
1066 2889 1138 2930 vero
1154 2888 1273 2930 sensum
1297 2870 1454 2951 explicant
1475 2869 1580 2951 Orige-

139 2957 320 3031 gloriamur
342 2959 377 3015 in
401 2956 669 3016 tribulationibus.
699 2957 741 3015 Et
756 2952 835 3013 inira
881 2976 936 3018 nes
952 2965 983 3017 et
997 2957 1164 3016 Hervaous.

141 3044 232 3122 capit.
249 3043 293 3101 9.:
319 3044 392 3102 Noa
407 3043 508 3103 solum
524 3049 641 3116 autem,
657 3042 711 3101 sed
726 3048 755 3101 et
771 3042 834 3101 Re·
926 3044 998 3104 Mihi
1019 3062 1091 3102 saue
1113 3050 1287 3104 contextum
1309 3045 1471 3104 verborum
1493 3043 1580 3105 Pauli

141 3129 230 3188 becco
246 3137 300 3187 etc.
317 3127 410 3208 Quod
423 3126 557 3189 seeundo
572 3127 655 3197 dicit,
672 3136 701 3188 et
712 3130 774 3204 ipsi
784 3125 834 3184 vel
882 3132 1006 3210 propius
1021 3128 1150 3188 intuenti
1158 3148 1225 3189 non
1240 3131 1273 3189 lit
1294 3131 1470 3210 probabile,
1495 3129 1580 3211 quid·

139 3218 291 3292 nosipsi,
313 3217 453 3294 repetitio
476 3225 522 3275 est
536 3213 576 3274 ad
590 3217 732 3293 mojorem
748 3213 833 3273 affec·
883 3236 971 3296 quum
986 3215 1035 3275 hic
1049 3216 1169 3294 proprie
1184 3215 1243 3276 dici
1259 3217 1289 3275 in
1305 3235 1437 3297 persona
1451 3217 1581 3296 Aposto-

139 3311 188 3360 tus
205 3302 435 3381 expressionem.
460 3301 606 3380 Quamvis
631 3310 662 3361 ιι
684 3303 729 3360 sio
754 3299 834 3359 verti
883 3303 983 3375 lorum,
996 3309 1097 3361 utueo
1109 3319 1238 3379 usquam
1253 3303 1285 3362 in
1297 3311 1361 3363 tota
1372 3303 1431 3364 hac
1442 3303 1580 3384 epistola.

138 3396 256 3469 potest:
279 3388 340 3450 Sed
363 3393 477 3466 stipsi,
494 3391 549 3464 qui
562 3391 724 3463 primitiae
738 3388 834 3462 spiri-
883 3390 961 3449 Nem
976 3397 1006 3448 et
1021 3391 1050 3448 in
1066 3387 1319 3467 praecedentibus
1334 3389 1427 3468 hujus
1449 3391 1529 3463 loci,
1553 3397 1582 3449 et

139 3482 190 3536 tur
204 3476 331 3551 babeat,
348 3474 378 3534 id
394 3484 454 3548 est,
477 3477 611 3550 nosipsi
625 3477 661 3535 ia
676 3475 767 3534 uobis
782 3475 835 3548 ip·
883 3478 913 3535 iu
928 3475 982 3547 his,
999 3494 1077 3554 quae
1091 3475 1226 3552 proxime
1243 3485 1420 3555 sequuntur,
1447 3496 1486 3537 ac
1501 3476 1581 3537 deiu-

139 3560 834 3643 risqemimue,utcopulusumaturexpositive.
883 3581 955 3641 ceps
971 3579 1067 3640 usque
1082 3559 1122 3619 ad
1133 3560 1223 3620 tinem
1235 3563 1353 3641 capitis,
1363 3582 1529 3643 personam
1539 3581 1581 3623 re·

182 3648 270 3727 Quae
285 3657 384 3708 tamen
407 3649 555 3729 expositio
579 3658 626 3708 est
648 3648 744 3708 adhuc
769 3644 834 3707 obs·
883 3656 1098 3727 generatorum,
1113 3646 1219 3706 saltem
1237 3646 1414 3722 electorum,
1428 3651 1459 3711 iu
1471 3668 1582 3731 genere

140 3754 218 3795 cura.
242 3734 352 3815 Neque
368 3737 448 3796 enim
464 3737 566 3815 liquet,
589 3755 665 3816 quos
677 3732 834 3812 intelligat,
882 3735 997 3795 Paulus
1011 3735 1043 3794 in
1059 3752 1092 3792 se
1108 3735 1244 3812 suscipit.
1258 3736 1361 3815 Quare
1378 3745 1411 3795 et
1425 3737 1506 3799 bano
1519 3754 1582 3816 par·

139 3818 242 3883 dicens
258 3824 401 3898 nosipsi.
424 3819 657 3902 Chrysostomns
674 3842 710 3880 ao
724 3819 835 3880 caeteri
882 3829 941 3880 tem
967 3820 1005 3880 de
1028 3819 1133 3880 iisdem
1159 3823 1300 3880 convenit
1323 3820 1472 3902 intelligi,
1494 3824 1583 3902 juta

137 3908 201 3968 iore
216 3907 326 3969 Graeci
344 3910 578 3988 interpretantur
593 3907 706 3967 dictum
721 3907 753 3968 in
768 3925 834 4008 per·
883 3926 1002 3968 sensum
1016 3907 1107 4008 priori
1124 3907 1190 3967 loco
1203 3904 1312 3967 datum.

139 4014 213 4055 sona
228 3997 358 4055 omnium
373 4003 629 4074 regeneratorum,
652 4014 728 4098 quos
749 3990 836 4070 ajunt
925 3993 1032 4053 Nec
1007 4012 1034 4052 ιι
1050 3993 1152 4053 obstat
1166 3995 1332 4073 proprietas
1355 3994 1500 4057 vocabuli
1521 3998 1579 4078 pri-

138 4081 284 4162 primitius
300 4082 422 4162 spiritus
438 4080 557 4155 habere,
574 4081 834 4162 quiaprincipium
883 4083 1041 4141 mitiorum.
1056 4080 1210 4139 Dicuntur
1223 4081 1301 4140 enim
1316 4082 1478 4160 primitiae,
1490 4080 1581 4145 Grae

139 4167 258 4250 aliquod
281 4177 463 4249 gustumque
488 4168 617 4249 Spiritus
634 4169 736 4241 sancti,
753 4166 836 4227 velut
883 4187 918 4228 oe
942 4159 1086 4244 ἀπαρχὴ,
1110 4166 1198 4246 primi
1218 4166 1392 4228 fructusex
1352 4169 1522 4251 exaliqua
1543 4190 1582 4245 re,

137 4258 262 4335 pignus,
287 4255 494 4336 acceperunt
485 4276 516 4315 m
533 4254 621 4316 donis
633 4256 693 4315 sibi
709 4253 835 4324 collutis,
883 4256 948 4314 sive
964 4254 1026 4313 sint
1039 4252 1162 4333 reliquis
1178 4255 1421 4331 praestantiores,
1438 4257 1507 4318 slve
1515 4276 1581 4319 nou

139 4343 257 4402 interim
287 4348 500 4423 exspectantes
534 4350 564 4402 ιι
594 4341 770 4402 anhelantes
797 4297 835 4396 ad
882 4340 962 4399 Nam
977 4348 1011 4398 ut
1025 4339 1085 4398 sint
1104 4341 1350 4418 praestantiores,
1374 4340 1583 4406 adustionem

139 4428 356 4508 plenitudinem
372 4428 455 4488 illam
467 4427 525 4488 sibi
540 4429 703 4509 repositam
718 4429 747 4489 in
758 4425 835 4486 iutu-
882 4426 1076 4506 primitiarum
1091 4446 1151 4484 nou
1171 4428 1311 4505 pertinet.
1335 4427 1584 4511 Qualeaoumqaa

137 4534 210 4574 rum.
233 4518 281 4576 De
296 4513 403 4574 iisdem
418 4513 631 4574 intellexerunt
654 4520 834 4574 commente-
883 4514 961 4572 enim
985 4520 1101 4586 esseut,
1125 4531 1162 4571 eo
1185 4514 1306 4573 nomine
1322 4523 1443 4575 ersuto
1444 4516 1583 4597 ptabilfl,

138 4609 185 4662 tor
200 4602 336 4662 Ambros.
353 4609 384 4661 et
398 4601 526 4681 August.
542 4601 593 4661 lib.
617 4605 645 4662 ι.
669 4599 707 4660 de
729 4619 834 4681 pecea-
883 4607 915 4659 et
930 4597 1099 4658 offerendae
1114 4599 1182 4659 Deo
1198 4597 1363 4660 secuudum
1377 4599 1489 4682 legem,
1505 4601 1584 4688 qaod

138 4695 194 4749 tor.
210 4690 323 4750 meritis
339 4688 472 4768 ospiti.
488 4687 562 4747 et8.
881 4686 970 4765 primi
995 4684 1109 4746 iructns
1134 4693 1251 4759 ιιιιιιι,
1276 4687 1534 4767 quemadmodum
1554 4698 1586 4751 st
