3254 5190
93 281 165 349 atto
588 271 821 327 cossmvsaws
839 271 869 326 m
887 271 955 326 car.
971 271 1012 326 u.

89 470 145 511 neo
173 468 292 511 sensam
320 449 393 509 taoit
427 449 553 529 perinde
586 444 783 513 eommodum.
832 469 941 513 nouae
960 452 1063 527 magis
1084 451 1167 512 aaa?
1191 449 1429 532 argumentatur
1452 447 1520 531 Apo·

90 536 181 618 Quod
196 556 269 598 vero
285 535 407 617 quidam
430 535 548 597 sodium
571 536 627 596 hoa
642 536 710 598 loeo
724 557 785 600 noa
832 538 926 598 stolos
941 539 979 598 ab
992 537 1127 617 exemplo
1140 537 1274 612 aliorum,
1291 538 1346 617 qni
1358 556 1425 597 aum
1438 537 1521 598 minas

90 622 205 684 addunt
220 625 255 685 ia
269 642 333 699 ope,
348 621 419 682 inde
432 621 545 683 iactam
559 623 695 698 arbitror,
712 625 784 704 quia
833 624 1022 685 laborassent
1042 624 1125 704 apud
1149 622 1327 684 Corinthios
1355 625 1388 683 in
1412 626 1520 702 uegeta

88 709 252 792 putabatur
281 729 349 770 esse
379 710 570 789 superfluum.
612 710 685 771 Jam
713 710 785 771 hina
832 710 1009 791 Evangelii,
1030 719 1131 771 tamen
1147 710 1261 771 abillis
1277 710 1423 771 abmeuta
1438 728 1520 770 sume

89 797 191 877 colligi
206 815 324 858 rursum
340 795 407 855 vult
422 795 600 875 Apostolus,
622 796 786 877 Evangelii
832 796 913 860 bant.
948 794 1079 858 Videtur
1098 803 1201 858 autem
1215 805 1323 858 notare
1339 794 1518 877 Pseudoapo-

88 885 266 967 ministrum,
281 891 386 962 utpote
399 883 594 962 spiritualiter
605 890 740 944 arautem
755 891 786 943 et
834 885 946 956 stolas,
972 885 1025 963 qni
1049 884 1106 944 sub
1130 885 1290 944 aoeaeione
1314 883 1519 964 qualisauuqaa

88 973 276 1031 triturantem
301 970 332 1029 in
357 989 429 1050 agro
453 977 482 1029 et
503 969 618 1029 familia
639 970 715 1042 Dei,
733 970 785 1048 jas
834 975 882 1033 sui
896 970 1054 1031 ministerii
1069 967 1232 1030 Corinthiis
1248 970 1390 1050 impensi,
1404 969 1517 1049 parmai·

88 1057 201 1117 habere
212 1055 400 1136 pereipiendi
415 1055 545 1117 eretum
557 1056 784 1117 sustentationis
833 1068 897 1119 tum
912 1057 1072 1137 potestatis
1086 1055 1144 1116 sibi
1154 1053 1238 1135 apud
1249 1075 1303 1116 eos
1316 1053 1518 1117 vendiaabmt:

91 1162 130 1205 ex
145 1161 236 1222 opere
251 1162 305 1202 sno
321 1142 479 1222 spirituali.
514 1142 563 1203 De
586 1142 723 1222 quoiam
739 1160 785 1201 se·
833 1145 874 1206 de
889 1142 1000 1225 quibas
1016 1143 1048 1202 in
1064 1147 1092 1204 2.
1110 1143 1196 1223 epist
1211 1160 1277 1222 aap.
1293 1146 1343 1202 11.
1360 1142 1405 1201 ita
1418 1141 1518 1202 sarrbit:

90 1229 210 1311 quiturt
834 1230 1001 1294 seminata
1016 1233 1102 1289 euim
1108 1274 1118 1305 ,
1143 1232 1171 1290 tt'
1185 1231 1256 1306 quia
1275 1247 1331 1291 vot
1346 1230 1384 1289 t'u
1399 1230 1517 1289 mbr

135 1320 184 1378 11.
200 1315 236 1377 st
250 1334 309 1377 aaa
328 1314 416 1376 vobis
437 1315 624 1392 spiritualia
645 1317 786 1375 semiue·
835 1323 897 1378 tam
912 1315 1044 1392 redtott,
1059 1318 1086 1375 u'
1100 1319 1170 1393 quis
1185 1316 1340 1390 devorat,
1357 1317 1384 1375 ai
1399 1316 1516 1392 pisiam

91 1405 211 1478 vimus,
227 1421 381 1479 muoaum
396 1410 439 1462 ast
453 1403 480 1462 si
494 1419 553 1461 aot
567 1400 715 1463 comalio
731 1419 786 1461 oe·
835 1406 921 1480 cipit.
944 1402 1005 1462 Pro
1021 1409 1143 1463 veruna
1159 1402 1273 1462 alarias
1287 1402 1328 1463 ad
1345 1420 1471 1476 sensam
1486 1407 1516 1461 at

89 1498 156 1551 atra
171 1489 350 1551 metamus?
376 1486 494 1549 Graece
509 1481 672 1566 θερίσομεν
688 1494 786 1547 mete·
836 1510 897 1571 que
920 1490 1009 1550 etiam
1031 1508 1071 1550 ex
1093 1487 1211 1550 Graeco
1234 1488 1274 1548 ad
1296 1484 1425 1548 verbum
1450 1485 1517 1549 retu

89 1596 167 1637 mua
203 1576 414 1636 Ratiocinatur
436 1574 474 1635 ab
489 1574 705 1653 inaequalitate
721 1574 786 1635 dati
835 1578 935 1659 potuit
949 1577 1057 1652 votui,
1073 1575 1173 1647 idest,
1189 1577 1220 1636 in
1235 1594 1301 1635 vos.

91 1670 122 1722 et
144 1663 276 1742 aaoepti,
304 1659 395 1741 idque
419 1661 475 1721 sub
497 1659 675 1741 metaphora
701 1661 787 1721 aemi·
879 1662 959 1723 Nam
974 1680 1081 1722 sensns
1096 1670 1156 1722 est:
1172 1661 1205 1722 Si
1220 1660 1273 1721 alii
1288 1659 1449 1742 potestatis
1462 1678 1516 1740 erga

90 1749 189 1808 nantis
212 1756 242 1808 et
263 1748 418 1809 metentis:
446 1750 499 1828 qai
525 1747 620 1807 multo
642 1746 711 1829 plus
734 1766 786 1807 ax·
837 1771 891 1812 vos
905 1749 1159 1831 participassent,
1173 1748 1232 1808 hoa
1245 1755 1302 1820 est,
1319 1753 1440 1807 utentes
1454 1742 1517 1826 apul

92 1844 209 1915 speetu
231 1854 248 1895 a
271 1844 364 1907 terra,
390 1855 481 1916 qaam
503 1834 534 1893 in
557 1853 623 1894 eam
649 1833 788 1915 projecit
837 1857 893 1899 vos
904 1843 1055 1916 potestate
1066 1835 1268 1896 ministrorum
1276 1831 1516 1914 Evangeliitdau

91 1921 152 1981 Hie
166 1942 237 1982 vero
254 1921 432 1982 corbariam
447 1918 563 1983 moisio
598 1920 678 1982 Nam
702 1922 788 1999 spiri·
837 1945 891 2004 pro
907 1942 963 1984 suo
976 1923 1192 2002 qualicumque
1204 1921 1375 1981 ministerio
1387 1920 1516 1999 resipiant

92 2008 196 2081 taulis,
212 2029 292 2090 quae
307 2007 497 2082 seminantur,
513 2007 789 2088 incomparabiliter
838 2033 857 2071 a
871 2009 958 2071 vobis
980 2009 1159 2090 temporalia
1175 2006 1328 2084 subsidia3
1356 2027 1397 2067 an
1407 2025 1467 2068 aaa
1478 2025 1516 2085 po

92 2094 216 2156 meliora
232 2105 302 2157 snat
318 2095 501 2169 annualibus,
528 2114 607 2174 qaae
628 2101 787 2155 metuntur.
837 2097 905 2158 tiori
916 2097 988 2175 jure
1000 2115 1056 2176 ego
1069 2104 1100 2156 et
1109 2093 1264 2155 Barnabas
1276 2114 1295 2154 a
1307 2093 1422 2172 Spiritu
1433 2099 1515 2152 mnae

92 2180 183 2242 Unde
199 2182 270 2243 nibil
286 2200 439 2260 magnum,
464 2181 575 2260 iuquit,
599 2181 685 2242 uobis
700 2199 788 2259 prae·
837 2183 921 2245 missi
933 2181 971 2242 ad
987 2200 1062 2262 opus
1069 2180 1241 2260 Evangelii,
1253 2200 1289 2241 aa
1300 2181 1392 2260 primi
1404 2179 1516 2259 gentian
1534 2203 1537 2212 ·

93 2276 203 2343 statar,
225 2289 282 2331 neo
299 2268 385 2328 vobis
402 2286 559 2329 onerosam
575 2267 674 2328 videri
691 2265 788 2342 debet,
838 2268 992 2351 Apostoli,
1018 2269 1086 2329 lieri
1101 2268 1252 2347 potuimus
1267 2263 1441 2346 hujusmodi
1454 2272 1517 2346 pota

93 2356 119 2414 si
138 2375 193 2415 uos
216 2354 387 2437 spiritualia
409 2355 496 2415 vobis
520 2354 789 2430 subministrantes,
839 2357 925 2418 statis
940 2353 1128 2436 participes?
1150 2353 1218 2434 Ego
1241 2351 1364 2434 qnidam
1378 2350 1516 2432 apntlvot,

92 2443 222 2502 vicissim
238 2442 370 2503 earnalia
384 2443 572 2522 recipiamus.
608 2439 790 2521 Quanquam
839 2464 915 2525 qnos
938 2461 992 2521 per
1013 2440 1216 2520 Evangeliam
1238 2440 1269 2499 in
1284 2438 1403 2499 Christo
1428 2437 1517 2519 genai3

92 2536 193 2588 autem
209 2537 331 2608 propter
345 2527 454 2588 dietam
470 2527 718 2607 inaequalitatem
731 2548 790 2589 non
839 2527 997 2592 Barnabas
1010 2536 1110 2589 autem
1121 2526 1287 2608 apadslias
1298 2534 1417 2605 gentes,
1429 2521 1518 2604 qarbu

94 2621 195 2694 potest
213 2614 340 2676 alterum
363 2634 417 2694 pro
440 2614 534 2675 altero
555 2613 642 2674 velut
662 2615 790 2694 pretium
839 2614 1040 2694 Evangelium
1054 2612 1251 2695 praedicavit
1274 2612 1355 2673 Nam
1366 2609 1517 2672 Bonita

95 2700 161 2760 dari
181 2701 231 2760 vel
254 2703 368 2780 aooipi:
392 2709 491 2761 tamen
513 2701 555 2760 ita
575 2700 684 2761 dantur
706 2704 790 2784 spiri·
841 2701 1002 2765 Corinthiis
1011 2700 1203 2781 praedicasse
1215 2720 1277 2760 noa
1287 2706 1425 2779 apparet,
1437 2712 1519 2778 ueqta

94 2788 206 2858 taalia,
229 2786 347 2849 atinde
362 2796 504 2849 nascatur
524 2788 555 2848 in
576 2786 668 2848 dante
687 2788 740 2866 jas
762 2796 793 2849 et
841 2811 880 2852 ex
894 2789 971 2850 eatis
986 2791 1091 2869 Apost.
1115 2806 1216 2867 neque
1232 2805 1271 2846 ex
1291 2784 1431 2865 epistolis
1444 2781 1520 2844 Pria

95 2883 227 2954 potestas
242 2875 376 2934 earnalia
390 2873 592 2954 percipiendi,
620 2882 652 2934 et
667 2875 697 2933 in
713 2876 791 2936 aoei-
884 2877 946 2939 sed
977 2894 1045 2936 aoa
1074 2878 1123 2935 usi
1152 2892 1260 2935 sumus
1289 2873 1349 2932 boe
1380 2875 1521 2949 potestas

95 2962 197 3042 pionte
212 2959 345 3021 debitum
360 2958 516 3020 reddendi.
550 2959 726 3039 Spiritualia
740 2982 791 3021 vo·
841 2966 942 3044 Negat
956 2982 989 3023 se
1005 2972 1035 3023 et
1049 2962 1218 3022 Barnabam
1233 2960 1347 3040 passim
1361 2977 1435 3020 usos
1448 2958 1521 3019 uisa

96 3056 145 3107 eat
159 3046 322 3108 doctrinam
335 3046 794 3126 Evangeliaamatsaerameuta
843 3071 881 3112 ea
903 3058 1059 3130 potestate
1096 3047 1175 3107 Nam
1193 3045 1324 3106 Paulam
1344 3042 1521 3126 apud-litet

95 3153 150 3215 per
175 3135 318 3213 spiritum
343 3143 478 3195 sanatam
504 3134 652 3208 efficacia,
684 3135 793 3215 quibas
843 3136 937 3197 dones
952 3134 1306 3208 nsum‚iaisse,‚oonstat
1328 3151 1368 3193 ex
1389 3132 1440 3204 iis,
1461 3144 1521 3210 qast

101 3223 201 3282 anima
215 3223 355 3303 pasoitur.
394 3219 534 3281 (israelis
556 3241 628 3282 vero
656 3221 726 3283 diait
740 3222 794 3283 ali·
843 3223 946 3284 scribit
959 3225 991 3283 in
1007 3228 1035 3284 2.
1051 3222 1134 3302 epist.
1152 3241 1218 3300 oap.
1235 3224 1284 3280 11.
1302 3228 1335 3280 at
1353 3219 1394 3280 ad
1409 3216 1520 3296 Philipp

101 3317 216 3382 menta,
233 3330 268 3369 aa
284 3317 404 3370 caetera
419 3307 569 3382 subsidia,
591 3309 701 3389 quibus
716 3329 795 3385 earo,
843 3332 908 3391 cap,
924 3316 953 3372 4.
978 3310 1037 3370 Gur
1047 3316 1148 3369 antem
1160 3326 1235 3367 usus
1250 3327 1312 3367 uon
1327 3305 1428 3380 inerit,
1441 3304 1520 3366 satia

102 3394 133 3455 id
163 3404 223 3468 est,
253 3415 360 3476 eorpus
389 3397 517 3456 nauita:
546 3404 638 3478 atque
666 3395 795 3457 fovetur.
844 3397 934 3459 dicet

1559 1142 1563 1239 l

1557 1440 1563 1511 l

1556 1514 1563 1539 ⁴.

1561 1570 1563 1579 .

101 3481 794 3562 sanaemsententiamspouolrsaom.15.
886 3484 948 3547 Sed
962 3485 1073 3544 amaia
1087 3484 1285 3542 suetiaemus.
1308 3481 1445 3555 Omnia,
1459 3472 1519 3537 uolt
1559 3481 1563 3485 '

101 3571 145 3630 sia
159 3570 283 3630 extulit:
305 3571 430 3630 Nomai
453 3570 671 3645 spiritualium
685 3588 794 3632 eostam
845 3591 883 3632 ox
904 3592 965 3631 nou
979 3590 1037 3630 asa
1058 3569 1220 3650 potestatis
1245 3565 1421 3628 antedictae
1435 3578 1518 3647 prust·

99 3658 367 3734 portiaipeasocti
383 3664 457 3715 suat
470 3659 618 3732 penulae,
639 3658 752 3719 debeat
766 3665 796 3718 at
844 3659 973 3718 aientia:
990 3674 1100 3735 nempe
1113 3654 1237 3727 famem,
1254 3654 1350 3726 sitim,
1365 3654 1518 3734 frigeam
1561 3729 1563 3733 Ι

99 3744 327 3805 iaooraolibua
335 3745 520 3803 ministrare
528 3745 599 3805 illia
622 3744 709 3818 Vide,
718 3764 797 3825 qaae
844 3744 976 3818 ditatam,
989 3743 1119 3824 vigilias,
1130 3740 1431 3814 manaumlaborom,
1444 3736 1518 3812 ati*
1559 3748 1563 3799 t

99 3852 155 3892 nos
169 3850 206 3891 eo
222 3830 287 3890 loeo
303 3828 444 3890 diximus.
844 3830 923 3891 modi
938 3832 970 3890 in
994 3835 1022 3892 2.
1038 3831 1126 3911 epist
1149 3848 1215 3908 asp.
1231 3830 1260 3888 6.
1277 3836 1308 3887 et
1324 3831 1375 3888 11.
1399 3827 1518 3888 Μ

145 3918 193 3978 11.
209 3918 243 3979 a·
257 3919 316 3978 olii
335 3920 500 3994 potestatis
517 3925 637 3979 vertrae
656 3922 795 3996 portici·
887 3919 934 3978 Ne
948 3917 1034 3994 quod
1049 3914 1278 3996 offmdtmtum
1300 3914 1415 3976 demus
1429 3914 1519 3976 Euat·

96 4012 249 4081 persam,
265 4022 365 4083 quare
380 4022 448 4064 aaa
459 4008 568 4081 potius
578 4006 660 4066 uos?
676 4009 794 4085 Quare,
843 4005 924 4081 aelio
948 4005 1071 4067 obviati
1110 4002 1160 4061 En
1182 4019 1323 4073 eausam,
1347 4021 1402 4061 aar
1425 3997 1521 4082 ipset

100 4091 139 4151 (la
161 4111 216 4152 suo
239 4090 355 4153 addidit
381 4092 542 4170 interpres,
567 4100 601 4152 ut
627 4093 796 4172 expressior
843 4091 1003 4151 Barnabas
1029 4110 1090 4151 non
1115 4088 1229 4147 inerim
1254 4086 1301 4146 usi
1327 4093 1476 4168 potestate
1492 4094 1520 4141 st

100 4186 182 4238 esset
196 4179 400 4257 iuterrogatio.
423 4177 502 4237 Nam
515 4178 631 4257 absque
643 4199 679 4240 eo
691 4178 797 4259 legunt
842 4177 1014 4258 Evangelio
1029 4173 1170 4246 vivendi:
1193 4191 1232 4234 aa
1247 4171 1368 4236 scilieet
1382 4171 1473 4235 uliam
1482 4165 1520 4230 b

101 4263 795 4339 etiamLatiai,·'l'ertullianas,eteommentator
843 4273 912 4325 reat
954 4261 1165 4325 offendiculam
1208 4259 1383 4341 Evangelia
1420 4250 1522 4322 ΟΜ

99 4349 254 4420 Ambrae..
282 4371 408 4431 qaorum
431 4349 485 4411 ille
506 4358 623 4431 partem
648 4351 727 4413 hane
752 4354 796 4413 aie
844 4351 1096 4430 Offeadieulum,
1120 4347 1237 4409 Graeoe
1259 4337 1417 4426 ἐγκοπὴν,
1443 4343 1522 4411 ild»

99 4437 208 4496 renitet
221 4435 271 4497 lib.
288 4436 326 4498 de
340 4437 488 4516 pudicitia
512 4458 575 4517 aap.
594 4440 643 4498 14,
680 4442 715 4500 Si
737 4439 796 4499 olii
843 4440 1089 4511 intercisionem,
1106 4436 1396 4511 intemptioasm:
1410 4422 1521 4495 etd-

101 4523 139 4583 οι
153 4516 426 4604 ροίωῐοῦιῖοαιτο
449 4533 703 4603 consequuntur,
728 4544 795 4587 aaa
845 4535 893 4585 tur
914 4543 968 4604 pro
991 4523 1149 4584 obstaculo
1173 4539 1210 4581 aa
1224 4541 1358 4594 remon,
1381 4528 1417 4581 at
1437 4524 1520 4579 affl

99 4613 201 4686 mouit
214 4611 295 4671 aaa?
309 4611 380 4672 ·lste
395 4631 466 4672 vero
489 4611 565 4693 legit
579 4610 619 4673 ati
642 4610 722 4673 buno
735 4632 795 4673 mo·
842 4613 896 4671 sit:
919 4610 969 4671 Ne
982 4618 1101 4671 utentes
1122 4615 1273 4690 potestate
1298 4608 1518 4688 starem

99 4694 186 4757 dam:
208 4696 244 4760 Si
266 4696 325 4758 olii
343 4704 499 4776 potestate
519 4705 624 4761 oestro
646 4705 795 4777 ictuatus,
842 4717 956 4761 moram
970 4698 1138 4778 injiaiamm
1152 4694 1340 4776 Evangelia,
1365 4689 1516 4779 quoni!
