3270 5182
474 278 730 333 spumosarum
749 277 934 335 couuruoa
957 277 1041 332 ms.
1057 277 1083 329 s.
1426 277 1499 355 55³

61 453 180 528 (imant,
195 455 375 537 superstites
391 464 490 528 erant,
505 463 626 536 praeter
639 455 756 531 Mosen,
805 463 1003 537 utnusquam
1026 455 1145 518 aberat:
1168 454 1285 534 quique
1306 457 1368 513 toto
1392 450 1510 511 itinere.

61 542 172 614 Aaron,
183 540 283 603 Josue
295 540 435 603 etCaleb.
458 540 619 604 Sedhoile
630 562 755 623 respon·
803 542 889 604 raris
904 540 1049 603 beneficia
1063 539 1244 621 praestando
1266 557 1319 599 eos
1338 533 1499 599 comitaba-

60 627 159 700 detur,
175 627 337 710 etquidem
349 626 524 708 dupliciter:
539 630 590 689 vel
603 638 636 689 nt
651 649 755 691 ascen·
805 638 868 701 tur,
889 636 1133 708 repraesentatus
1155 646 1210 707 per
1231 624 1371 704 angelum
1394 620 1502 704 populi

59 713 144 775 disse
159 712 296 774 dicantur
310 735 369 774 non
386 717 418 776 in
431 734 480 789 se,
503 714 557 776 ssd
581 715 609 776 in
625 717 756 797 parenti·
805 714 971 776 duetorem:
987 713 1098 795 dequo
1114 713 1249 775 dicemus
1264 709 1350 771 intra
1385 709 1500 770 Verum
1530 791 1533 796 .

60 800 133 877 bns3
162 820 231 859 nam
256 809 399 880 parentes
427 819 530 864 eorum
553 803 755 864 mcenderant
804 803 829 860 si
859 802 994 863 Christus
1024 800 1257 880 significaretur,
1293 818 1355 858 non
1384 794 1502 856 diceret

67 888 122 948 Vel
138 888 211 966 qnia
225 905 332 948 revera
354 888 445 947 etiam
467 888 527 967 ipsi
545 909 611 950 cnm
626 890 757 969 parenti·
804 887 978 967 Apostolus,
993 895 1149 964 sequente,
1164 884 1218 945 sed
1229 882 1432 965 praecedente
1446 898 1498 959 pe·

60 973 118 1033 bna
143 972 343 1034 ascenderant
372 972 410 1034 de
435 978 594 1054 Aegypto,
622 973 756 1037 nondum
804 983 858 1034 tre.
885 971 1020 1053 Angelus
1036 976 1116 1036 enim
1131 970 1217 1032 volut
1232 970 1338 1031 ductor
1351 966 1498 1049 populum

61 1069 163 1120 tamen
193 1061 258 1120 nati
282 1060 392 1138 viginti
418 1079 521 1120 annos
560 1059 652 1141 Quod
678 1062 756 1121 enim
802 1059 1014 1141 praecedebat,
1029 1069 1062 1120 ut
1077 1059 1212 1141 loquitur
1226 1057 1383 1138 Scriptura
1397 1051 1500 1115 uxot.

60 1145 187 1216 dicitur,
217 1165 335 1219 omnes,
365 1148 418 1226 qui
443 1145 544 1206 educti
572 1148 692 1207 fuerant
717 1167 756 1209 ex
804 1148 854 1206 23.
871 1155 902 1208 et
918 1151 968 1209 32.

62 1234 215 1312 Aegypto,
229 1233 357 1312 periisse
370 1233 401 1292 iu
416 1231 544 1305 deserto,
563 1233 602 1293 ds
615 1234 654 1293 iis
669 1234 755 1295 intel·
847 1234 1001 1314 Quocirca
1012 1235 1109 1313 magis
1121 1232 1225 1312 placet
1235 1236 1353 1309 petram
1363 1227 1501 1289 materia·

59 1318 214 1398 ligandum
230 1326 361 1390 constat,
381 1320 437 1398 'qni
453 1319 542 1379 Nnm.
569 1325 596 1381 1.
616 1320 758 1399 leguntur
803 1320 861 1381 lem
878 1318 1019 1399 intelligi.
1034 1319 1118 1380 illam
1134 1319 1245 1399 ipsam,
1273 1337 1312 1379 ex
1327 1334 1387 1396 qua
1400 1330 1501 1395 aquae

59 1406 208 1483 numerati
230 1404 355 1465 fuisses
377 1406 485 1484 viginti
500 1407 588 1466 aunis
611 1415 643 1467 et
655 1426 756 1487 supra,
804 1414 963 1488 eruperant
977 1407 1008 1467 in
1030 1405 1163 1477 deserto,
1187 1422 1268 1483 quae
1289 1402 1354 1463 lore
1375 1399 1500 1461 Latino·

59 1492 140 1551 sient
164 1508 307 1570 expresse
334 1491 480 1552 Dominus
506 1494 569 1552 auis
594 1495 697 1556 verbis
724 1493 756 1555 id
803 1514 866 1553 rum
882 1494 1088 1572 interpretatio
1104 1506 1166 1564 sst;
1189 1497 1223 1550 nt
1244 1490 1287 1551 sit
1304 1506 1427 1549 sensus:
1453 1485 1501 1547 Bi·

60 1576 196 1638 declarat
211 1577 300 1637 Num.
319 1581 366 1638 14.
803 1580 915 1640 hebent
930 1599 968 1639 ex
983 1588 1070 1659 petra
1086 1574 1214 1654 (Graece
1229 1567 1264 1634 la
1279 1566 1409 1653 πάτρας)
1434 1573 1499 1634 fun·

104 1663 181 1725 (lum
208 1665 300 1743 igitur
324 1665 514 1725 manifestum
541 1667 596 1738 ait,
622 1666 755 1727 diversae
804 1665 894 1726 dente
906 1663 1295 1747 aquas3qnomodobibers
1308 1658 1498 1741 quisdioitnr

62 1770 131 1811 esse
154 1770 254 1830 aquae
276 1751 463 1810 fluxioneae
490 1760 593 1829 petra,
620 1772 700 1832 quae
725 1755 756 1814 in
805 1751 927 1827 edolio,
943 1772 981 1814 ex
996 1772 1054 1834 qno
1070 1753 1172 1814 vinnm
1190 1749 1383 1830 depromitur.
1413 1746 1501 1809 Haeo

60 1837 160 1898 Exod
180 1845 212 1897 et
224 1836 366 1897 Numeria
390 1836 614 1912 describuntur,
637 1837 756 1918 cajeta·
804 1849 902 1900 autem
926 1846 1014 1919 petra
1039 1839 1179 1900 comitata
1204 1835 1315 1898 dicitur
1339 1833 1501 1909 Israelita,

60 1943 119 1984 nus
146 1926 178 1983 iu
202 1922 293 2001 hujus
319 1922 378 1983 loci
407 1927 620 1985 commentario
645 1936 757 2004 censet,
804 1946 839 1986 eo
855 1925 938 2007 quod
952 1944 1068 2005 aquae,
1091 1945 1167 2006 quas
1189 1930 1276 2003 petra
1296 1921 1503 2004 copiosissime

60 2009 240 2090 Apostolum
255 2009 295 2068 ad
311 2019 469 2089 utramque
483 2012 640 2090 respicere.
676 2013 758 2074 Nam
803 2012 959 2085 fundebat,
971 2033 1025 2092 pro
1038 2012 1248 2073 commoditate
1258 2008 1365 2090 populi
1377 2010 1410 2070 in
1420 2009 1502 2069 rivos

60 2105 94 2158 et
107 2105 238 2178 uterque
253 2096 426 2177 scripturae
448 2097 533 2157 locus
555 2098 604 2159 hic
624 2098 662 2159 ad
680 2120 756 2160 mar·
804 2099 933 2172 divium,
957 2098 1048 2178 longo
1068 2100 1165 2178 spatio
1180 2096 1380 2177 profluerent,
1402 2093 1502 2155 dones

59 2183 162 2264 ginem
188 2184 326 2244 annotari
351 2182 436 2245 solet
474 2185 615 2265 Aquinas
640 2193 757 2248 tantum
804 2187 960 2247 veniretur
981 2185 1021 2246 ad
1040 2184 1158 2255 locum,
1179 2182 1233 2243 ubi
1254 2191 1335 2243 esset
1356 2199 1501 2261 aquarum

59 2266 157 2329 refert
170 2269 210 2330 sd
225 2268 378 2329 historiam
393 2270 600 2332 Numerorum.
627 2272 757 2333 Lirauua
804 2272 900 2350 copia
925 2270 1015 2332 Unde
1030 2270 1142 2331 Psalm.
1159 2270 1208 2329 71.
1223 2267 1262 2328 ds
1277 2266 1337 2329 illia
1355 2268 1443 2347 aquis
1458 2264 1500 2327 di·

60 2374 135 2415 varo
149 2364 266 2416 tantum
281 2355 320 2416 sd
336 2356 434 2417 locum
449 2355 559 2418 Exodi.
594 2356 684 2436 Quod
702 2380 755 2440 po·
804 2359 897 2418 citur:
933 2359 977 2418 Et
1005 2358 1138 2418 deduxit
1169 2361 1327 2433 tauquam
1361 2355 1502 2433 fiumina

60 2450 204 2502 strennum
227 2444 316 2502 etiam
340 2441 427 2503 nobis
454 2445 584 2503 maxime
605 2445 755 2523 probatur.
805 2462 924 2520 aquea,
952 2452 981 2504 ct
1004 2451 1160 2507 torrentes
1180 2441 1444 2514 inundaverunt,
1471 2445 1503 2499 et

59 2529 183 2590 Etenim
205 2529 276 2589 licet
295 2539 427 2610 utraque
453 2539 541 2610 petra
563 2530 670 2591 haculo
691 2553 757 2613 per·
804 2530 1005 2591 Psalm.104.
1041 2532 1174 2607 Dimsps't
1186 2536 1333 2606 petram,
1355 2534 1385 2591 st
1398 2530 1501 2607 {luas-

60 2635 148 2676 cusaa
164 2613 277 2676 Christi
292 2617 389 2697 figura
403 2615 497 2676 fuerit
517 2618 549 2677 in
563 2616 645 2698 liguo
666 2622 757 2698 passi,
805 2625 883 2679 mat
897 2637 1019 2695 aquae:
1041 2617 1190 2679 abierunt
1204 2618 1241 2677 in
1256 2617 1337 2677 sicco
1355 2616 1501 2696 flumina.

59 2702 228 2782 lanceaque
244 2703 406 2781 perforati3
421 2700 459 2763 de
476 2703 651 2766 solatamen
666 2707 759 2787 priori
805 2704 895 2765 Hane
909 2704 1126 2786 expositionem
1150 2702 1318 2763 comitantis
1338 2709 1443 2783 petrae
1457 2699 1502 2759 vi·

60 2797 148 2869 petra
162 2788 291 2848 Paulum
306 2791 387 2873 loqni
397 2788 508 2851 docent
522 2791 614 2851 verba
630 2812 757 2873 sequen·
805 2789 878 2852 dere
893 2793 985 2853 estin
1007 2791 1109 2871 glossa
1131 2788 1294 2864 ordinaria,
1316 2796 1349 2849 et
1367 2784 1448 2868 apud
1464 2784 1501 2847 B.

61 2877 121 2948 tia,
150 2895 217 2936 cnm
239 2875 328 2937 dicit:
354 2878 386 2938 in
411 2877 547 2957 pluribus
572 2896 675 2939 eornm
697 2901 757 2943 uon
805 2878 923 2951 Atiam,
946 2879 1086 2957 aliosque
1101 2876 1291 2939 retentiones.
1325 2874 1368 2935 Et
1382 2874 1501 2935 husus·

59 2963 153 3023 tuisse
167 2963 387 3042 heneplacitum
396 2964 482 3040 Deo;
498 2972 662 3043 prostratos
678 2969 758 3029 enim
806 2966 910 3025 vocari
920 2975 1021 3043 potest
1032 2964 1252 3026 illemultornm
1260 2959 1500 3033 commentarius,

61 3067 132 3110 essa
146 3049 177 3108 iu
193 3048 322 3110 deserto.
359 3051 439 3111 Nam
455 3050 530 3111 haee
544 3070 651 3130 posue,
666 3072 757 3133 quam
805 3052 858 3132 qui
872 3060 986 3131 petram
1009 3052 1198 3112 comitantem
1221 3050 1436 3129 interpretetur
1451 3045 1502 3106 ob·

62 3134 141 3197 intra
156 3156 211 3196 sno
226 3137 292 3197 loco
310 3157 503 3219 exponemus,
519 3138 679 3198 antecessit
692 3160 758 3199 eam
805 3146 980 3218 sequentem
994 3137 1101 3219 populi
1114 3135 1277 3199 desiderio.

59 3223 167 3305 populi
183 3223 221 3282 de
236 3243 336 3303 aquas
351 3224 470 3285 delectu
484 3225 758 3297 murmurationem,
848 3223 940 3304 Quod
954 3245 1026 3285 vero
1041 3223 1165 3305 qnidam
1185 3222 1337 3295 reterens,
1362 3220 1442 3281 tilios
1454 3219 1500 3282 Is-

61 3328 140 3392 ques
150 3311 347 3371 Numerorum
360 3313 410 3371 20.
424 3310 614 3383 describitur,
629 3321 663 3372 nt
674 3320 759 3392 patet
804 3311 869 3371 rutil
898 3310 977 3371 hanc
1001 3321 1118 3391 petram
1150 3329 1250 3371 secum
1277 3307 1416 3371 retulisse
1445 3327 1501 3388 per

60 3417 100 3457 ex
116 3396 252 3476 ejusdam
266 3397 315 3456 lib.
339 3417 403 3479 cap.
423 3398 472 3456 14.
506 3398 608 3478 Quare
629 3396 669 3457 ad
692 3419 757 3459 eam
805 3399 898 3473 viam,
924 3398 1027 3458 addita
1042 3399 1132 3460 etiam
1148 3395 1252 3457 fabula
1267 3394 1306 3456 de
1320 3397 1387 3476 ejus
1402 3395 1501 3473 parvi·

61 3483 170 3544 referri
185 3504 244 3544 nou
260 3492 368 3564 potest,
384 3483 438 3544 sed
449 3484 543 3544 solum
559 3483 597 3544 ad
612 3484 704 3558 illam,
719 3485 757 3547 de
806 3494 883 3559 tate,
910 3494 944 3544 ut
967 3506 986 3546 a
1008 3484 1104 3545 Maria
1130 3503 1232 3545 sorore
1253 3483 1347 3544 hiosis
1375 3482 1406 3543 iu
1432 3483 1502 3543 sinu

60 3589 123 3651 qua
144 3571 176 3631 in
197 3569 321 3646 Exod03
344 3591 437 3650 quam
460 3573 525 3631 siue
547 3570 637 3632 dubio
659 3592 775 3653 posna-
805 3580 990 3650 gestaretur,
1025 3570 1123 3651 deque
1153 3572 1218 3649 ejus
1253 3578 1419 3651 spontaneo
1447 3588 1502 3649 per

60 3656 118 3717 illa
132 3665 236 3718 secuta
251 3666 305 3729 est,
322 3659 380 3719 etsi
395 3677 454 3718 uon
470 3659 620 3719 continuo.
805 3667 904 3720 castm
914 3666 1014 3719 motuz
1030 3666 1125 3719 totum
1137 3659 1168 3719 id
1179 3658 1285 3718 merito
1297 3657 1382 3718 velut
1392 3654 1501 3717 Judai·

102 3744 191 3804 Nunc
201 3744 373 3817 videndum,
389 3763 479 3824 quam
490 3744 655 3824 Apostolus
668 3745 755 3807 intel·
804 3764 873 3806 cum
889 3748 1033 3808 somnium
1049 3745 1146 3823 rejicit
1168 3754 1257 3824 atque
1276 3741 1413 3824 explodit
1428 3741 1501 3801 Hai-

58 3832 135 3911 ligat
163 3840 278 3911 petram
308 3829 502 3912 spiritualem.
549 3831 755 3912 Chryaostom.
804 3853 860 3892 mo.
903 3832 1077 3913 Spiritnulis
1107 3841 1208 3892 autem
1237 3839 1364 3891 vocatur
1395 3826 1501 3888 eadem

58 3917 173 3997 aliique
188 3917 297 3979 Graeci
314 3916 463 3978 Christum
488 3919 584 3997 ipsum
611 3920 756 4001 interpre·
804 3928 904 3998 petra,
928 3918 1078 3999 quomodo
1094 3938 1204 3979 manna
1225 3927 1257 3979 et
1271 3936 1365 3996 aquas
1381 3934 1398 3974 e
1413 3921 1502 3992 petra

58 4012 178 4076 tantur,
201 4014 324 4084 propter
339 4003 369 4064 id
385 4003 465 4084 quod
490 4005 640 4084 sequitur,
660 4014 756 4083 petro
803 4007 930 4066 fluentes
945 4005 1056 4068 dictum
1067 4013 1115 4066 est
1125 4006 1226 4067 vocari
1238 4023 1337 4064 escam
1353 4010 1383 4062 et
1396 4008 1501 4081 potum

59 4098 166 4153 autam
179 4099 249 4150 erat
257 4093 399 4153 Christus
404 4115 416 4167 ‚-
428 4099 520 4171 atque
532 4093 621 4153 etiam
634 4101 755 4172 propter
803 4092 997 4173 spiritualem,
1013 4101 1135 4173 propter
1150 4090 1336 4171 spiritualem
1354 4086 1501 4149 videlicet

58 4178 118 4239 hoe
141 4177 222 4257 quod
245 4176 331 4249 dicit,
354 4186 468 4258 petram
491 4188 683 4240 consecutam
700 4199 755 4239 seu
803 4177 1061 4257 significationem.

57 4265 229 4324 comitatam
260 4264 327 4324 illos
355 4264 467 4341 fuisse;
497 4264 579 4348 quod
604 4265 643 4327 de
669 4273 756 4345 petra
846 4266 909 4325 Neo
925 4286 995 4327 vero
1012 4272 1171 4326 contextus
1185 4261 1325 4343 Apostoli
1346 4259 1500 4321 diversum

57 4350 222 4422 materiali,
246 4370 324 4431 qnae
346 4372 399 4412 ano
415 4353 480 4413 loco
496 4352 603 4413 mansit
623 4354 754 4425 immota,
803 4350 987 4414 intellectum
1002 4354 1041 4413 ab
1057 4371 1110 4423 eo,
1125 4370 1214 4430 quem
1230 4348 1382 4420 dedimus,
1409 4346 1501 4409 facile

57 4459 118 4499 non
133 4437 253 4499 videtur
268 4440 364 4518 accipi
380 4459 476 4519 posse
500 4439 551 4499 Sic
566 4441 659 4518 igitur
672 4440 755 4518 Apo·
801 4441 917 4520 recipit.
952 4440 984 4502 si
1001 4440 1081 4499 euim
1095 4436 1192 4498 nubes
1207 4445 1238 4497 et
1253 4454 1350 4509 mare,
1364 4435 1500 4497 omnium

57 4525 168 4586 stolum
177 4524 649 4606 exponuutfflibebantdeaqua,
662 4546 753 4607 quam
802 4529 995 4607 interpretum
1018 4542 1180 4595 consensu,
1209 4522 1419 4603 intelliguntur
1446 4521 1500 4583 illa

56 4615 102 4674 eis
127 4613 294 4692 praebebat
320 4621 405 4691 petra
431 4612 611 4691 spiritualis,
641 4613 672 4674 id
698 4622 754 4686 est,
800 4614 981 4686 materialia,
1006 4610 1134 4691 mystice
1158 4620 1257 4671 tumen
1279 4607 1499 4692 111ηᾶιὶμὶ1-

56 4698 213 4772 Christus,
235 4699 290 4783 qui
304 4719 359 4777 per
380 4696 570 4765 divinitatem
591 4708 662 4763 tunc
678 4708 752 4775 erat,
800 4699 912 4776 cautim
928 4700 1017 4781 igitur
1033 4709 1062 4761 et
1076 4717 1156 4774 esce,
1169 4706 1271 4781 potua,
1285 4708 1390 4782 petra,
1404 4703 1496 4761 mate·
