3254 5190
150 291 220 358 158

146 466 241 517 morat
266 457 432 536 Apostolus
458 456 497 516 ad
523 456 589 518 Gal.
617 455 845 534 5.,003000001

148 553 217 605 suut
240 543 384 604 idolorum
408 545 546 610 servitus,
571 544 749 614 inimicitiae,
773 563 842 604 con·

146 632 304 697 tentiones,
328 631 543 690 aemulationes
566 639 621 688 etc.

191 715 318 775 Carnem
333 718 424 795 igitur
439 715 604 795 Apostolus
627 716 764 794 intelligit
780 736 842 774 car·

148 802 245 862 nalem
261 805 530 882 concupiscentiam
547 804 666 880 spiritui
683 802 843 861 adversan-

147 900 214 961 tem,
231 909 309 968 quae
324 909 378 967 per
393 909 479 948 omne
495 909 591 968 genus
605 892 745 948 vitiorum
761 907 842 966 spar

146 978 242 1054 gitur,
273 997 309 1035 ac
334 986 426 1055 negat
452 975 615 1055 quidquam
641 974 843 1034 damnationis

146 1064 293 1142 reliquum
316 1082 383 1122 esse
407 1063 582 1141 baptizatis,
605 1063 657 1141 qui
679 1061 842 1120 secundum

146 1169 264 1208 carnem
288 1170 346 1209 000
362 1149 477 1222 vivunt,
501 1147 607 1221 idest,
630 1150 842 1225 coucupiscen-

146 1236 204 1295 tiae
220 1235 346 1295 motibus
362 1255 415 1295 seu
428 1234 585 1294 desideriis
597 1256 656 1294 000
672 1234 841 1314 obsequun-

147 1333 202 1382 tur.
225 1322 349 1401 Alioqui
365 1324 396 1381 in
413 1331 554 1400 quantum
572 1323 639 1401 quis
656 1323 691 1379 iis
707 1321 841 1400 obsequi·

145 1421 193 1468 tur
207 1417 258 1468 aut
273 1410 429 1480 consentit,
452 1410 484 1468 in
498 1417 613 1467 tantum
629 1408 663 1466 fit
679 1427 746 1467 reus
762 1407 841 1466 dam-

146 1496 289 1568 nationis,
312 1495 342 1554 id
365 1504 423 1567 001,
445 1514 562 1574 poenae
586 1495 637 1554 vel
660 1493 842 1573 temporalis,

146 1582 196 1642 vel
211 1592 359 1643 aeternae.
382 1582 417 1640 Iu
433 1580 549 1641 Graeco
565 1580 701 1641 additur:
725 1581 779 1639 sed
794 1600 841 1639 sa-

146 1671 287 1729 cundum
302 1672 458 1744 spiritam.
483 1667 573 1745 Quod
589 1676 687 1727 tamen
703 1669 842 1746 usquein

146 1758 273 1835 Syriaco
289 1764 373 1816 textu
390 1756 507 1833 legitur,
522 1774 622 1833 neque
634 1753 713 1833 apud
725 1763 842 1813 veteres

148 1844 280 1913 Latinos,
293 1861 349 1902 000
363 1844 393 1901 10
404 1842 542 1900 omuibus
551 1840 738 1901 estGraecis.
753 1839 842 1900 Unde

147 1930 330 2009 adjectitium
338 1928 434 1989 videri
447 1937 545 2005 potest
554 1948 646 1999 exeo,
659 1926 741 2006 quod
752 1927 842 2005 paulo

147 2025 215 2097 post
227 2016 344 2075 dicitnr:
368 2018 428 2093 (lai
443 2033 511 2075 aaa
526 2015 699 2074 secundum
713 2032 843 2072 caricem

147 2104 366 2175 aeabatarnas,
401 2103 454 2162 sed
483 2102 656 2161 arcuada-m
686 2103 843 2171 spiritam.

147 2190 207 2249 Pro
226 2210 317 2249 seusu
338 2190 428 2248 101100
453 2187 508 2247 1001
532 2189 699 2266 praesentis
722 2185 843 2246 consule

147 2277 222 2336 haec
236 2275 401 2354 Augustini
427 2275 506 2333 loca:
531 2274 581 2332 lib.
599 2277 626 2332 2.
643 2272 681 2332 de
696 2282 843 2351 peccator.

145 2365 260 2423 meritis
276 2383 342 2440 cap.
361 2365 410 2421 27.
427 2370 459 2421 01
474 2363 534 2431 28,
551 2360 599 2419 111).
620 2365 647 2420 2.
670 2369 774 2419 000100
786 2358 808 2419 J
813 2381 843 2417 u·

147 2450 216 2510 lian.
230 2469 297 2527 cap.
312 2450 369 2519 10.,
384 2447 435 2507 lib.
451 2452 476 2506 1.
491 2456 591 2506 contra
604 2446 678 2505 duas
689 2444 843 2524 Epistulas

145 2535 336 2615 Pelagianos
353 2555 418 2613 cap.
431 2537 488 2606 13,
508 2541 538 2591 et
549 2535 692 2592 concione
709 2537 737 2593 3.
754 2551 845 2609 super

146 2621 300 2682 Psalmnm
324 2625 393 2680 118.
437 2621 526 2679 Ratio
553 2619 693 2678 sublatae
723 2617 843 2677 damna·

147 2709 237 2769 tionis
253 2708 394 2786 seqnitur.

191 2799 217 2854 2.
242 2796 309 2854 Lar
325 2796 410 2852 00100
421 2795 552 2868 spiritus
567 2798 651 2850 vitae
667 2796 702 2851 ia
719 2792 842 2852 Christo

147 2886 227 2943 desa
243 2881 390 2940 liberauit
406 2880 563 2954 00001090
575 2881 698 2954 peccati
711 2885 740 2936 at
755 2895 842 2936 mor-

558 310 570 320 -·
645 278 879 333 COMMENTARIUS
898 279 928 331 111
947 279 1013 333 CAP.
1030 278 1089 333 1111.

893 457 1027 532 aliorum,
1043 460 1174 519 maxime
1185 456 1349 539 probabilis
1360 464 1415 518 est
1430 456 1501 517 Hac
1513 456 1589 515 enirn

892 553 980 624 parte
994 544 1051 603 duo
1064 546 1195 617 crimina,
1208 546 1356 623 superiori
1368 545 1467 623 capite
1478 552 1589 603 remota

892 630 984 709 alege
996 630 1143 709 decalogi,
1155 630 1334 692 transfertis
1347 631 1492 702 fomitem,
1503 647 1589 708 quem

892 717 982 795 paulo
1011 728 1082 777 ante
1108 720 1228 780 vocavit
1256 717 1356 797 legem
1381 716 1588 785 membrorum,

892 812 983 881 atque
999 802 1076 863 adeo
1100 804 1197 883 legem
1217 806 1340 883 peccati.
1364 803 1444 862 Nam
1465 801 1505 861 de
1526 802 1588 878 legs

893 890 1031 968 decalogi
1046 900 1116 948 suut
1132 892 1184 951 illa
1204 893 1308 970 capitis
1323 890 1503 969 superioris:
1526 889 1589 948 mr

893 994 966 1050 erqo
993 984 1158 1050 peccatam
1190 979 1255 1037 est?
1286 977 1382 1036 Absit.
1414 977 1472 1034 Et:
1499 972 1587 1053 Quod

893 1081 966 1137 erqo
983 1063 1099 1122 borram
1118 1072 1170 1137 est,
1194 1066 1271 1124 00110·
1284 1064 1468 1139 factumest
1482 1058 1586 1121 morsi

892 1150 989 1209 Absit.
1014 1149 1103 1228 Quod
1126 1160 1284 1230 utrumque
1300 1170 1378 1210 nunc
1393 1145 1575 1209 attribuitis

891 1237 962 1306 miti,
986 1234 1083 1303 idest,
1103 1237 1368 1315 concupiscentiae,
1392 1235 1455 1313 legi
1471 1235 1585 1313 spiritus

891 1323 1052 1382 01100000]
1070 1343 1232 1401 opponens,
1256 1343 1291 1382 ac
1314 1322 1411 1401 legem
1430 1323 1549 1401 peccati
1561 1330 1586 1378 ct

891 1409 992 1467 mortis
1008 1410 1174 1488 appellans.
1197 1411 1252 1469 Est
1272 1410 1352 1469 enim
1375 1409 1429 1469 illa
1452 1409 1504 1469 lex
1524 1427 1585 1486 pcc·

892 1497 958 1567 cati,
982 1497 1054 1574 quia
1069 1496 1108 1555 ad
1124 1505 1277 1574 peccatum
1299 1504 1401 1556 movet
1415 1496 1586 1573 incitatque,

891 1584 975 1642 velut
998 1583 1048 1641 lex
1070 1581 1234 1661 quaedam,
1257 1591 1290 1642 ut
1315 1592 1385 1643 ante
1409 1581 1586 1661 explicatum
1620 1622 1623 1657 :

893 1677 950 1740 est3
974 1676 1004 1727 01
1018 1669 1069 1728 lex
1083 1670 1192 1738 mortis,
1216 1670 1288 1749 quia
1311 1689 1366 1748 per
1389 1688 1423 1727 00
1446 1667 1530 1727 (10011
1551 1664 1586 1727 ad

891 1763 1025 1814 mortem.
1056 1757 1133 1815 Nam
1160 1755 1320 1832 stipendia
1347 1758 1471 1831 peccati
1496 1772 1585 1827 mort,

891 1861 984 1920 supra
999 1862 1064 1919 cap.
1081 1843 1109 1901 6.
1133 1842 1259 1902 Rursum
1283 1843 1334 1901 lex
1357 1851 1403 1902 001
1424 1843 1587 1922 pcccatiet
1621 1890 1623 1895 ,

892 1931 1010 2000 mortis,
1033 1930 1104 2006 quia
1127 1932 1383 2005 caricapisacatia
1405 1931 1502 2005 parit
1522 1946 1585 2005 pcc·
1621 1955 1623 1963 v

892 2023 1015 2087 catam,
1036 2022 1201 2089 peccabam
1228 2034 1319 2090 uero,
1344 2035 1415 2075 curn
1443 2034 1585 2078 comm·
1620 2062 1623 2098 :

892 2110 1015 2161 oratum
1028 2102 1140 2177 faerit,
1163 2110 1294 2177 praerat
1307 2110 1453 2176 mortem,
1476 2103 1546 2164 dac
1565 2106 1585 2159 l.
1621 2150 1623 2161 .

892 2188 980 2258 Illud,
1004 2190 1039 2246 10
1056 2190 1180 2250 Christo
1194 2194 1287 2266 Jesu,
1311 2188 1431 2268 qnidam
1456 2188 1587 2250 00100001
1619 2236 1623 2273 3

893 2274 931 2335 ad
948 2277 1046 2344 vitam,
1071 2285 1104 2333 ut
1123 2276 1305 2353 significetur
1327 2276 1392 2335 vita
1414 2275 1518 2337 danda
1539 2294 1587 2355 pcc

893 2361 1057 2422 Christum.
1081 2359 1151 2439 Quo
1167 2382 1256 2421 00000
1273 2361 1386 2421 dictum
1402 2364 1518 2423 eratin
1532 2360 1586 2423 tine

893 2468 958 2526 cap.
988 2449 1032 2506 6.:
1065 2448 1180 2509 Gratia
1206 2450 1268 2508 Dei
1298 2452 1366 2507 vita
1396 2450 1585 2509 0010000010

894 2536 1017 2594 Christo
1028 2539 1117 2596 Jesu.
1133 2534 1196 2594 Alii
1208 2534 1246 2594 ad
1259 2535 1449 2613 subsequens
1461 2535 1586 2605 verbum
1620 2584 1623 2619 1

893 2621 1050 2694 liberauit,
1068 2641 1167 2694 00000,
1178 2630 1213 2679 01
1225 2630 1358 2700 apparet,
1374 2621 1586 2694 commodiorar

892 2706 1040 2785 quomodo
1056 2706 1168 2766 dictum
1193 2716 1237 2767 ost
1259 2707 1349 2786 paulo
1364 2715 1455 2768 aute:
1478 2709 1586 2770 Gratia
1620 2762 1623 2795 3

892 2795 954 2853 Dei
969 2787 1130 2866 (liberabit
1148 2793 1209 2870 me)
1223 2813 1283 2869 per
1294 2797 1408 2856 ,100000
1421 2797 1586 2856 Christum
1621 2848 1623 2857 .

937 2879 1025 2957 Quod
1041 2889 1140 2940 autem
1155 2880 1242 2940 dicit:
1259 2880 1408 2939 liberauit
1423 2900 1475 2941 me
1490 2900 1512 2941 a
1526 2881 1587 2957 leae
1621 2872 1623 2884 '

147 2972 194 3026 tis.
217 2968 331 3045 Legem
343 2968 469 3044 spiritus
480 2975 569 3025 vocat
580 2966 708 3043 gratiam
722 2963 842 3033 Christi,
889 2969 1012 3040 peccati
1035 2974 1064 3024 et
1086 2970 1208 3042 oro-rtis,
1232 2967 1309 3026 hunc
1336 2986 1460 3026 sensum
1486 2968 1587 3028 habet:

146 3072 207 3132 qua
224 3053 274 3112 lex
289 3053 349 3113 Dei
371 3071 425 3131 per
440 3053 587 3130 Spiritum
612 3059 748 3109 sanctum
771 3051 842 3107 scri·

146 3140 227 3200 bitur
242 3141 273 3198 in
289 3139 430 3199 cordibus
446 3140 566 3198 uostris.
590 3137 651 3216 Qui
666 3138 785 3216 spiritus
801 3136 842 3195 vi·

147 3236 203 3297 tae,
228 3225 258 3284 id
274 3236 328 3300 est,
344 3225 482 3285 vivificus
500 3226 607 3284 dicitur
623 3220 680 3297 (est
697 3225 776 3283 euim
792 3242 841 3300 ge-

145 3314 260 3372 uitivus
277 3313 406 3392 epitheti
422 3307 510 3387 loco),
528 3313 601 3390 qnia
615 3312 709 3368 vitam
727 3308 842 3378 tribuit,

146 3418 208 3478 qua
224 3398 291 3457 Deo
307 3400 445 3471 vivimus,
469 3406 499 3456 et
516 3400 545 3456 10
562 3404 718 3455 aeteruum
733 3396 841 3454 victuri

146 3504 257 3544 sumus.
271 3486 330 3544 Alii
342 3494 503 3562 utrumque
514 3484 682 3562 genitivum
694 3480 732 3541 ad
746 3482 843 3559 legem

145 3570 288 3643 referunt,
304 3592 340 3631 ac
356 3573 382 3630 si
394 3571 505 3630 dictum
520 3569 637 3641 fuisset,
655 3567 706 3628 lex
719 3568 842 3645 spiritus

147 3669 177 3717 et
192 3659 281 3729 vitae,
298 3659 449 3738 quomodo
464 3677 534 3720 mox
551 3676 590 3716 ex
606 3655 734 3715 advorso
751 3656 843 3712 uomi-

146 3754 236 3804 00100
258 3743 308 3803 lex
331 3746 450 3823 peccati
474 3754 504 3803 01
527 3743 639 3801 mortis.
663 3744 701 3800 Et
718 3743 749 3800 in
764 3741 844 3800 hunc

147 3849 267 3890 sensum
291 3831 544 3911 Theophylactus
567 3832 707 3905 exponit,
738 3836 769 3888 et
792 3827 843 3887 alii

147 3917 291 3977 nonnulli.
315 3919 426 3977 Varum
443 3918 468 3976 si
485 3918 541 3975 boc
561 3915 654 3975 vellet
669 3914 844 3992 Apostolus,

147 4013 227 4063 00010
244 4004 382 4083 copulam
406 4002 580 4073 addidisset,
602 4010 635 4059 ut
656 4000 729 4060 fecit
751 4002 779 4060 iu
803 4000 844 4059 01·

146 4098 211 4150 tera
227 4099 320 4169 parte.
345 4091 434 4151 Circa
450 4108 540 4167 quarn
558 4098 657 4147 tamen
673 4086 844 4159 notandum,

146 4175 275 4277 quadiu
292 4176 409 4236 Graeco
426 4185 486 4236 est:
512 4166 573 4231 ἀπὸ
597 4174 649 4231 τοῦ
670 4164 762 4250 νόμου
786 4174 845 4251 τῆς

147 4259 311 4340 αμαρτίας,
335 4254 385 4322 καὶ
410 4261 462 4320 τοῦ
486 4253 639 4334 θανάτου,
663 4260 758 4320 tribus
782 4281 843 4320 mo·

147 4349 194 4409 dis
211 4352 290 4409 verti
305 4369 400 4431 posse,
425 4370 443 4408 0
459 4349 526 4427 lege
549 4350 664 4425 pcccati
679 4355 709 4407 et
723 4349 843 4423 mortis,

146 4437 210 4496 vel:
227 4437 335 4516 alege,
352 4442 475 4514 0000010
492 4442 522 4494 01
535 4442 645 4510 000010,
660 4433 725 4495 vel:
743 4456 761 4494 0
777 4435 844 4513 10ςο

146 4525 262 4600 peccati
277 4533 307 4583 et
321 4533 424 4582 morte.

191 4611 404 4668 Verumtamen
427 4608 532 4667 herum
552 4609 723 4666 versionum
741 4608 844 4685 prima,

148 4716 227 4776 quae
244 4697 337 4756 nostri
352 4706 399 4754 est
411 4694 580 4773 interpretis
593 4702 624 4753 et
635 4694 764 4753 omnium
779 4692 843 4753 iere

893 3053 1039 3131 Quamvis
1061 3053 1160 3112 adhuc
1185 3073 1274 3113 carne
1297 3055 1351 3112 sim
1376 3055 1516 3132 captivus
1538 3052 1586 3113 001

893 3138 961 3215 lege
976 3141 1102 3218 peccati,
1126 3141 1213 3219 eique
1235 3140 1373 3212 sarviam,
1396 3148 1533 3201 attamen
1546 3156 1588 3198 me

892 3226 998 3304 ipsum,
1021 3226 1138 3284 scilicet
1159 3235 1193 3285 ut
1216 3225 1371 3299 hominem,
1395 3247 1413 3284 a
1436 3234 1539 3286 ments
1556 3243 1588 3283 00

892 3313 1009 3371 ratione
1029 3312 1253 3383 aestimandum,
1276 3313 1375 3389 gratia
1397 3310 1512 3373 Christi
1529 3314 1587 3391 jam

892 3398 1066 3457 liberavita
1083 3398 1151 3476 lege
1173 3399 1298 3477 peccati,
1322 3400 1364 3457 sic
1387 3407 1421 3456 ut
1442 3418 1480 3457 ea
1495 3416 1588 3479 neque

892 3485 964 3543 mihi
979 3483 1148 3544 dominetur
1163 3485 1298 3564 amplius,
1321 3484 1392 3564 quia
1408 3486 1514 3563 pravis
1527 3485 1589 3565 ejus

893 3571 1023 3629 motibus
1035 3592 1095 3629 000
1108 3573 1269 3643 consentio,
1283 3590 1382 3649 neque
1394 3572 1499 3632 mortis
1511 3589 1589 3631 00000

893 3676 941 3715 me
956 3666 1068 3727 teneat,
1092 3658 1164 3736 quia
1179 3667 1278 3717 reatus
1295 3658 1362 3734 ejus
1379 3657 1532 3735 baptismo
1548 3676 1588 3717 00

893 3742 975 3803 lutus
992 3751 1046 3803 est.
1079 3744 1186 3802 Mortis
1209 3744 1345 3807 nomine.
1368 3764 1427 3824 quo
1448 3764 1530 3805 mors
1546 3760 1589 3803 00·

893 3837 979 3888 10000
995 3828 1180 3908 intelligitur,
1203 3831 1340 3908 reliquae
1362 3831 1455 3890 etiam
1477 3828 1590 3910 peccati

893 3936 1011 3994 poenae
1027 3915 1324 3995 comprehenduntur,
1348 3924 1383 3975 ut
1398 3918 1456 3979 sibi
1469 3936 1589 3996 respau-

894 4001 985 4061 deant
1005 4023 1084 4063 mors
1107 4012 1136 4061 et
1159 4003 1321 4063 damuatio.
1345 4004 1427 4063 Hinc
1450 4006 1530 4065 enim
1553 4005 1590 4063 in·

892 4087 1050 4148 ferendum
1074 4098 1120 4148 001
1141 4089 1232 4165 juxta
1256 4108 1373 4149 sonsum
1395 4090 1591 4168 praedictum,

894 4174 968 4235 nihil
992 4195 1060 4236 esse
1087 4175 1288 4234 damnationis
1314 4176 1365 4247 iis,
1389 4178 1443 4255 qni
1466 4186 1540 4239 sunt
1563 4176 1590 4234 10

894 4261 1013 4322 Christo
1030 4263 1115 4321 Jesu.
1139 4261 1218 4320 Nam
1235 4264 1382 4321 incorum
1405 4283 1538 4342 persona
1556 4261 1591 4323 de

894 4368 927 4409 00
942 4350 1077 4427 loquitur
1091 4348 1258 4426 Apostolus
1273 4348 1350 4408 haec
1365 4349 1470 4426 verba,
1490 4370 1590 4431 quem·

895 4434 1057 4495 admodum
1075 4434 1170 4494 multa
1186 4437 1290 4513 eapitis
1306 4435 1532 4513 praecedentis.

937 4522 966 4580 3.
990 4523 1074 4581 Nam-
1086 4522 1172 4598 qaod
1183 4522 1376 4597 impassibile
1388 4524 1544 4598 00011091,
1559 4526 1592 4581 ia

893 4626 954 4684 quo
987 4607 1214 4683 infirmabatur
1241 4627 1303 4684 per
1331 4626 1474 4669 caruem.
1509 4608 1592 4669 Prior

892 4713 963 4773 pars
987 4695 1030 4752 sic
1054 4694 1145 4753 habat
1168 4695 1197 4754 10
1213 4693 1347 4755 Graeco:
1372 4688 1408 4753 τὸ
1434 4688 1495 4773 γὰρ
1519 4688 1593 4754 ἀδύ-

1351 4874 1368 4911 Ι
