3254 5190
461 277 623 330 trislatus
641 279 680 331 lu
699 278 851 332 notarice
872 277 955 330 tuus.
975 279 1016 330 tt.
1036 279 1077 330 2⁴.
1418 283 1488 351 153

69 454 195 511 reniam
210 455 293 512 mihi
308 455 429 513 malum
457 455 590 529 adjacet.
615 455 745 516 Seniue:

69 536 96 596 id
123 540 274 617 experior
299 539 390 599 aliam
417 540 514 620 legem
541 543 571 602 in
606 542 746 602 membris

69 625 120 697 εἰ,
135 623 170 684 id
187 634 246 699 eal,
264 627 295 685 in
311 646 435 707 corpore
446 647 522 701 meo,
538 640 568 689 et
580 631 610 689 in
621 637 681 688 toto
694 628 744 687 ho·

69 712 115 770 'nie
130 714 302 783 exteriore,
318 715 380 794 qui,
394 711 523 775 durante
533 715 587 775 hac
599 717 669 789 vita,
687 735 746 774 non

69 806 222 867 novatur,
251 799 307 859 eod
330 801 542 879 corrumpitur,
575 804 593 860 2
621 800 688 862 (lor.
717 805 745 861 4.

69 883 238 945 mantem
263 885 403 959 dicit,in
427 889 592 963 memhris,
620 891 693 969 quia
715 888 746 946 in

70 970 181 1031 crebris
194 971 392 1051 quibusdam,
404 992 482 1052 qnae
493 974 590 1052 pudor
601 974 746 1037 nominari

70 1066 136 1130 etat,
160 1060 304 1118 maxime
326 1060 494 1139 percipitur
514 1070 545 1121 ετ
560 1071 687 1141 apparet
701 1081 745 1119 re·

70 1144 145 1215 illio,
167 1163 266 1225 quem
283 1147 395 1205 excitat
409 1145 459 1206 lex
478 1148 536 1205 ieta
550 1149 683 1227 peccati,
710 1146 747 1205 de

70 1250 98 1289 τι
111 1250 219 1291 nermo
231 1240 291 1291 eet
304 1232 434 1311 August.
447 1253 531 1292 serm.
544 1236 594 1295 43.
608 1233 645 1294 de
656 1244 746 1311 temp.

70 1337 103 1397 tp
118 1318 150 1376 8.
169 1317 278 1397 legem
293 1318 373 1377 hanc
387 1319 583 1381 membrorum
600 1322 664 1380 suis
680 1321 746 1402 qui·

70 1402 164 1463 idam
184 1404 367 1464 nominibus
384 1405 519 1477 denotet,
534 1427 647 1467 vocans
663 1426 746 1468 eam:

70 1508 133 1565 unu
146 1490 293 1569 foedum
300 1536 310 1565 ,
328 1492 425 1568 lepcm
441 1496 601 1569 mirorum,
619 1496 747 1569 vulnus,

70 1576 155 1651 dem,
174 1578 384 1650 lanquorcm.

87 1699 341 1775 ltepuynantem
357 1702 419 1776 troi
434 1706 548 1762 mentia
563 1723 658 1763 oreae.
684 1705 746 1764 Rr-

70 1792 266 1861 uynuntcm,
291 1784 409 1847 Graeco
424 1779 746 1867 ἀντιστρατευόμενον,

70 1870 268 1946 atellnntem,
284 1892 321 1932 cc
337 1874 460 1947 sidicat,
474 1896 553 1954 quae
567 1876 618 1937 lex
633 1875 745 1937 bellum

70 1968 140 2018 uret
154 1958 317 2020 adversim
339 1959 435 2040 legem
458 1964 567 2023 mentia
589 1983 689 2035 meae,
714 1962 745 2023 id

70 2044 264 2115 itodvernue
274 2047 373 2124 legem
386 2047 454 2119 Dei,
467 2049 497 2108 in
510 2069 571 2128 qua
583 2049 744 2110 secundum

71 2140 169 2191 uatem
187 2131 394 2193 condelector.
417 2134 476 2194 Eat
490 2135 568 2195 enim
580 2135 684 2196 eadem
695 2136 745 2196 lex

71 2218 142 2278 hiet
157 2219 215 2278 lex
233 2219 360 2293 mentic3
379 2221 456 2280 eicut
471 2241 488 2281 e
504 2220 624 2282 diverso
640 2222 746 2283 eadem

71 2302 148 2365 itlex
160 2306 287 2385 peccati
304 2313 336 2364 ετ
349 2307 557 2367 membrorum.

87 2416 132 2477 Ex
147 2418 201 2477 hie
217 2416 324 2477 verbis
339 2427 421 2479 recte
444 2421 614 2500 colligitur,
641 2440 747 2481 concu-

71 2504 232 2573 itttntiam,
250 2505 343 2564 etiam
358 2525 438 2585 quae
456 2509 484 2568 in
501 2510 613 2568 renatis
629 2518 684 2581 eet,
700 2527 746 2569 re·

73 2610 179 2670 ignare
196 2598 228 2651 et
241 2594 424 2652 contrariam
437 2593 577 2674 ossologi
591 2595 657 2669 Dei,
674 2595 747 2674 qnia

71 2674 192 2737 dinrtar
207 2677 289 2756 legis
304 2677 344 2737 ad
367 2699 418 2748 ea,
442 2701 519 2761 quae
541 2680 602 2760 legi
624 2681 747 2741 divinae

71 2766 196 2823 nonaria
220 2773 309 2837 eunt,
336 2766 474 2845 impellit.
506 2768 595 2827 Unde
619 2778 652 2829 et
673 2768 746 2827 alibi

73 2850 114 2909 icit
134 2850 326 2931 Apostolus:
362 2854 446 2914 Caro
469 2858 663 2930 concupiscit
684 2854 746 2914 ad·

73 2954 152 2996 emur
183 2941 355 3017 spiritum,
388 2948 416 2999 et
441 2943 572 3017 spiritur
594 2943 747 3001 adversar

71 3040 182 3083 amem.
195 3027 288 3085 Haec
301 3029 387 3085 anim
403 3027 462 3087 ribi
476 3029 745 3088 invicemadoar·

72 3118 168 3185 rntrrr,
185 3119 223 3171 ut
240 3130 305 3171 non
322 3122 378 3172 etc.
396 3112 462 3172 Gal.
479 3114 507 3172 5.

88 3222 200 3283 Verum
216 3224 287 3283 hinc
303 3246 390 3304 porro
407 3245 595 3305 consequeus
612 3236 744 3298 nonest,

72 3309 171 3371 tudem
186 3312 281 3388 ipram
291 3314 570 3391 concupiscentium,
585 3323 637 3371 aut
648 3323 746 3372 motus

72 3396 109 3463 iu·
123 3397 349 3457 involuntarioe
365 3399 432 3478 loge
447 3399 505 3459 Dei
522 3399 691 3477 prohiberi,
716 3409 747 3459 et

72 3481 170 3543 mindo
188 3504 262 3544 vera
285 3505 353 3544 ease
376 3496 513 3564 peccata,
538 3485 616 3564 quod
641 3488 748 3546 volout

72 3571 198 3641 morici,
215 3575 362 3651 quamvis,
379 3581 413 3631 ut
427 3573 521 3650 ajunt,
539 3593 557 3632 a
573 3571 640 3631 Deo
656 3593 744 3652 prop·

72 3653 260 3717 uchrlrtum
279 3679 338 3718 non
354 3660 542 3737 imputentur
556 3657 594 3717 ad
611 3668 744 3738 peccata.

72 3762 111 3803 nn
133 3751 200 3815 eet,
228 3744 367 3824 inquam,
394 3744 425 3805 id
448 3763 647 3825 consequens}
667 3748 744 3807 Nam

72 3838 207 3909 :erepta
222 3840 255 3890 et
270 3831 489 3910 prohibitiones
507 3853 567 3891 non
581 3832 671 3905 fiunt,
686 3834 744 3893 nisi

72 3914 204 3977 iluntnti
231 3916 344 3996 Quare,
360 3918 441 3998 quod
457 3920 489 3979 in
505 3918 591 3977 nohis
608 3920 743 3980 involun-

72 4002 149 4062 rium
166 4022 294 4082 prorsus
309 4013 371 4076 est,
388 4005 445 4064 suh
456 4004 685 4087 prohihitionem
702 4006 743 4066 le·

72 4086 215 4149 uendere
232 4112 292 4151 non
308 4099 418 4170 potest.
450 4090 540 4152 Unde
556 4112 612 4152 nec
627 4093 744 4154 Paulus

72 4174 117 4233 icit
130 4194 185 4234 coe
201 4195 340 4256 peecare,
353 4181 414 4257 qni,
429 4177 511 4258 quod
523 4179 637 4253 nolunt,
650 4179 744 4259 quod·

73 4278 103 4319 cc
122 4259 271 4337 oderunt,
298 4263 428 4336 iaciunt,
452 4267 510 4324 etei
526 4275 681 4343 peccatum
698 4268 743 4327 eis

73 4348 299 4428 nnimputetur3
323 4349 375 4409 red
393 4352 568 4429 simpliciter
592 4371 660 4425 eoa,
678 4354 743 4432 jam

73 4432 215 4495 ichriato
240 4445 378 4507 renatos,
406 4459 424 4496 a
449 4448 574 4517 peccato
603 4439 689 4498 simul
713 4448 743 4498 et

73 4524 236 4584 montione
253 4524 374 4589 liberat,
400 4545 492 4605 quum
509 4523 598 4585 docet
614 4525 688 4585 nihil
705 4527 741 4585 iis

73 4624 109 4665 ut
127 4606 350 4682 damnationis,
375 4613 448 4690 qnia
472 4610 545 4672 nihil
562 4613 601 4671 sit
616 4615 741 4691 peccati,

74 4695 139 4773 tqui
150 4698 217 4776 jum
234 4718 296 4759 nou
311 4697 478 4759 secundum
494 4719 612 4759 carnem
637 4698 739 4759 ambu-

794 455 871 527 lent,
887 452 1141 534 quemadmodum
1156 451 1265 512 dieitur
1282 451 1368 512 initio
1381 453 1490 531 capitia

795 542 959 621 sequentis.

838 631 880 689 Et
901 629 1117 704 captivantem
1139 646 1188 685 ma
1211 627 1246 685 in
1270 626 1334 701 lepc
1357 630 1489 701 pcccati,

795 734 876 792 quae
892 722 935 774 ert
950 717 985 774 in
1001 712 1149 772 memhris
1163 715 1248 772 meir.
1271 713 1313 771 In
1335 712 1402 787 leue
1415 732 1490 788 per·

795 805 857 861 cati
864 848 874 877 ,
897 800 1031 869 Graece,
1047 801 1109 875 tect
1121 802 1244 875 peccati
1251 820 1263 874 ,·
1291 800 1409 875 tametsi
1424 800 1489 879 qui·

795 887 865 949 dam
881 886 994 948 Graeci
1009 886 1127 946 codices
1143 885 1262 957 habent,
1278 895 1313 944 ut
1328 884 1440 956 Latini,
1455 888 1490 945 in

796 975 869 1051 lupa.
888 973 1001 1033 Verum
1018 993 1073 1033 uec
1085 971 1228 1050 Syriacus
1240 978 1342 1031 textus
1355 970 1490 1032 additam

794 1061 888 1122 habet
901 1061 1163 1139 praepositionem.
1176 1058 1234 1117 Eat
1250 1068 1351 1118 autem
1366 1058 1397 1118 in
1413 1068 1490 1120 nna·

796 1168 856 1228 que
884 1147 1015 1207 lectione
1044 1144 1259 1217 Hebraismus,
1301 1144 1402 1223 qualis
1431 1145 1490 1205 ibi:

796 1235 885 1297 Pluit
897 1236 1056 1294 Dominus
1071 1252 1090 1292 a
1106 1233 1258 1306 Domino,
1284 1230 1360 1291 Gen.
1379 1234 1444 1304 19,
1461 1240 1493 1291 et

796 1322 955 1400 utriusque
971 1318 1049 1379 idem
1064 1338 1186 1380 oeneus:
1208 1318 1426 1396 Suhjicieutem
1445 1337 1492 1377 me

796 1407 853 1468 eibi
868 1408 899 1467 in
914 1406 1107 1480 servitutem
1124 1403 1268 1484 intellige,
1284 1412 1429 1483 utsupra,
1445 1424 1489 1464 ae·

796 1492 927 1554 cundum
943 1512 1079 1565 carnem,
1102 1501 1148 1563 et,
1170 1500 1204 1550 ut
1227 1492 1418 1570 Augustinus
1440 1493 1491 1562 nit,

795 1583 951 1652 motione,
980 1598 1047 1640 non
1070 1581 1282 1640 concentione.
1305 1576 1388 1637 Idem
1412 1580 1492 1639 enim

796 1674 843 1727 est
856 1687 923 1726 cum
940 1686 991 1739 eo,
1008 1664 1090 1747 quod
1105 1666 1134 1725 in
1150 1664 1297 1744 principio
1313 1662 1407 1736 dixit,
1430 1684 1487 1726 υε·

796 1753 962 1814 nunciatur
977 1753 1032 1813 rub
1045 1760 1184 1829 peccato.
1209 1752 1306 1811 Vocat
1332 1760 1434 1813 autem
1448 1750 1490 1813 le·

793 1860 862 1920 gem
874 1842 991 1920 peccati
1005 1839 1287 1918 concupiscentiam,
1299 1845 1333 1898 ut
1341 1847 1412 1897 anto
1422 1836 1493 1909 dixi,

793 1927 863 2008 quia
885 1925 980 1986 fomes
1003 1936 1102 1987 estet
1126 1927 1351 1986 incitamentum
1367 1924 1407 1984 ad
1422 1944 1490 2005 pec·

792 2012 928 2073 candum.

837 2100 888 2160 24.
911 2099 1033 2176 Infelix
1056 2118 1111 2175 eqo
1126 2101 1239 2158 homo!
1262 2101 1332 2175 qnia
1347 2117 1395 2157 me
1411 2097 1489 2157 lihe-

793 2186 880 2246 rchit
902 2186 940 2245 dc
963 2205 1095 2262 corpora
1109 2188 1221 2245 νηοντὶε
1235 2185 1352 2258 tator?
1375 2183 1487 2245 Excla-

793 2274 886 2333 motio
903 2282 950 2333 est
964 2274 1113 2351 gementis
1129 2273 1185 2332 eub
1197 2273 1271 2350 jugo
1287 2291 1323 2331 ac
1344 2271 1489 2330 servitute

794 2361 910 2440 peccati
927 2358 1089 2419 secundum
1105 2377 1241 2428 carnem,
1264 2367 1294 2417 et
1317 2356 1356 2417 ud
1367 2356 1490 2418 liberta·

795 2455 853 2506 tem
870 2445 1048 2506 anhelantia.
1073 2445 1204 2522 Infelix,
1228 2443 1357 2518 Graece,
1380 2438 1489 2501 ταλαί-

794 2547 909 2609 πωρος,
922 2536 1024 2593 mirer.
1033 2532 1204 2606 Litercbit,
1217 2517 1353 2609 ῥύσεται,
1369 2532 1488 2608 eripiet.

795 2617 913 2700 Corpus
928 2621 1031 2680 mortis
1047 2630 1137 2679 vocat
1162 2638 1270 2698 corpus
1292 2617 1434 2687 mortale,
1459 2617 1487 2677 id

796 2715 857 2780 est,
879 2708 967 2766 morti
991 2706 1173 2767 destinatum
1190 2724 1243 2785 per
1259 2706 1489 2783 corruptionum,

795 2812 885 2872 qnam
901 2813 940 2852 ex
952 2801 1075 2873 peccato
1089 2793 1257 2867 contraxit;
1273 2792 1403 2852 eicutvir
1416 2812 1488 2850 mor·

794 2881 834 2940 tis
856 2879 1000 2940 Hohraen
1022 2880 1124 2959 phrasi
1145 2882 1213 2961 quis
1236 2877 1345 2938 dicitur
1366 2888 1491 2958 propter

796 2967 959 3027 admissum
977 2966 1084 3033 ecelin,
1101 2965 1182 3045 quod
1198 2966 1320 3044 dignum
1337 2966 1377 3025 ait
1390 2972 1491 3034 morte,

794 3063 827 3112 ut
841 3054 860 3112 3
876 3053 951 3132 Reg.
970 3058 998 3112 2.

836 3140 944 3199 Potest
959 3149 1058 3198 autern
1076 3160 1115 3200 ex
1132 3140 1248 3199 Graeco
1265 3140 1358 3209 verti,
1382 3149 1413 3197 ετ
1428 3140 1490 3216 qui·

795 3226 863 3288 dem
873 3246 961 3285 sensu
972 3229 1188 3286 connuodioro:
1202 3228 1250 3285 De
1262 3245 1394 3301 corpora
1405 3243 1492 3284 mor-

796 3316 834 3373 τῖε
849 3316 918 3387 isto,
936 3313 965 3372 id
982 3322 1034 3379 oet
1052 3334 1089 3373 ex
1105 3314 1160 3373 hm·
1179 3333 1304 3390 corpore
1319 3311 1447 3382 mortali,
1459 3320 1492 3369 ut

796 3399 1011 3461 demonstratio
1024 3401 1062 3460 eit
1072 3401 1212 3480 corporis,
1228 3422 1286 3459 non
1303 3401 1416 3459 mortis.
1431 3396 1493 3458 Gur

795 3497 894 3546 autem
910 3487 1005 3557 dieat,
1022 3486 1131 3547 dehoc
1150 3507 1273 3567 corpore
1290 3488 1409 3557 mertia,
1425 3505 1493 3544 cum

795 3584 896 3634 tamen
922 3574 1070 3633 hactenus
1097 3594 1155 3635 non
1183 3574 1220 3634 de
1242 3581 1354 3645 morte,
1380 3572 1433 3631 sed
1454 3571 1492 3632 de

795 3668 917 3739 peccato
933 3659 1025 3721 fuerit
1039 3660 1172 3729 locutus,
1189 3681 1225 3722 ea
1241 3662 1318 3720 ratio
1335 3670 1397 3734 eet,
1414 3661 1492 3738 quia.

795 3745 921 3806 durante
937 3747 995 3807 hac
1009 3747 1200 3821 mortalitate,
1227 3758 1329 3808 manet
1342 3751 1370 3807 in
1388 3766 1490 3823 corpo·

794 3853 827 3893 re
842 3834 891 3893 lex
908 3843 939 3894 et
953 3836 1084 3893 servitos
1101 3835 1218 3913 peccati
1230 3835 1293 3911 jam
1317 3834 1407 3893 dicta.
1430 3830 1490 3910 Op·

795 3928 955 3981 tutantem
974 3922 1014 3978 ita
1032 3921 1153 3981 liberari
1169 3929 1200 3981 et
1215 3921 1290 3998 eripi
1307 3921 1346 3981 do
1373 3919 1491 3979 mortali

793 4006 851 4065 hoc
867 4027 1005 4085 corpore,
1021 4018 1056 4067 ut
1072 4008 1150 4069 idem
1175 4006 1338 4084 aliquando
1362 4007 1493 4083 recipiat

796 4093 969 4163 immortale,
997 4104 1090 4174 utque
1107 4093 1144 4152 ab
1161 4093 1239 4152 omni
1256 4093 1448 4170 corruptione
1463 4100 1493 4152 ct

794 4181 941 4238 servitute
965 4183 1083 4258 peccati
1107 4179 1250 4243 liberum,
1273 4180 1416 4240 videlicet
1439 4199 1492 4256 per

792 4266 1048 4327 resurrectionem.

837 4352 1061 4421 Animadverte,
1078 4355 1177 4415 lector.
1202 4374 1270 4412 cum
1287 4354 1384 4412 omnis
1399 4353 1490 4429 aerip-

791 4447 859 4497 tura
871 4441 1048 4517 evangelicu
1064 4450 1092 4499 ct
1108 4441 1274 4517 apostolica
1289 4438 1491 4502 Christianum

790 4524 938 4585 hominem
955 4527 1073 4587 hortum
1099 4528 1272 4603 pronuntiet
1288 4526 1336 4587 vel
1350 4525 1387 4585 oh
1399 4524 1489 4602 justi·

790 4611 860 4670 tlam
877 4623 1076 4691 praesentem,
1099 4636 1157 4693 qua
1184 4613 1250 4673 Deo
1266 4623 1368 4693 gratus
1385 4623 1431 4672 est
1445 4623 1487 4672 at·

789 4716 849 4779 que
865 4700 988 4772 amicus,
1005 4698 1053 4759 vel
1070 4700 1108 4759 oh
1124 4719 1209 4781 rpem
1224 4700 1341 4779 gloriae
1353 4701 1483 4770 futurae,
