<?xml version="1.0" encoding="UTF-8"?>
<!DOCTYPE html PUBLIC "-//W3C//DTD XHTML 1.0 Transitional//EN"
    "http://www.w3.org/TR/xhtml1/DTD/xhtml1-transitional.dtd">
<html xmlns="http://www.w3.org/1999/xhtml" xml:lang="en" lang="en">
 <head>
  <title>
</title>
<meta http-equiv="Content-Type" content="text/html;charset=utf-8" />
  <meta name='ocr-system' content='tesseract 3.04.00' />
  <meta name='ocr-capabilities' content='ocr_page ocr_carea ocr_par ocr_line ocrx_word'/>
</head>
<body>
  <div class='ocr_page' id='page_1' title='image "./guilielmiestiii00estigoog/guilielmiestiii00estigoog_0124.png"; bbox 0 0 3254 5190; ppageno 0'>
   <div class='ocr_carea' id='block_1_1' title="bbox 477 297 1506 375">
    <p class='ocr_par' dir='ltr' id='par_1_1' title="bbox 477 297 1506 375">
     <span class='ocr_line' id='line_1_1' title="bbox 477 297 1506 375; baseline 0.013 -24"><span class='ocrx_word' id='word_1_1' title='bbox 477 297 641 353; x_wconf 74' lang='lat' dir='ltr'><strong><em>travolat</em></strong></span> <span class='ocrx_word' id='word_1_2' title='bbox 657 300 698 353; x_wconf 89' lang='grc' dir='ltr'><strong><em>Αι)</em></strong></span> <span class='ocrx_word' id='word_1_3' title='bbox 716 299 868 354; x_wconf 71' lang='lat' dir='ltr'><strong><em>nomos,</em></strong></span> <span class='ocrx_word' id='word_1_4' title='bbox 886 300 970 353; x_wconf 68' lang='lat' dir='ltr'><strong><em>vans.</em></strong></span> <span class='ocrx_word' id='word_1_5' title='bbox 989 303 1013 354; x_wconf 85' lang='grc'><strong><em>3.</em></strong></span> <span class='ocrx_word' id='word_1_6' title='bbox 1030 303 1055 353; x_wconf 79' lang='grc' dir='ltr'><strong><em>ι.</em></strong></span> <span class='ocrx_word' id='word_1_7' title='bbox 1073 300 1097 353; x_wconf 81' lang='lat'><strong><em>5.</em></strong></span> <span class='ocrx_word' id='word_1_8' title='bbox 1327 350 1333 360; x_wconf 92' lang='lat'><strong>.</strong></span> <span class='ocrx_word' id='word_1_9' title='bbox 1438 311 1506 375; x_wconf 88' lang='lat'><strong><em>101</em></strong></span> 
     </span>
    </p>
   </div>
   <div class='ocr_carea' id='block_1_2' title="bbox 10 474 1510 3331">
    <p class='ocr_par' dir='ltr' id='par_1_2' title="bbox 10 474 1510 3331">
     <span class='ocr_line' id='line_1_2' title="bbox 10 474 1507 557; baseline 0.001 -22"><span class='ocrx_word' id='word_1_10' title='bbox 10 498 12 515; x_wconf 76' lang='lat'><strong>¹</strong></span> <span class='ocrx_word' id='word_1_11' title='bbox 101 474 239 555; x_wconf 81' lang='lat' dir='ltr'><strong><em>Quidam</em></strong></span> <span class='ocrx_word' id='word_1_12' title='bbox 253 477 334 537; x_wconf 87' lang='lat' dir='ltr'><strong><em>hanc</em></strong></span> <span class='ocrx_word' id='word_1_13' title='bbox 349 486 475 557; x_wconf 84' lang='lat' dir='ltr'><strong><em>partem,</em></strong></span> <span class='ocrx_word' id='word_1_14' title='bbox 491 477 712 551; x_wconf 72' lang='lat' dir='ltr'><strong><em>etaloriamar</em></strong></span> <span class='ocrx_word' id='word_1_15' title='bbox 726 479 762 536; x_wconf 86' lang='lat' dir='ltr'><strong><em>in</em></strong></span> <span class='ocrx_word' id='word_1_16' title='bbox 811 475 893 552; x_wconf 78' lang='lat' dir='ltr'><strong><em>ficit,</em></strong></span> <span class='ocrx_word' id='word_1_17' title='bbox 922 478 1094 537; x_wconf 78' lang='lat' dir='ltr'><strong><em>tolerantia</em></strong></span> <span class='ocrx_word' id='word_1_18' title='bbox 1110 495 1185 536; x_wconf 88' lang='lat' dir='ltr'><strong><em>vero</em></strong></span> <span class='ocrx_word' id='word_1_19' title='bbox 1198 477 1423 553; x_wconf 74' lang='lat' dir='ltr'><strong><em>probationem</em></strong></span> <span class='ocrx_word' id='word_1_20' title='bbox 1452 485 1507 537; x_wconf 90' lang='lat' dir='ltr'><strong><em>eto.</em></strong></span> 
     </span>
     <span class='ocr_line' id='line_1_3' title="bbox 10 562 1507 644; baseline 0.001 -22"><span class='ocrx_word' id='word_1_21' title='bbox 10 592 13 625; x_wconf 72' lang='grc' dir='ltr'><strong><em>ι</em></strong></span> <span class='ocrx_word' id='word_1_22' title='bbox 64 573 176 638; x_wconf 78' lang='lat' dir='ltr'><strong><em>specte.</em></strong></span> <span class='ocrx_word' id='word_1_23' title='bbox 177 562 640 643; x_wconf 87' lang='lat' dir='ltr'><strong><em>,retrahenteeapraecedenti‚</em></strong></span> <span class='ocrx_word' id='word_1_24' title='bbox 652 563 761 623; x_wconf 85' lang='lat' dir='ltr'><strong><em>sicex·</em></strong></span> <span class='ocrx_word' id='word_1_25' title='bbox 810 563 945 623; x_wconf 80' lang='lat' dir='ltr'><strong><em>Hilarius</em></strong></span> <span class='ocrx_word' id='word_1_26' title='bbox 961 582 1080 644; x_wconf 88' lang='lat' dir='ltr'><strong><em>quoque</em></strong></span> <span class='ocrx_word' id='word_1_27' title='bbox 1096 563 1195 623; x_wconf 90' lang='lat' dir='ltr'><strong><em>locum</em></strong></span> <span class='ocrx_word' id='word_1_28' title='bbox 1210 565 1289 624; x_wconf 87' lang='lat' dir='ltr'><strong><em>hunc</em></strong></span> <span class='ocrx_word' id='word_1_29' title='bbox 1304 565 1406 636; x_wconf 89' lang='lat' dir='ltr'><strong><em>citans,</em></strong></span> <span class='ocrx_word' id='word_1_30' title='bbox 1432 584 1507 640; x_wconf 82' lang='lat' dir='ltr'><strong><em>per-</em></strong></span> 
     </span>
     <span class='ocr_line' id='line_1_4' title="bbox 62 649 1509 729; baseline 0.001 -20"><span class='ocrx_word' id='word_1_31' title='bbox 62 659 186 729; x_wconf 77' lang='lat' dir='ltr'><strong><em>ponam:</em></strong></span> <span class='ocrx_word' id='word_1_32' title='bbox 206 660 241 710; x_wconf 87' lang='lat' dir='ltr'><strong><em>et</em></strong></span> <span class='ocrx_word' id='word_1_33' title='bbox 256 651 424 729; x_wconf 76' lang='lat' dir='ltr'><strong><em>gloriamur</em></strong></span> <span class='ocrx_word' id='word_1_34' title='bbox 439 650 477 709; x_wconf 90' lang='lat' dir='ltr'><strong><em>de</em></strong></span> <span class='ocrx_word' id='word_1_35' title='bbox 493 669 547 729; x_wconf 88' lang='lat' dir='ltr'><strong><em>spe</em></strong></span> <span class='ocrx_word' id='word_1_36' title='bbox 562 649 685 709; x_wconf 81' lang='lat' dir='ltr'><strong><em>loturae</em></strong></span> <span class='ocrx_word' id='word_1_37' title='bbox 700 651 762 729; x_wconf 92' lang='lat' dir='ltr'><strong><em>glo·</em></strong></span> <span class='ocrx_word' id='word_1_38' title='bbox 811 649 875 725; x_wconf 74' lang='lat' dir='ltr'><strong><em>ficit</em></strong></span> <span class='ocrx_word' id='word_1_39' title='bbox 882 696 892 725; x_wconf 93' lang='lat'><strong><em>,</em></strong></span> <span class='ocrx_word' id='word_1_40' title='bbox 920 671 974 729; x_wconf 90' lang='lat' dir='ltr'><strong><em>pro</em></strong></span> <span class='ocrx_word' id='word_1_41' title='bbox 990 658 1143 727; x_wconf 82' lang='lat' dir='ltr'><strong><em>operatur</em></strong></span> <span class='ocrx_word' id='word_1_42' title='bbox 1150 696 1160 726; x_wconf 95' lang='lat'><strong><em>,</em></strong></span> <span class='ocrx_word' id='word_1_43' title='bbox 1188 651 1283 729; x_wconf 86' lang='lat' dir='ltr'><strong><em>legit</em></strong></span> <span class='ocrx_word' id='word_1_44' title='bbox 1276 672 1305 709; x_wconf 93' lang='grc' dir='ltr'><strong><em>ιιι</em></strong></span> <span class='ocrx_word' id='word_1_45' title='bbox 1322 653 1509 711; x_wconf 80' lang='lat' dir='ltr'><strong><em>enarratione</em></strong></span> 
     </span>
     <span class='ocr_line' id='line_1_5' title="bbox 62 735 1509 818; baseline 0.001 -23"><span class='ocrx_word' id='word_1_46' title='bbox 62 736 531 816; x_wconf 56' lang='lat' dir='ltr'><strong><em>nonidestdeearesperatm</em></strong></span> <span class='ocrx_word' id='word_1_47' title='bbox 544 738 624 795; x_wconf 81' lang='lat' dir='ltr'><strong><em>erent</em></strong></span> <span class='ocrx_word' id='word_1_48' title='bbox 634 756 704 796; x_wconf 89' lang='lat' dir='ltr'><strong><em>mox</em></strong></span> <span class='ocrx_word' id='word_1_49' title='bbox 716 755 760 796; x_wconf 91' lang='lat' dir='ltr'><strong><em>se</em></strong></span> <span class='ocrx_word' id='word_1_50' title='bbox 810 736 890 795; x_wconf 86' lang='lat' dir='ltr'><strong><em>Psal.</em></strong></span> <span class='ocrx_word' id='word_1_51' title='bbox 910 742 979 799; x_wconf 87' lang='grc'><strong>138.</strong></span> <span class='ocrx_word' id='word_1_52' title='bbox 1008 737 1185 818; x_wconf 80' lang='lat' dir='ltr'>Siquidem</span> <span class='ocrx_word' id='word_1_53' title='bbox 1177 758 1208 796; x_wconf 94' lang='grc' dir='ltr'><strong><em>ιιι</em></strong></span> <span class='ocrx_word' id='word_1_54' title='bbox 1224 735 1340 798; x_wconf 84' lang='lat' dir='ltr'><strong><em>Graeco</em></strong></span> <span class='ocrx_word' id='word_1_55' title='bbox 1364 738 1509 817; x_wconf 90' lang='lat' dir='ltr'><strong><em>composi·</em></strong></span> 
     </span>
     <span class='ocr_line' id='line_1_6' title="bbox 61 814 1508 904; baseline 0.001 -21"><span class='ocrx_word' id='word_1_56' title='bbox 61 825 176 904; x_wconf 73' lang='lat' dir='ltr'><strong><em>quitur,</em></strong></span> <span class='ocrx_word' id='word_1_57' title='bbox 186 823 402 899; x_wconf 72' lang='lat' dir='ltr'><strong><em>alos-iomar</em></strong></span> <span class='ocrx_word' id='word_1_58' title='bbox 390 843 427 883; x_wconf 85' lang='lat' dir='ltr'><strong><em>sn</em></strong></span> <span class='ocrx_word' id='word_1_59' title='bbox 441 823 713 898; x_wconf 80' lang='lat' dir='ltr'><strong><em>tribulationibus,</em></strong></span> <span class='ocrx_word' id='word_1_60' title='bbox 731 822 822 882; x_wconf 92' lang='lat' dir='ltr'><strong><em>idt</em></strong></span> <span class='ocrx_word' id='word_1_61' title='bbox 810 830 872 882; x_wconf 90' lang='lat' dir='ltr'><strong><em>tum</em></strong></span> <span class='ocrx_word' id='word_1_62' title='bbox 889 833 934 883; x_wconf 86' lang='lat' dir='ltr'><strong><em>est</em></strong></span> <span class='ocrx_word' id='word_1_63' title='bbox 949 823 1072 884; x_wconf 88' lang='lat' dir='ltr'><strong><em>verbum</em></strong></span> <span class='ocrx_word' id='word_1_64' title='bbox 1097 814 1337 900; x_wconf 71' lang='grc' dir='ltr'>κατεργάζεται,</span> <span class='ocrx_word' id='word_1_65' title='bbox 1362 823 1473 902; x_wconf 88' lang='lat' dir='ltr'><strong><em>quod</em></strong></span> <span class='ocrx_word' id='word_1_66' title='bbox 1465 845 1508 884; x_wconf 90' lang='lat' dir='ltr'><strong><em>m·</em></strong></span> 
     </span>
     <span class='ocr_line' id='line_1_7' title="bbox 60 908 1507 1011; baseline 0.001 -42"><span class='ocrx_word' id='word_1_67' title='bbox 60 920 108 982; x_wconf 70' lang='lat' dir='ltr'><strong><em>ut,</em></strong></span> <span class='ocrx_word' id='word_1_68' title='bbox 129 908 172 970; x_wconf 89' lang='lat' dir='ltr'><strong><em>de</em></strong></span> <span class='ocrx_word' id='word_1_69' title='bbox 194 909 459 970; x_wconf 76' lang='lat' dir='ltr'><strong><em>tribulationibus.</em></strong></span> <span class='ocrx_word' id='word_1_70' title='bbox 482 909 526 969; x_wconf 84' lang='lat' dir='ltr'><strong><em>At</em></strong></span> <span class='ocrx_word' id='word_1_71' title='bbox 547 912 646 969; x_wconf 88' lang='lat' dir='ltr'><strong><em>minus</em></strong></span> <span class='ocrx_word' id='word_1_72' title='bbox 671 919 760 969; x_wconf 87' lang='lat' dir='ltr'><strong><em>recte.</em></strong></span> <span class='ocrx_word' id='word_1_73' title='bbox 810 909 934 970; x_wconf 90' lang='lat' dir='ltr'><strong><em>tendere</em></strong></span> <span class='ocrx_word' id='word_1_74' title='bbox 964 909 1084 969; x_wconf 89' lang='lat' dir='ltr'><strong><em>videtur</em></strong></span> <span class='ocrx_word' id='word_1_75' title='bbox 1121 910 1318 1011; x_wconf 77' lang='lat' dir='ltr'><strong><em>significatum</em></strong></span> <span class='ocrx_word' id='word_1_76' title='bbox 1354 911 1507 991; x_wconf 87' lang='lat' dir='ltr'><strong><em>simplicis.</em></strong></span> 
     </span>
     <span class='ocr_line' id='line_1_8' title="bbox 60 995 1506 1078; baseline 0 -22"><span class='ocrx_word' id='word_1_77' title='bbox 60 996 131 1056; x_wconf 74' lang='lat' dir='ltr'><strong><em>Sam</em></strong></span> <span class='ocrx_word' id='word_1_78' title='bbox 150 996 240 1077; x_wconf 84' lang='lat' dir='ltr'><strong><em>qnod</em></strong></span> <span class='ocrx_word' id='word_1_79' title='bbox 257 995 338 1056; x_wconf 91' lang='lat' dir='ltr'><strong><em>bene</em></strong></span> <span class='ocrx_word' id='word_1_80' title='bbox 355 996 554 1058; x_wconf 85' lang='lat' dir='ltr'><strong><em>animadverit</em></strong></span> <span class='ocrx_word' id='word_1_81' title='bbox 569 997 738 1069; x_wconf 53' lang='lat' dir='ltr'><strong><em>&#39;l&#39;oletuss</em></strong></span> <span class='ocrx_word' id='word_1_82' title='bbox 730 1017 762 1055; x_wconf 91' lang='grc' dir='ltr'><strong><em>ιιι</em></strong></span> <span class='ocrx_word' id='word_1_83' title='bbox 811 995 922 1057; x_wconf 91' lang='lat' dir='ltr'><strong><em>Verum</em></strong></span> <span class='ocrx_word' id='word_1_84' title='bbox 931 1005 1046 1056; x_wconf 88' lang='lat' dir='ltr'><strong><em>constat</em></strong></span> <span class='ocrx_word' id='word_1_85' title='bbox 1058 1016 1193 1076; x_wconf 76' lang='lat' dir='ltr'><strong><em>usurpari</em></strong></span> <span class='ocrx_word' id='word_1_86' title='bbox 1205 1015 1298 1077; x_wconf 87' lang='lat' dir='ltr'><strong><em>saepe</em></strong></span> <span class='ocrx_word' id='word_1_87' title='bbox 1308 1018 1362 1075; x_wconf 91' lang='lat' dir='ltr'><strong><em>pro</em></strong></span> <span class='ocrx_word' id='word_1_88' title='bbox 1371 997 1506 1078; x_wconf 79' lang='lat' dir='ltr'><strong><em>simplior,</em></strong></span> 
     </span>
     <span class='ocr_line' id='line_1_9' title="bbox 59 1076 1510 1165; baseline -0.001 -21"><span class='ocrx_word' id='word_1_89' title='bbox 59 1081 171 1144; x_wconf 70' lang='lat' dir='ltr'><strong><em>tracen</em></strong></span> <span class='ocrx_word' id='word_1_90' title='bbox 185 1082 337 1143; x_wconf 87' lang='lat' dir='ltr'><strong><em>diversae</em></strong></span> <span class='ocrx_word' id='word_1_91' title='bbox 347 1093 419 1143; x_wconf 89' lang='lat' dir='ltr'><strong><em>sunt</em></strong></span> <span class='ocrx_word' id='word_1_92' title='bbox 432 1085 673 1163; x_wconf 75' lang='lat' dir='ltr'><strong><em>praepositiones</em></strong></span> <span class='ocrx_word' id='word_1_93' title='bbox 686 1076 717 1140; x_wconf 83' lang='grc' dir='ltr'><strong><em>ἐν</em></strong></span> <span class='ocrx_word' id='word_1_94' title='bbox 733 1091 761 1142; x_wconf 89' lang='lat' dir='ltr'><strong><em>et</em></strong></span> <span class='ocrx_word' id='word_1_95' title='bbox 811 1090 844 1140; x_wconf 91' lang='lat' dir='ltr'><strong><em>ut</em></strong></span> <span class='ocrx_word' id='word_1_96' title='bbox 859 1083 1021 1143; x_wconf 89' lang='lat' dir='ltr'><strong><em>observare</em></strong></span> <span class='ocrx_word' id='word_1_97' title='bbox 1033 1094 1079 1143; x_wconf 89' lang='lat' dir='ltr'><strong><em>est</em></strong></span> <span class='ocrx_word' id='word_1_98' title='bbox 1094 1083 1185 1161; x_wconf 89' lang='lat' dir='ltr'><strong><em>hujus</em></strong></span> <span class='ocrx_word' id='word_1_99' title='bbox 1201 1083 1347 1161; x_wconf 88' lang='lat' dir='ltr'><strong><em>epistolae</em></strong></span> <span class='ocrx_word' id='word_1_100' title='bbox 1362 1105 1426 1165; x_wconf 86' lang='lat' dir='ltr'><strong><em>cup.</em></strong></span> <span class='ocrx_word' id='word_1_101' title='bbox 1442 1088 1468 1144; x_wconf 98' lang='lat'><strong><em>7.</em></strong></span> <span class='ocrx_word' id='word_1_102' title='bbox 1479 1091 1510 1143; x_wconf 89' lang='lat' dir='ltr'><strong><em>et</em></strong></span> 
     </span>
     <span class='ocr_line' id='line_1_10' title="bbox 58 1160 1507 1251; baseline 0.001 -21"><span class='ocrx_word' id='word_1_103' title='bbox 58 1160 110 1238; x_wconf 71' lang='grc' dir='ltr'>ια’,</span> <span class='ocrx_word' id='word_1_104' title='bbox 120 1188 258 1251; x_wconf 81' lang='lat' dir='ltr'><strong><em>quarum</em></strong></span> <span class='ocrx_word' id='word_1_105' title='bbox 273 1171 357 1249; x_wconf 85' lang='lat' dir='ltr'><strong><em>prior</em></strong></span> <span class='ocrx_word' id='word_1_106' title='bbox 372 1171 465 1231; x_wconf 87' lang='lat' dir='ltr'><strong><em>servit</em></strong></span> <span class='ocrx_word' id='word_1_107' title='bbox 484 1169 680 1249; x_wconf 83' lang='lat' dir='ltr'><strong><em>significando</em></strong></span> <span class='ocrx_word' id='word_1_108' title='bbox 698 1169 760 1248; x_wconf 86' lang='lat' dir='ltr'><strong><em>glo·</em></strong></span> <span class='ocrx_word' id='word_1_109' title='bbox 796 1167 891 1231; x_wconf 88' lang='lat' dir='ltr'><strong><em>alibi.</em></strong></span> <span class='ocrx_word' id='word_1_110' title='bbox 906 1170 1054 1250; x_wconf 80' lang='lat' dir='ltr'><strong><em>Quocirca</em></strong></span> <span class='ocrx_word' id='word_1_111' title='bbox 1069 1179 1171 1231; x_wconf 85' lang='lat' dir='ltr'><strong><em>noster</em></strong></span> <span class='ocrx_word' id='word_1_112' title='bbox 1187 1170 1333 1249; x_wconf 88' lang='lat' dir='ltr'><strong><em>interpres</em></strong></span> <span class='ocrx_word' id='word_1_113' title='bbox 1349 1171 1426 1230; x_wconf 92' lang='lat' dir='ltr'><strong><em>bene</em></strong></span> <span class='ocrx_word' id='word_1_114' title='bbox 1440 1169 1507 1231; x_wconf 91' lang='lat' dir='ltr'><strong><em>red·</em></strong></span> 
     </span>
     <span class='ocr_line' id='line_1_11' title="bbox 58 1254 1505 1336; baseline -0.001 -19"><span class='ocrx_word' id='word_1_115' title='bbox 58 1256 192 1318; x_wconf 72' lang='lat' dir='ltr'><strong><em>moenie</em></strong></span> <span class='ocrx_word' id='word_1_116' title='bbox 207 1255 333 1335; x_wconf 88' lang='lat' dir='ltr'><strong><em>objecto</em></strong></span> <span class='ocrx_word' id='word_1_117' title='bbox 348 1276 403 1317; x_wconf 89' lang='lat' dir='ltr'><strong><em>sen</em></strong></span> <span class='ocrx_word' id='word_1_118' title='bbox 417 1258 574 1328; x_wconf 83' lang='lat' dir='ltr'><strong><em>materiae,</em></strong></span> <span class='ocrx_word' id='word_1_119' title='bbox 585 1277 645 1316; x_wconf 90' lang='lat' dir='ltr'><strong><em>non</em></strong></span> <span class='ocrx_word' id='word_1_120' title='bbox 658 1264 759 1336; x_wconf 90' lang='lat' dir='ltr'><strong><em>poste·</em></strong></span> <span class='ocrx_word' id='word_1_121' title='bbox 809 1254 891 1328; x_wconf 84' lang='lat' dir='ltr'><strong><em>didit,</em></strong></span> <span class='ocrx_word' id='word_1_122' title='bbox 918 1263 1080 1331; x_wconf 83' lang='lat' dir='ltr'><strong><em>operatur.</em></strong></span> <span class='ocrx_word' id='word_1_123' title='bbox 1107 1258 1251 1316; x_wconf 87' lang='lat' dir='ltr'><strong><em>Erasmus</em></strong></span> <span class='ocrx_word' id='word_1_124' title='bbox 1268 1266 1299 1316; x_wconf 92' lang='lat' dir='ltr'><strong><em>et</em></strong></span> <span class='ocrx_word' id='word_1_125' title='bbox 1314 1256 1385 1330; x_wconf 90' lang='lat' dir='ltr'><strong><em>alii,</em></strong></span> <span class='ocrx_word' id='word_1_126' title='bbox 1403 1262 1505 1334; x_wconf 83' lang='lat' dir='ltr'><strong><em>parit,</em></strong></span> 
     </span>
     <span class='ocr_line' id='line_1_12' title="bbox 10 1342 1505 1423; baseline -0.003 -17"><span class='ocrx_word' id='word_1_127' title='bbox 10 1402 12 1407; x_wconf 87' lang='lat'><strong>.</strong></span> <span class='ocrx_word' id='word_1_128' title='bbox 58 1344 121 1403; x_wconf 76' lang='lat' dir='ltr'><strong><em>rior.</em></strong></span> <span class='ocrx_word' id='word_1_129' title='bbox 144 1342 243 1404; x_wconf 85' lang='lat' dir='ltr'><strong><em>Unde</em></strong></span> <span class='ocrx_word' id='word_1_130' title='bbox 258 1344 315 1401; x_wconf 90' lang='lat' dir='ltr'><strong><em>et</em></strong></span> <span class='ocrx_word' id='word_1_131' title='bbox 306 1363 338 1402; x_wconf 93' lang='lat' dir='ltr'><strong><em>m</em></strong></span> <span class='ocrx_word' id='word_1_132' title='bbox 359 1352 448 1422; x_wconf 89' lang='lat' dir='ltr'><strong><em>parte</em></strong></span> <span class='ocrx_word' id='word_1_133' title='bbox 467 1345 625 1423; x_wconf 88' lang='lat' dir='ltr'><strong><em>sequenti</em></strong></span> <span class='ocrx_word' id='word_1_134' title='bbox 639 1344 760 1418; x_wconf 72' lang='lat' dir='ltr'><strong><em>aloria-</em></strong></span> <span class='ocrx_word' id='word_1_135' title='bbox 807 1345 919 1418; x_wconf 75' lang='lat' dir='ltr'><strong><em>pionii.</em></strong></span> <span class='ocrx_word' id='word_1_136' title='bbox 946 1343 1126 1402; x_wconf 83' lang='lat' dir='ltr'><strong><em>Tribnlatio</em></strong></span> <span class='ocrx_word' id='word_1_137' title='bbox 1135 1346 1505 1422; x_wconf 82' lang='lat' dir='ltr'><strong><em>patientiamoperatnr,</em></strong></span> 
     </span>
     <span class='ocr_line' id='line_1_13' title="bbox 10 1420 1508 1530; baseline 0.001 -41"><span class='ocrx_word' id='word_1_138' title='bbox 10 1466 12 1475; x_wconf 77' lang='lat'><em>=</em></span> <span class='ocrx_word' id='word_1_139' title='bbox 59 1429 445 1491; x_wconf 71' lang='lat' dir='ltr'><strong><em>mrtnrrrbolnttontbor</em></strong></span> <span class='ocrx_word' id='word_1_140' title='bbox 444 1420 759 1506; x_wconf 61' lang='lat' dir='ltr'><strong><em>,nonestinleedba</em></strong></span> <span class='ocrx_word' id='word_1_141' title='bbox 808 1430 880 1530; x_wconf 74' lang='lat' dir='ltr'><strong><em>quia</em></strong></span> <span class='ocrx_word' id='word_1_142' title='bbox 907 1428 993 1489; x_wconf 88' lang='lat' dir='ltr'><strong><em>nobis</em></strong></span> <span class='ocrx_word' id='word_1_143' title='bbox 1027 1431 1147 1509; x_wconf 88' lang='lat' dir='ltr'><strong><em>proficit</em></strong></span> <span class='ocrx_word' id='word_1_144' title='bbox 1172 1429 1210 1489; x_wconf 89' lang='lat' dir='ltr'><strong><em>ad</em></strong></span> <span class='ocrx_word' id='word_1_145' title='bbox 1239 1430 1425 1509; x_wconf 87' lang='lat' dir='ltr'><strong><em>patientiam</em></strong></span> <span class='ocrx_word' id='word_1_146' title='bbox 1449 1431 1508 1491; x_wconf 82' lang='lat' dir='ltr'><strong><em>Est</em></strong></span> 
     </span>
     <span class='ocr_line' id='line_1_14' title="bbox 59 1515 1506 1597; baseline 0.001 -20"><span class='ocrx_word' id='word_1_147' title='bbox 59 1515 218 1577; x_wconf 74' lang='lat' dir='ltr'><strong><em>Sciendum</em></strong></span> <span class='ocrx_word' id='word_1_148' title='bbox 234 1535 359 1596; x_wconf 89' lang='lat' dir='ltr'><strong><em>quoqne</em></strong></span> <span class='ocrx_word' id='word_1_149' title='bbox 375 1526 423 1577; x_wconf 90' lang='lat' dir='ltr'><strong><em>est</em></strong></span> <span class='ocrx_word' id='word_1_150' title='bbox 437 1517 603 1597; x_wconf 90' lang='lat' dir='ltr'><strong><em>genitivum</em></strong></span> <span class='ocrx_word' id='word_1_151' title='bbox 617 1517 760 1593; x_wconf 73' lang='lat' dir='ltr'><strong><em>filiorum</em></strong></span> <span class='ocrx_word' id='word_1_152' title='bbox 809 1516 886 1575; x_wconf 90' lang='lat' dir='ltr'><strong><em>enim</em></strong></span> <span class='ocrx_word' id='word_1_153' title='bbox 901 1517 987 1577; x_wconf 90' lang='lat' dir='ltr'><strong><em>nobie</em></strong></span> <span class='ocrx_word' id='word_1_154' title='bbox 1002 1518 1140 1576; x_wconf 85' lang='lat' dir='ltr'><strong><em>materies</em></strong></span> <span class='ocrx_word' id='word_1_155' title='bbox 1158 1525 1188 1575; x_wconf 88' lang='lat' dir='ltr'><strong><em>et</em></strong></span> <span class='ocrx_word' id='word_1_156' title='bbox 1204 1517 1322 1576; x_wconf 85' lang='lat' dir='ltr'><strong><em>occasio</em></strong></span> <span class='ocrx_word' id='word_1_157' title='bbox 1338 1519 1506 1596; x_wconf 87' lang='lat' dir='ltr'><strong><em>patientiae</em></strong></span> 
     </span>
     <span class='ocr_line' id='line_1_15' title="bbox 59 1601 1505 1704; baseline 0.002 -43"><span class='ocrx_word' id='word_1_158' title='bbox 59 1622 113 1664; x_wconf 89' lang='lat' dir='ltr'><strong><em>non</em></strong></span> <span class='ocrx_word' id='word_1_159' title='bbox 127 1622 199 1663; x_wconf 81' lang='lat' dir='ltr'><strong><em>esso</em></strong></span> <span class='ocrx_word' id='word_1_160' title='bbox 214 1601 388 1675; x_wconf 86' lang='lat' dir='ltr'><strong><em>inGraeco,</em></strong></span> <span class='ocrx_word' id='word_1_161' title='bbox 402 1602 645 1682; x_wconf 85' lang='lat' dir='ltr'><strong><em>neciuSyriaco,</em></strong></span> <span class='ocrx_word' id='word_1_162' title='bbox 657 1622 759 1683; x_wconf 89' lang='lat' dir='ltr'><strong><em>neque</em></strong></span> <span class='ocrx_word' id='word_1_163' title='bbox 808 1603 994 1663; x_wconf 79' lang='lat' dir='ltr'><strong><em>exornandae</em></strong></span> <span class='ocrx_word' id='word_1_164' title='bbox 1003 1613 1126 1683; x_wconf 88' lang='lat' dir='ltr'><strong><em>,atque</em></strong></span> <span class='ocrx_word' id='word_1_165' title='bbox 1150 1605 1239 1661; x_wconf 88' lang='lat' dir='ltr'><strong><em>etiam</em></strong></span> <span class='ocrx_word' id='word_1_166' title='bbox 1255 1603 1420 1704; x_wconf 79' lang='lat' dir='ltr'><strong><em>augendae</em></strong></span> <span class='ocrx_word' id='word_1_167' title='bbox 1447 1605 1505 1665; x_wconf 85' lang='lat' dir='ltr'><strong><em>Pe</em></strong></span> 
     </span>
     <span class='ocr_line' id='line_1_16' title="bbox 10 1650 1506 1771; baseline 0.003 -23.173"><span class='ocrx_word' id='word_1_168' title='bbox 10 1666 227 1750; x_wconf 80' lang='lat' dir='ltr'><strong><em>aGraacia</em></strong></span> <span class='ocrx_word' id='word_1_169' title='bbox 249 1689 465 1751; x_wconf 61' lang='lat' dir='ltr'><strong><em>necatoribus</em></strong></span> <span class='ocrx_word' id='word_1_170' title='bbox 487 1690 609 1770; x_wconf 84' lang='lat' dir='ltr'><strong><em>exponi.</em></strong></span> <span class='ocrx_word' id='word_1_171' title='bbox 641 1689 702 1750; x_wconf 87' lang='lat' dir='ltr'><strong><em>Sed</em></strong></span> <span class='ocrx_word' id='word_1_172' title='bbox 728 1700 760 1750; x_wconf 88' lang='lat' dir='ltr'><strong><em>et</em></strong></span> <span class='ocrx_word' id='word_1_173' title='bbox 808 1689 912 1749; x_wconf 89' lang='lat' dir='ltr'><strong><em>tientia</em></strong></span> <span class='ocrx_word' id='word_1_174' title='bbox 926 1650 1133 1770; x_wconf 84' lang='lat' dir='ltr'><strong><em>probationem</em></strong></span> <span class='ocrx_word' id='word_1_175' title='bbox 1149 1700 1302 1770; x_wconf 85' lang='lat' dir='ltr'><strong><em>operatur,</em></strong></span> <span class='ocrx_word' id='word_1_176' title='bbox 1318 1691 1389 1771; x_wconf 88' lang='lat' dir='ltr'><strong><em>quia</em></strong></span> <span class='ocrx_word' id='word_1_177' title='bbox 1405 1689 1506 1753; x_wconf 89' lang='lat' dir='ltr'><strong><em>reddit</em></strong></span> 
     </span>
     <span class='ocr_line' id='line_1_17' title="bbox 59 1773 1504 1857; baseline 0.001 -20"><span class='ocrx_word' id='word_1_178' title='bbox 59 1784 273 1837; x_wconf 65' lang='lat' dir='ltr'><strong><em>emanator</em></strong></span> <span class='ocrx_word' id='word_1_179' title='bbox 287 1776 463 1837; x_wconf 82' lang='lat' dir='ltr'><strong><em>Ambrosius</em></strong></span> <span class='ocrx_word' id='word_1_180' title='bbox 480 1784 512 1839; x_wconf 89' lang='lat' dir='ltr'><strong><em>et</em></strong></span> <span class='ocrx_word' id='word_1_181' title='bbox 520 1773 692 1856; x_wconf 84' lang='lat' dir='ltr'><strong><em>prmanus</em></strong></span> <span class='ocrx_word' id='word_1_182' title='bbox 705 1776 756 1836; x_wconf 92' lang='lat' dir='ltr'><strong><em>lib.</em></strong></span> <span class='ocrx_word' id='word_1_183' title='bbox 808 1794 884 1849; x_wconf 88' lang='lat' dir='ltr'><strong><em>eum,</em></strong></span> <span class='ocrx_word' id='word_1_184' title='bbox 901 1797 951 1857; x_wconf 86' lang='lat' dir='ltr'><strong><em>qur</em></strong></span> <span class='ocrx_word' id='word_1_185' title='bbox 943 1776 1125 1856; x_wconf 86' lang='lat' dir='ltr'><strong><em>affligitur,</em></strong></span> <span class='ocrx_word' id='word_1_186' title='bbox 1148 1777 1306 1856; x_wconf 89' lang='lat' dir='ltr'><strong><em>probatum</em></strong></span> <span class='ocrx_word' id='word_1_187' title='bbox 1322 1788 1352 1836; x_wconf 91' lang='lat' dir='ltr'><strong><em>et</em></strong></span> <span class='ocrx_word' id='word_1_188' title='bbox 1366 1778 1504 1857; x_wconf 83' lang='lat' dir='ltr'><strong><em>explora·</em></strong></span> 
     </span>
     <span class='ocr_line' id='line_1_18' title="bbox 60 1862 1501 1944; baseline 0 -20"><span class='ocrx_word' id='word_1_189' title='bbox 60 1862 93 1924; x_wconf 84' lang='lat' dir='ltr'><strong><em>de</em></strong></span> <span class='ocrx_word' id='word_1_190' title='bbox 105 1862 228 1923; x_wconf 78' lang='lat' dir='ltr'><strong><em>exhort</em></strong></span> <span class='ocrx_word' id='word_1_191' title='bbox 240 1864 381 1942; x_wconf 85' lang='lat' dir='ltr'><strong><em>martyrii</em></strong></span> <span class='ocrx_word' id='word_1_192' title='bbox 392 1883 457 1942; x_wconf 80' lang='lat' dir='ltr'><strong><em>cop.</em></strong></span> <span class='ocrx_word' id='word_1_193' title='bbox 470 1869 497 1926; x_wconf 87' lang='grc'><strong><em>9.</em></strong></span> <span class='ocrx_word' id='word_1_194' title='bbox 506 1865 756 1942; x_wconf 87' lang='lat' dir='ltr'><strong><em>praetermittunt.</em></strong></span> <span class='ocrx_word' id='word_1_195' title='bbox 806 1869 884 1936; x_wconf 89' lang='lat' dir='ltr'><strong><em>tum,</em></strong></span> <span class='ocrx_word' id='word_1_196' title='bbox 899 1872 933 1921; x_wconf 92' lang='grc' dir='ltr'><strong><em>ιιι</em></strong></span> <span class='ocrx_word' id='word_1_197' title='bbox 948 1873 1109 1942; x_wconf 83' lang='lat' dir='ltr'><strong><em>cognoscat</em></strong></span> <span class='ocrx_word' id='word_1_198' title='bbox 1124 1865 1228 1944; x_wconf 89' lang='lat' dir='ltr'><strong><em>quanti</em></strong></span> <span class='ocrx_word' id='word_1_199' title='bbox 1243 1865 1342 1923; x_wconf 90' lang='lat' dir='ltr'><strong><em>Deum</em></strong></span> <span class='ocrx_word' id='word_1_200' title='bbox 1359 1873 1390 1924; x_wconf 89' lang='lat' dir='ltr'><strong><em>et</em></strong></span> <span class='ocrx_word' id='word_1_201' title='bbox 1406 1864 1501 1924; x_wconf 88' lang='lat' dir='ltr'><strong><em>coele·</em></strong></span> 
     </span>
     <span class='ocr_line' id='line_1_19' title="bbox 59 1947 1503 2031; baseline 0 -20"><span class='ocrx_word' id='word_1_202' title='bbox 59 1951 104 2011; x_wconf 79' lang='lat' dir='ltr'><strong><em>Sis</em></strong></span> <span class='ocrx_word' id='word_1_203' title='bbox 117 1951 204 2010; x_wconf 85' lang='lat' dir='ltr'><strong><em>enim</em></strong></span> <span class='ocrx_word' id='word_1_204' title='bbox 214 1948 311 2010; x_wconf 81' lang='lat' dir='ltr'><strong><em>babet</em></strong></span> <span class='ocrx_word' id='word_1_205' title='bbox 323 1948 508 2031; x_wconf 77' lang='lat' dir='ltr'><strong><em>Cyprianus:</em></strong></span> <span class='ocrx_word' id='word_1_206' title='bbox 523 1950 710 2011; x_wconf 84' lang='lat' dir='ltr'><strong><em>Gloriamur</em></strong></span> <span class='ocrx_word' id='word_1_207' title='bbox 721 1953 757 2010; x_wconf 84' lang='lat' dir='ltr'><strong><em>in</em></strong></span> <span class='ocrx_word' id='word_1_208' title='bbox 806 1949 863 2006; x_wconf 90' lang='lat' dir='ltr'><strong><em>stia</em></strong></span> <span class='ocrx_word' id='word_1_209' title='bbox 877 1947 976 2024; x_wconf 84' lang='lat' dir='ltr'><strong><em>faciat,</em></strong></span> <span class='ocrx_word' id='word_1_210' title='bbox 1004 1951 1152 2031; x_wconf 89' lang='lat' dir='ltr'><strong><em>simulque</em></strong></span> <span class='ocrx_word' id='word_1_211' title='bbox 1169 1969 1237 2010; x_wconf 91' lang='lat' dir='ltr'><strong><em>eum</em></strong></span> <span class='ocrx_word' id='word_1_212' title='bbox 1251 1952 1348 2029; x_wconf 87' lang='lat' dir='ltr'><strong><em>magis</em></strong></span> <span class='ocrx_word' id='word_1_213' title='bbox 1360 1970 1396 2010; x_wconf 89' lang='lat' dir='ltr'><strong><em>ac</em></strong></span> <span class='ocrx_word' id='word_1_214' title='bbox 1407 1953 1503 2031; x_wconf 85' lang='lat' dir='ltr'><strong><em>magis</em></strong></span> 
     </span>
     <span class='ocr_line' id='line_1_20' title="bbox 58 2035 1501 2118; baseline 0.001 -21"><span class='ocrx_word' id='word_1_215' title='bbox 58 2054 104 2114; x_wconf 71' lang='lat' dir='ltr'><strong><em>epe</em></strong></span> <span class='ocrx_word' id='word_1_216' title='bbox 117 2036 286 2097; x_wconf 79' lang='lat' dir='ltr'><strong><em>claritatis</em></strong></span> <span class='ocrx_word' id='word_1_217' title='bbox 299 2039 371 2097; x_wconf 85' lang='lat' dir='ltr'><strong><em>Dei.</em></strong></span> <span class='ocrx_word' id='word_1_218' title='bbox 386 2035 483 2115; x_wconf 83' lang='lat' dir='ltr'><strong><em>Oujus</em></strong></span> <span class='ocrx_word' id='word_1_219' title='bbox 498 2045 596 2097; x_wconf 80' lang='grc' dir='ltr'>ιιιιιιιι</span> <span class='ocrx_word' id='word_1_220' title='bbox 619 2037 756 2097; x_wconf 90' lang='lat' dir='ltr'><strong><em>lectionis</em></strong></span> <span class='ocrx_word' id='word_1_221' title='bbox 805 2044 947 2116; x_wconf 82' lang='lat' dir='ltr'><strong><em>repurgat</em></strong></span> <span class='ocrx_word' id='word_1_222' title='bbox 961 2037 1001 2097; x_wconf 88' lang='lat' dir='ltr'><strong><em>ab</em></strong></span> <span class='ocrx_word' id='word_1_223' title='bbox 1016 2038 1174 2097; x_wconf 85' lang='lat' dir='ltr'><strong><em>affectibus</em></strong></span> <span class='ocrx_word' id='word_1_224' title='bbox 1190 2037 1315 2096; x_wconf 87' lang='lat' dir='ltr'><strong><em>vitiosis.</em></strong></span> <span class='ocrx_word' id='word_1_225' title='bbox 1334 2037 1421 2098; x_wconf 88' lang='lat' dir='ltr'><strong><em>Unde</em></strong></span> <span class='ocrx_word' id='word_1_226' title='bbox 1434 2058 1501 2118; x_wconf 89' lang='lat' dir='ltr'><strong><em>pas·</em></strong></span> 
     </span>
     <span class='ocr_line' id='line_1_21' title="bbox 58 2122 1501 2204; baseline 0.002 -21"><span class='ocrx_word' id='word_1_227' title='bbox 58 2142 159 2183; x_wconf 73' lang='lat' dir='ltr'><strong><em>mans</em></strong></span> <span class='ocrx_word' id='word_1_228' title='bbox 177 2142 197 2181; x_wconf 89' lang='lat' dir='ltr'><strong><em>a</em></strong></span> <span class='ocrx_word' id='word_1_229' title='bbox 220 2125 317 2202; x_wconf 88' lang='lat' dir='ltr'><strong><em>priori</em></strong></span> <span class='ocrx_word' id='word_1_230' title='bbox 340 2144 401 2183; x_wconf 90' lang='lat' dir='ltr'><strong><em>non</em></strong></span> <span class='ocrx_word' id='word_1_231' title='bbox 423 2125 530 2184; x_wconf 83' lang='lat' dir='ltr'><strong><em>variat.</em></strong></span> <span class='ocrx_word' id='word_1_232' title='bbox 556 2123 637 2184; x_wconf 84' lang='lat' dir='ltr'><strong><em>Nam</em></strong></span> <span class='ocrx_word' id='word_1_233' title='bbox 660 2122 756 2204; x_wconf 83' lang='lat' dir='ltr'><strong><em>gloria</em></strong></span> <span class='ocrx_word' id='word_1_234' title='bbox 805 2122 860 2181; x_wconf 87' lang='lat' dir='ltr'><strong><em>sim</em></strong></span> <span class='ocrx_word' id='word_1_235' title='bbox 876 2124 906 2183; x_wconf 92' lang='lat' dir='ltr'><strong><em>in</em></strong></span> <span class='ocrx_word' id='word_1_236' title='bbox 921 2123 1051 2185; x_wconf 86' lang='lat' dir='ltr'><strong><em>Psalmis</em></strong></span> <span class='ocrx_word' id='word_1_237' title='bbox 1067 2133 1098 2184; x_wconf 88' lang='lat' dir='ltr'><strong><em>et</em></strong></span> <span class='ocrx_word' id='word_1_238' title='bbox 1113 2123 1186 2182; x_wconf 89' lang='lat' dir='ltr'><strong><em>alibi</em></strong></span> <span class='ocrx_word' id='word_1_239' title='bbox 1201 2122 1339 2183; x_wconf 87' lang='lat' dir='ltr'><strong><em>dicuntur</em></strong></span> <span class='ocrx_word' id='word_1_240' title='bbox 1349 2125 1436 2203; x_wconf 90' lang='lat' dir='ltr'><strong><em>justi,</em></strong></span> <span class='ocrx_word' id='word_1_241' title='bbox 1451 2144 1501 2186; x_wconf 87' lang='lat' dir='ltr'><strong><em>ve-</em></strong></span> 
     </span>
     <span class='ocr_line' id='line_1_22' title="bbox 10 2208 1501 2289; baseline 0.001 -19.033"><span class='ocrx_word' id='word_1_242' title='bbox 10 2208 110 2271; x_wconf 84' lang='lat' dir='ltr'><strong><em>Dei</em></strong></span> <span class='ocrx_word' id='word_1_243' title='bbox 123 2208 197 2269; x_wconf 79' lang='lat' dir='ltr'><strong><em>filiis</em></strong></span> <span class='ocrx_word' id='word_1_244' title='bbox 212 2211 284 2289; x_wconf 88' lang='lat' dir='ltr'><strong><em>ejus</em></strong></span> <span class='ocrx_word' id='word_1_245' title='bbox 299 2208 449 2289; x_wconf 77' lang='lat' dir='ltr'><strong><em>adoptivis</em></strong></span> <span class='ocrx_word' id='word_1_246' title='bbox 465 2211 711 2271; x_wconf 85' lang='lat' dir='ltr'><strong><em>communicatur.</em></strong></span> <span class='ocrx_word' id='word_1_247' title='bbox 804 2208 849 2267; x_wconf 91' lang='lat' dir='ltr'><strong><em>lut</em></strong></span> <span class='ocrx_word' id='word_1_248' title='bbox 857 2226 975 2283; x_wconf 86' lang='lat' dir='ltr'><strong><em>aurum,</em></strong></span> <span class='ocrx_word' id='word_1_249' title='bbox 991 2212 1091 2270; x_wconf 90' lang='lat' dir='ltr'><strong><em>aDeo</em></strong></span> <span class='ocrx_word' id='word_1_250' title='bbox 1106 2210 1227 2289; x_wconf 89' lang='lat' dir='ltr'><strong><em>probari</em></strong></span> <span class='ocrx_word' id='word_1_251' title='bbox 1242 2229 1296 2289; x_wconf 89' lang='lat' dir='ltr'><strong><em>per</em></strong></span> <span class='ocrx_word' id='word_1_252' title='bbox 1308 2210 1501 2271; x_wconf 85' lang='lat' dir='ltr'><strong><em>tolerantiam</em></strong></span> 
     </span>
     <span class='ocr_line' id='line_1_23' title="bbox 10 2266 1501 2376; baseline 0 -20"><span class='ocrx_word' id='word_1_253' title='bbox 10 2266 14 2375; x_wconf 65' lang='grc' dir='ltr'><strong><em>ι</em></strong></span> <span class='ocrx_word' id='word_1_254' title='bbox 91 2297 216 2358; x_wconf 74' lang='grc' dir='ltr'><strong>3.Νοπ</strong></span> <span class='ocrx_word' id='word_1_255' title='bbox 239 2297 343 2358; x_wconf 82' lang='lat' dir='ltr'><strong><em>salam</em></strong></span> <span class='ocrx_word' id='word_1_256' title='bbox 370 2303 485 2357; x_wconf 64' lang='lat' dir='ltr'><strong><em>auum.</em></strong></span> <span class='ocrx_word' id='word_1_257' title='bbox 508 2295 644 2375; x_wconf 81' lang='lat' dir='ltr'><strong><em>Ellipsie,</em></strong></span> <span class='ocrx_word' id='word_1_258' title='bbox 659 2297 754 2358; x_wconf 92' lang='lat' dir='ltr'><strong><em>Paulo</em></strong></span> <span class='ocrx_word' id='word_1_259' title='bbox 803 2295 1004 2356; x_wconf 82' lang='lat' dir='ltr'><strong><em>afflictionum.</em></strong></span> <span class='ocrx_word' id='word_1_260' title='bbox 1034 2297 1158 2356; x_wconf 86' lang='lat' dir='ltr'><strong><em>Probat</em></strong></span> <span class='ocrx_word' id='word_1_261' title='bbox 1137 2307 1179 2355; x_wconf 90' lang='grc' dir='ltr'><strong><em>ιιο</em></strong></span> <span class='ocrx_word' id='word_1_262' title='bbox 1202 2317 1274 2356; x_wconf 88' lang='lat' dir='ltr'><strong><em>vero</em></strong></span> <span class='ocrx_word' id='word_1_263' title='bbox 1297 2317 1380 2376; x_wconf 89' lang='lat' dir='ltr'><strong><em>spem</em></strong></span> <span class='ocrx_word' id='word_1_264' title='bbox 1395 2299 1501 2376; x_wconf 86' lang='lat' dir='ltr'><strong><em>gignit,</em></strong></span> 
     </span>
     <span class='ocr_line' id='line_1_24' title="bbox 10 2381 1499 2463; baseline 0.002 -21"><span class='ocrx_word' id='word_1_265' title='bbox 10 2382 14 2441; x_wconf 87' lang='lat' dir='ltr'><strong><em>l</em></strong></span> <span class='ocrx_word' id='word_1_266' title='bbox 58 2381 214 2463; x_wconf 68' lang='lat' dir='ltr'><strong><em>inquens,</em></strong></span> <span class='ocrx_word' id='word_1_267' title='bbox 239 2403 296 2463; x_wconf 89' lang='lat' dir='ltr'><strong><em>pro</em></strong></span> <span class='ocrx_word' id='word_1_268' title='bbox 312 2401 349 2442; x_wconf 90' lang='lat' dir='ltr'><strong><em>eo</em></strong></span> <span class='ocrx_word' id='word_1_269' title='bbox 358 2383 471 2463; x_wconf 90' lang='lat' dir='ltr'><strong><em>,quod</em></strong></span> <span class='ocrx_word' id='word_1_270' title='bbox 492 2382 621 2443; x_wconf 87' lang='lat' dir='ltr'><strong><em>diceret:</em></strong></span> <span class='ocrx_word' id='word_1_271' title='bbox 643 2385 709 2445; x_wconf 88' lang='lat' dir='ltr'><strong><em>Nec</em></strong></span> <span class='ocrx_word' id='word_1_272' title='bbox 725 2385 754 2446; x_wconf 94' lang='lat' dir='ltr'><strong><em>id</em></strong></span> <span class='ocrx_word' id='word_1_273' title='bbox 804 2382 965 2443; x_wconf 85' lang='lat' dir='ltr'><strong><em>excitando</em></strong></span> <span class='ocrx_word' id='word_1_274' title='bbox 981 2403 1047 2443; x_wconf 86' lang='lat' dir='ltr'><strong><em>eam</em></strong></span> <span class='ocrx_word' id='word_1_275' title='bbox 1062 2392 1093 2443; x_wconf 91' lang='lat' dir='ltr'><strong><em>et</em></strong></span> <span class='ocrx_word' id='word_1_276' title='bbox 1108 2383 1254 2463; x_wconf 90' lang='lat' dir='ltr'><strong><em>augendo.</em></strong></span> <span class='ocrx_word' id='word_1_277' title='bbox 1272 2382 1333 2462; x_wconf 80' lang='lat' dir='ltr'><strong><em>Qui</em></strong></span> <span class='ocrx_word' id='word_1_278' title='bbox 1349 2403 1426 2443; x_wconf 89' lang='lat' dir='ltr'><strong><em>emm</em></strong></span> <span class='ocrx_word' id='word_1_279' title='bbox 1433 2404 1499 2463; x_wconf 90' lang='lat' dir='ltr'><strong><em>Jam</em></strong></span> 
     </span>
     <span class='ocr_line' id='line_1_25' title="bbox 10 2429 1500 2551; baseline 0.002 -23"><span class='ocrx_word' id='word_1_280' title='bbox 10 2538 13 2545; x_wconf 27' lang='grc' dir='ltr'>Ι</span> <span class='ocrx_word' id='word_1_281' title='bbox 10 2469 153 2530; x_wconf 81' lang='lat' dir='ltr'><strong><em>solum</em></strong></span> <span class='ocrx_word' id='word_1_282' title='bbox 181 2468 259 2530; x_wconf 76' lang='lat' dir='ltr'><strong><em>Non</em></strong></span> <span class='ocrx_word' id='word_1_283' title='bbox 276 2429 386 2542; x_wconf 73' lang='lat' dir='ltr'><strong><em>solnm,</em></strong></span> <span class='ocrx_word' id='word_1_284' title='bbox 412 2470 524 2551; x_wconf 89' lang='lat' dir='ltr'><strong><em>inquit,</em></strong></span> <span class='ocrx_word' id='word_1_285' title='bbox 539 2470 700 2549; x_wconf 86' lang='lat' dir='ltr'><strong><em>gloriamur</em></strong></span> <span class='ocrx_word' id='word_1_286' title='bbox 715 2471 754 2532; x_wconf 88' lang='lat' dir='ltr'><strong><em>de</em></strong></span> <span class='ocrx_word' id='word_1_287' title='bbox 803 2478 942 2549; x_wconf 82' lang='lat' dir='ltr'><strong><em>expertus</em></strong></span> <span class='ocrx_word' id='word_1_288' title='bbox 960 2477 1022 2542; x_wconf 89' lang='lat' dir='ltr'><strong><em>est,</em></strong></span> <span class='ocrx_word' id='word_1_289' title='bbox 1044 2491 1077 2530; x_wconf 89' lang='lat' dir='ltr'><strong><em>se</em></strong></span> <span class='ocrx_word' id='word_1_290' title='bbox 1100 2471 1188 2530; x_wconf 86' lang='lat' dir='ltr'><strong><em>nullis</em></strong></span> <span class='ocrx_word' id='word_1_291' title='bbox 1203 2469 1338 2530; x_wconf 89' lang='lat' dir='ltr'><strong><em>adversis</em></strong></span> <span class='ocrx_word' id='word_1_292' title='bbox 1353 2471 1500 2548; x_wconf 87' lang='lat' dir='ltr'><strong><em>ajustitia</em></strong></span> 
     </span>
     <span class='ocr_line' id='line_1_26' title="bbox 10 2555 1498 2638; baseline 0.001 -23"><span class='ocrx_word' id='word_1_293' title='bbox 10 2598 13 2609; x_wconf 88' lang='lat'><strong>.</strong></span> <span class='ocrx_word' id='word_1_294' title='bbox 58 2575 94 2629; x_wconf 83' lang='lat' dir='ltr'><strong><em>eo,</em></strong></span> <span class='ocrx_word' id='word_1_295' title='bbox 107 2555 192 2638; x_wconf 87' lang='lat' dir='ltr'><strong><em>qnod</em></strong></span> <span class='ocrx_word' id='word_1_296' title='bbox 207 2556 284 2631; x_wconf 85' lang='lat' dir='ltr'><strong><em>dixi,</em></strong></span> <span class='ocrx_word' id='word_1_297' title='bbox 300 2556 332 2615; x_wconf 92' lang='lat' dir='ltr'><strong><em>id</em></strong></span> <span class='ocrx_word' id='word_1_298' title='bbox 347 2564 401 2630; x_wconf 85' lang='lat' dir='ltr'><strong><em>eet,</em></strong></span> <span class='ocrx_word' id='word_1_299' title='bbox 416 2556 455 2618; x_wconf 88' lang='lat' dir='ltr'><strong><em>do</em></strong></span> <span class='ocrx_word' id='word_1_300' title='bbox 470 2557 569 2636; x_wconf 82' lang='lat' dir='ltr'><strong><em>gratia</em></strong></span> <span class='ocrx_word' id='word_1_301' title='bbox 583 2557 649 2616; x_wconf 87' lang='lat' dir='ltr'><strong><em>ista.</em></strong></span> <span class='ocrx_word' id='word_1_302' title='bbox 802 2563 832 2614; x_wconf 90' lang='lat' dir='ltr'><strong><em>et</em></strong></span> <span class='ocrx_word' id='word_1_303' title='bbox 844 2557 956 2617; x_wconf 90' lang='lat' dir='ltr'><strong><em>virtute</em></strong></span> <span class='ocrx_word' id='word_1_304' title='bbox 970 2556 1040 2616; x_wconf 88' lang='lat' dir='ltr'><strong><em>fidei</em></strong></span> <span class='ocrx_word' id='word_1_305' title='bbox 1055 2556 1198 2616; x_wconf 89' lang='lat' dir='ltr'><strong><em>dimotum</em></strong></span> <span class='ocrx_word' id='word_1_306' title='bbox 1214 2576 1287 2630; x_wconf 87' lang='lat' dir='ltr'><strong><em>esse,</em></strong></span> <span class='ocrx_word' id='word_1_307' title='bbox 1311 2559 1430 2617; x_wconf 85' lang='lat' dir='ltr'><strong><em>etiamsi</em></strong></span> <span class='ocrx_word' id='word_1_308' title='bbox 1446 2578 1498 2617; x_wconf 89' lang='lat' dir='ltr'><strong><em>va·</em></strong></span> 
     </span>
     <span class='ocr_line' id='line_1_27' title="bbox 10 2643 1500 2724; baseline 0.001 -20"><span class='ocrx_word' id='word_1_309' title='bbox 10 2678 12 2691; x_wconf 80' lang='grc'><strong><em>·</em></strong></span> <span class='ocrx_word' id='word_1_310' title='bbox 91 2643 153 2704; x_wconf 84' lang='lat' dir='ltr'><strong><em>Sed</em></strong></span> <span class='ocrx_word' id='word_1_311' title='bbox 167 2651 201 2702; x_wconf 85' lang='lat' dir='ltr'><strong><em>et</em></strong></span> <span class='ocrx_word' id='word_1_312' title='bbox 216 2644 402 2719; x_wconf 70' lang='lat' dir='ltr'><strong><em>oboriantur</em></strong></span> <span class='ocrx_word' id='word_1_313' title='bbox 422 2646 460 2704; x_wconf 88' lang='lat' dir='ltr'><strong><em>in</em></strong></span> <span class='ocrx_word' id='word_1_314' title='bbox 482 2643 751 2704; x_wconf 75' lang='lat' dir='ltr'><strong><em>tribulationibus.</em></strong></span> <span class='ocrx_word' id='word_1_315' title='bbox 800 2644 845 2701; x_wconf 89' lang='lat' dir='ltr'><strong><em>rie</em></strong></span> <span class='ocrx_word' id='word_1_316' title='bbox 860 2651 990 2704; x_wconf 84' lang='lat' dir='ltr'><strong><em>tentatus</em></strong></span> <span class='ocrx_word' id='word_1_317' title='bbox 1007 2645 1059 2716; x_wconf 89' lang='lat' dir='ltr'><strong><em>sit,</em></strong></span> <span class='ocrx_word' id='word_1_318' title='bbox 1074 2645 1180 2703; x_wconf 91' lang='lat' dir='ltr'><strong><em>mirum</em></strong></span> <span class='ocrx_word' id='word_1_319' title='bbox 1195 2645 1226 2702; x_wconf 90' lang='lat' dir='ltr'><strong><em>in</em></strong></span> <span class='ocrx_word' id='word_1_320' title='bbox 1242 2643 1360 2703; x_wconf 88' lang='lat' dir='ltr'><strong><em>modum</em></strong></span> <span class='ocrx_word' id='word_1_321' title='bbox 1376 2645 1500 2724; x_wconf 89' lang='lat' dir='ltr'><strong><em>erigitur</em></strong></span> 
     </span>
     <span class='ocr_line' id='line_1_28' title="bbox 10 2729 1340 2810; baseline -0.001 -21"><span class='ocrx_word' id='word_1_322' title='bbox 10 2746 13 2771; x_wconf 56' lang='grc' dir='ltr'><strong><em>ι</em></strong></span> <span class='ocrx_word' id='word_1_323' title='bbox 57 2729 152 2802; x_wconf 85' lang='lat' dir='ltr'><strong><em>ldest,</em></strong></span> <span class='ocrx_word' id='word_1_324' title='bbox 168 2729 211 2790; x_wconf 88' lang='lat' dir='ltr'><strong><em>de</em></strong></span> <span class='ocrx_word' id='word_1_325' title='bbox 229 2729 445 2805; x_wconf 84' lang='lat' dir='ltr'><strong><em>afflictionibus,</em></strong></span> <span class='ocrx_word' id='word_1_326' title='bbox 471 2731 620 2810; x_wconf 88' lang='lat' dir='ltr'><strong><em>pressuris</em></strong></span> <span class='ocrx_word' id='word_1_327' title='bbox 636 2751 671 2792; x_wconf 86' lang='lat' dir='ltr'><strong><em>ac</em></strong></span> <span class='ocrx_word' id='word_1_328' title='bbox 686 2750 752 2810; x_wconf 84' lang='lat' dir='ltr'><strong><em>per</em></strong></span> <span class='ocrx_word' id='word_1_329' title='bbox 800 2731 898 2790; x_wconf 90' lang='lat' dir='ltr'><strong><em>animo</em></strong></span> <span class='ocrx_word' id='word_1_330' title='bbox 914 2733 945 2790; x_wconf 90' lang='lat' dir='ltr'><strong><em>in</em></strong></span> <span class='ocrx_word' id='word_1_331' title='bbox 960 2750 1044 2809; x_wconf 87' lang='lat' dir='ltr'><strong><em>spem</em></strong></span> <span class='ocrx_word' id='word_1_332' title='bbox 1059 2731 1173 2809; x_wconf 83' lang='lat' dir='ltr'><strong><em>gloriae</em></strong></span> <span class='ocrx_word' id='word_1_333' title='bbox 1193 2731 1340 2791; x_wconf 87' lang='lat' dir='ltr'><strong><em>coelestis.</em></strong></span> 
     </span>
     <span class='ocr_line' id='line_1_29' title="bbox 57 2816 1497 2897; baseline 0.002 -21"><span class='ocrx_word' id='word_1_334' title='bbox 57 2816 272 2888; x_wconf 68' lang='lat' dir='ltr'><strong><em>nationibus,</em></strong></span> <span class='ocrx_word' id='word_1_335' title='bbox 294 2835 369 2897; x_wconf 87' lang='lat' dir='ltr'><strong><em>quas</em></strong></span> <span class='ocrx_word' id='word_1_336' title='bbox 391 2827 511 2897; x_wconf 87' lang='lat' dir='ltr'><strong><em>propter</em></strong></span> <span class='ocrx_word' id='word_1_337' title='bbox 525 2817 603 2877; x_wconf 87' lang='lat' dir='ltr'><strong><em>hanc</em></strong></span> <span class='ocrx_word' id='word_1_338' title='bbox 617 2818 751 2896; x_wconf 83' lang='lat' dir='ltr'><strong><em>gratiam,</em></strong></span> <span class='ocrx_word' id='word_1_339' title='bbox 844 2817 894 2875; x_wconf 86' lang='lat' dir='ltr'><strong><em>Ex</em></strong></span> <span class='ocrx_word' id='word_1_340' title='bbox 923 2818 981 2877; x_wconf 89' lang='lat' dir='ltr'><strong><em>hoc</em></strong></span> <span class='ocrx_word' id='word_1_341' title='bbox 1008 2818 1073 2877; x_wconf 89' lang='lat' dir='ltr'><strong><em>loco</em></strong></span> <span class='ocrx_word' id='word_1_342' title='bbox 1100 2817 1183 2877; x_wconf 89' lang='lat' dir='ltr'><strong><em>disce</em></strong></span> <span class='ocrx_word' id='word_1_343' title='bbox 1211 2826 1315 2877; x_wconf 87' lang='lat' dir='ltr'><strong><em>contra</em></strong></span> <span class='ocrx_word' id='word_1_344' title='bbox 1342 2819 1497 2891; x_wconf 87' lang='lat' dir='ltr'><strong><em>sectarios,</em></strong></span> 
     </span>
     <span class='ocr_line' id='line_1_30' title="bbox 56 2901 1497 2985; baseline 0.003 -24"><span class='ocrx_word' id='word_1_345' title='bbox 56 2901 166 2976; x_wconf 80' lang='lat' dir='ltr'><strong><em>idest,</em></strong></span> <span class='ocrx_word' id='word_1_346' title='bbox 189 2905 267 2984; x_wconf 87' lang='lat' dir='ltr'><strong><em>qnia</em></strong></span> <span class='ocrx_word' id='word_1_347' title='bbox 289 2901 452 2964; x_wconf 81' lang='lat' dir='ltr'><strong><em>Christiani</em></strong></span> <span class='ocrx_word' id='word_1_348' title='bbox 474 2922 590 2978; x_wconf 90' lang='lat' dir='ltr'><strong><em>sumus,</em></strong></span> <span class='ocrx_word' id='word_1_349' title='bbox 612 2907 750 2985; x_wconf 88' lang='lat' dir='ltr'><strong><em>patimur.</em></strong></span> <span class='ocrx_word' id='word_1_350' title='bbox 800 2923 882 2983; x_wconf 89' lang='lat' dir='ltr'><strong><em>spem</em></strong></span> <span class='ocrx_word' id='word_1_351' title='bbox 899 2914 1027 2964; x_wconf 86' lang='lat' dir='ltr'><strong><em>nostram</em></strong></span> <span class='ocrx_word' id='word_1_352' title='bbox 1039 2914 1071 2964; x_wconf 93' lang='lat' dir='ltr'><strong><em>et</em></strong></span> <span class='ocrx_word' id='word_1_353' title='bbox 1082 2904 1220 2964; x_wconf 87' lang='lat' dir='ltr'><strong><em>fiduciam</em></strong></span> <span class='ocrx_word' id='word_1_354' title='bbox 1233 2925 1293 2964; x_wconf 91' lang='lat' dir='ltr'><strong><em>non</em></strong></span> <span class='ocrx_word' id='word_1_355' title='bbox 1304 2907 1347 2963; x_wconf 89' lang='lat' dir='ltr'><strong><em>ita</em></strong></span> <span class='ocrx_word' id='word_1_356' title='bbox 1357 2906 1413 2964; x_wconf 90' lang='lat' dir='ltr'><strong><em>niti</em></strong></span> <span class='ocrx_word' id='word_1_357' title='bbox 1425 2906 1497 2966; x_wconf 88' lang='lat' dir='ltr'><strong><em>solis</em></strong></span> 
     </span>
     <span class='ocr_line' id='line_1_31' title="bbox 56 2987 1495 3072; baseline 0.001 -22"><span class='ocrx_word' id='word_1_358' title='bbox 56 2987 230 3063; x_wconf 82' lang='lat' dir='ltr'><strong><em>(ilorimur,</em></strong></span> <span class='ocrx_word' id='word_1_359' title='bbox 245 2992 377 3071; x_wconf 85' lang='lat' dir='ltr'><strong><em>inquam,</em></strong></span> <span class='ocrx_word' id='word_1_360' title='bbox 392 2989 431 3050; x_wconf 87' lang='lat' dir='ltr'><strong><em>de</em></strong></span> <span class='ocrx_word' id='word_1_361' title='bbox 444 2992 480 3050; x_wconf 88' lang='lat' dir='ltr'><strong><em>iis</em></strong></span> <span class='ocrx_word' id='word_1_362' title='bbox 491 2989 655 3050; x_wconf 89' lang='lat' dir='ltr'><strong><em>secundum</em></strong></span> <span class='ocrx_word' id='word_1_363' title='bbox 666 2993 751 3071; x_wconf 88' lang='lat' dir='ltr'><strong><em>spiri·</em></strong></span> <span class='ocrx_word' id='word_1_364' title='bbox 799 2990 909 3050; x_wconf 90' lang='lat' dir='ltr'><strong><em>divinis</em></strong></span> <span class='ocrx_word' id='word_1_365' title='bbox 925 2991 1187 3072; x_wconf 88' lang='lat' dir='ltr'><strong><em>promissionibus,</em></strong></span> <span class='ocrx_word' id='word_1_366' title='bbox 1217 2999 1250 3050; x_wconf 93' lang='grc' dir='ltr'><strong><em>ιιι</em></strong></span> <span class='ocrx_word' id='word_1_367' title='bbox 1271 2993 1439 3051; x_wconf 57' lang='lat' dir='ltr'><strong><em>nonretiam</em></strong></span> <span class='ocrx_word' id='word_1_368' title='bbox 1453 2993 1495 3051; x_wconf 86' lang='lat' dir='ltr'><strong><em>ia·</em></strong></span> 
     </span>
     <span class='ocr_line' id='line_1_32' title="bbox 55 3075 1496 3157; baseline 0.001 -21"><span class='ocrx_word' id='word_1_369' title='bbox 55 3088 124 3150; x_wconf 78' lang='lat' dir='ltr'><strong><em>nm,</em></strong></span> <span class='ocrx_word' id='word_1_370' title='bbox 151 3085 302 3157; x_wconf 86' lang='lat' dir='ltr'><strong><em>tanquam</em></strong></span> <span class='ocrx_word' id='word_1_371' title='bbox 316 3075 355 3136; x_wconf 88' lang='lat' dir='ltr'><strong><em>de</em></strong></span> <span class='ocrx_word' id='word_1_372' title='bbox 376 3097 485 3156; x_wconf 86' lang='lat' dir='ltr'><strong><em>magno</em></strong></span> <span class='ocrx_word' id='word_1_373' title='bbox 501 3077 596 3137; x_wconf 88' lang='lat' dir='ltr'><strong><em>bono:</em></strong></span> <span class='ocrx_word' id='word_1_374' title='bbox 619 3078 693 3138; x_wconf 86' lang='lat' dir='ltr'><strong><em>licet</em></strong></span> <span class='ocrx_word' id='word_1_375' title='bbox 708 3080 749 3138; x_wconf 92' lang='lat' dir='ltr'><strong><em>in·</em></strong></span> <span class='ocrx_word' id='word_1_376' title='bbox 799 3076 921 3137; x_wconf 87' lang='lat' dir='ltr'><strong><em>tendum</em></strong></span> <span class='ocrx_word' id='word_1_377' title='bbox 936 3080 983 3152; x_wconf 84' lang='lat' dir='ltr'><strong><em>sit,</em></strong></span> <span class='ocrx_word' id='word_1_378' title='bbox 996 3098 1062 3137; x_wconf 86' lang='lat' dir='ltr'><strong><em>eam</em></strong></span> <span class='ocrx_word' id='word_1_379' title='bbox 1074 3079 1159 3138; x_wconf 88' lang='lat' dir='ltr'><strong><em>inniti</em></strong></span> <span class='ocrx_word' id='word_1_380' title='bbox 1171 3076 1340 3139; x_wconf 83' lang='lat' dir='ltr'><strong><em>testimonio</em></strong></span> <span class='ocrx_word' id='word_1_381' title='bbox 1353 3079 1496 3140; x_wconf 90' lang='lat' dir='ltr'><strong><em>bonomm</em></strong></span> 
     </span>
     <span class='ocr_line' id='line_1_33' title="bbox 55 3161 1495 3245; baseline 0.001 -22"><span class='ocrx_word' id='word_1_382' title='bbox 55 3161 132 3223; x_wconf 76' lang='lat' dir='ltr'><strong><em>firma</em></strong></span> <span class='ocrx_word' id='word_1_383' title='bbox 159 3183 234 3224; x_wconf 80' lang='lat' dir='ltr'><strong><em>caro</em></strong></span> <span class='ocrx_word' id='word_1_384' title='bbox 263 3161 372 3223; x_wconf 85' lang='lat' dir='ltr'><strong><em>doleat.</em></strong></span> <span class='ocrx_word' id='word_1_385' title='bbox 403 3163 454 3224; x_wconf 91' lang='lat' dir='ltr'><strong><em>Sic</em></strong></span> <span class='ocrx_word' id='word_1_386' title='bbox 476 3165 615 3244; x_wconf 85' lang='lat' dir='ltr'><strong><em>Apostoli</em></strong></span> <span class='ocrx_word' id='word_1_387' title='bbox 637 3165 704 3225; x_wconf 84' lang='lat' dir='ltr'><strong><em>Act.</em></strong></span> <span class='ocrx_word' id='word_1_388' title='bbox 721 3169 749 3226; x_wconf 89' lang='lat' dir='ltr'><strong><em>b.</em></strong></span> <span class='ocrx_word' id='word_1_389' title='bbox 800 3183 938 3245; x_wconf 86' lang='lat' dir='ltr'><strong><em>operum,</em></strong></span> <span class='ocrx_word' id='word_1_390' title='bbox 965 3184 1043 3245; x_wconf 89' lang='lat' dir='ltr'><strong><em>quae</em></strong></span> <span class='ocrx_word' id='word_1_391' title='bbox 1064 3167 1148 3224; x_wconf 89' lang='lat' dir='ltr'><strong><em>Deus</em></strong></span> <span class='ocrx_word' id='word_1_392' title='bbox 1165 3164 1289 3225; x_wconf 84' lang='lat' dir='ltr'><strong><em>dederit.</em></strong></span> <span class='ocrx_word' id='word_1_393' title='bbox 1312 3164 1401 3224; x_wconf 90' lang='lat' dir='ltr'><strong><em>Unde</em></strong></span> <span class='ocrx_word' id='word_1_394' title='bbox 1418 3166 1495 3226; x_wconf 88' lang='lat' dir='ltr'><strong><em>idem</em></strong></span> 
     </span>
     <span class='ocr_line' id='line_1_34' title="bbox 10 3249 1493 3331; baseline 0.001 -21"><span class='ocrx_word' id='word_1_395' title='bbox 10 3294 12 3319; x_wconf 60' lang='lat'><em>2</em></span> <span class='ocrx_word' id='word_1_396' title='bbox 54 3250 137 3310; x_wconf 71' lang='lat' dir='ltr'><strong><em>itant</em></strong></span> <span class='ocrx_word' id='word_1_397' title='bbox 162 3250 390 3327; x_wconf 67' lang='lat' dir='ltr'><strong><em>pontenano</em></strong></span> <span class='ocrx_word' id='word_1_398' title='bbox 423 3260 591 3327; x_wconf 81' lang='lat' dir='ltr'><strong><em>conspectu</em></strong></span> <span class='ocrx_word' id='word_1_399' title='bbox 612 3253 749 3327; x_wconf 83' lang='lat' dir='ltr'><strong><em>aoncilii,</em></strong></span> <span class='ocrx_word' id='word_1_400' title='bbox 799 3252 963 3331; x_wconf 87' lang='lat' dir='ltr'><strong><em>Apostolus</em></strong></span> <span class='ocrx_word' id='word_1_401' title='bbox 987 3256 1005 3312; x_wconf 80' lang='lat'><strong>2</strong></span> <span class='ocrx_word' id='word_1_402' title='bbox 1029 3249 1096 3310; x_wconf 82' lang='lat' dir='ltr'><strong><em>Cor.</em></strong></span> <span class='ocrx_word' id='word_1_403' title='bbox 1122 3258 1148 3311; x_wconf 92' lang='lat'><strong><em>1.</em></strong></span> <span class='ocrx_word' id='word_1_404' title='bbox 1174 3253 1284 3312; x_wconf 82' lang='lat' dir='ltr'><strong><em>Gloria</em></strong></span> <span class='ocrx_word' id='word_1_405' title='bbox 1299 3259 1427 3327; x_wconf 87' lang='lat' dir='ltr'><strong><em>nostra,</em></strong></span> <span class='ocrx_word' id='word_1_406' title='bbox 1452 3255 1493 3312; x_wconf 91' lang='grc' dir='ltr'>ιιι·</span> 
     </span>
    </p>
   </div>
   <div class='ocr_carea' id='block_1_3' title="bbox 54 3337 752 3938">
    <p class='ocr_par' dir='ltr' id='par_1_3' title="bbox 54 3337 752 3938">
     <span class='ocr_line' id='line_1_35' title="bbox 54 3337 752 3414; baseline 0.004 -18"><span class='ocrx_word' id='word_1_407' title='bbox 54 3337 133 3414; x_wconf 75' lang='lat' dir='ltr'><strong><em>qaod</em></strong></span> <span class='ocrx_word' id='word_1_408' title='bbox 140 3339 238 3413; x_wconf 68' lang='lat' dir='ltr'><strong><em>digni</em></strong></span> <span class='ocrx_word' id='word_1_409' title='bbox 244 3338 347 3397; x_wconf 85' lang='lat' dir='ltr'><strong><em>babiti</em></strong></span> <span class='ocrx_word' id='word_1_410' title='bbox 354 3346 452 3397; x_wconf 78' lang='lat' dir='ltr'><strong><em>emant</em></strong></span> <span class='ocrx_word' id='word_1_411' title='bbox 461 3356 524 3414; x_wconf 88' lang='lat' dir='ltr'><strong><em>pro</em></strong></span> <span class='ocrx_word' id='word_1_412' title='bbox 532 3343 664 3401; x_wconf 88' lang='lat' dir='ltr'><strong><em>nomine</em></strong></span> <span class='ocrx_word' id='word_1_413' title='bbox 671 3343 699 3400; x_wconf 87' lang='lat' dir='ltr'><em>J</em></span> <span class='ocrx_word' id='word_1_414' title='bbox 699 3358 752 3399; x_wconf 78' lang='lat' dir='ltr'><strong><em>eea</em></strong></span> 
     </span>
     <span class='ocr_line' id='line_1_36' title="bbox 55 3424 752 3500; baseline 0.001 -15"><span class='ocrx_word' id='word_1_415' title='bbox 55 3424 280 3485; x_wconf 76' lang='lat' dir='ltr'><strong><em>eontumeliam</em></strong></span> <span class='ocrx_word' id='word_1_416' title='bbox 293 3428 373 3500; x_wconf 85' lang='lat' dir='ltr'><strong><em>pati.</em></strong></span> <span class='ocrx_word' id='word_1_417' title='bbox 393 3424 474 3484; x_wconf 90' lang='lat' dir='ltr'><strong><em>Hinc</em></strong></span> <span class='ocrx_word' id='word_1_418' title='bbox 492 3435 522 3486; x_wconf 88' lang='lat' dir='ltr'><strong><em>et</em></strong></span> <span class='ocrx_word' id='word_1_419' title='bbox 543 3428 681 3487; x_wconf 88' lang='lat' dir='ltr'><strong><em>Jacobus</em></strong></span> <span class='ocrx_word' id='word_1_420' title='bbox 702 3427 752 3486; x_wconf 88' lang='lat' dir='ltr'><strong><em>ad·</em></strong></span> 
     </span>
     <span class='ocr_line' id='line_1_37' title="bbox 55 3509 751 3591; baseline 0.004 -21"><span class='ocrx_word' id='word_1_421' title='bbox 55 3521 150 3570; x_wconf 84' lang='lat' dir='ltr'><strong><em>monet</em></strong></span> <span class='ocrx_word' id='word_1_422' title='bbox 156 3531 227 3591; x_wconf 83' lang='lat' dir='ltr'><strong><em>cap.</em></strong></span> <span class='ocrx_word' id='word_1_423' title='bbox 238 3516 264 3571; x_wconf 89' lang='lat'><strong><em>1.</em></strong></span> <span class='ocrx_word' id='word_1_424' title='bbox 274 3509 392 3571; x_wconf 87' lang='lat' dir='ltr'><strong><em>dicens:</em></strong></span> <span class='ocrx_word' id='word_1_425' title='bbox 406 3513 504 3572; x_wconf 87' lang='lat' dir='ltr'><strong><em>Omne</em></strong></span> <span class='ocrx_word' id='word_1_426' title='bbox 510 3515 667 3588; x_wconf 66' lang='lat' dir='ltr'><strong><em>nandium</em></strong></span> <span class='ocrx_word' id='word_1_427' title='bbox 676 3517 751 3575; x_wconf 79' lang='lat' dir='ltr'><strong><em>exie·</em></strong></span> 
     </span>
     <span class='ocr_line' id='line_1_38' title="bbox 57 3599 750 3674; baseline 0.001 -16"><span class='ocrx_word' id='word_1_428' title='bbox 57 3601 173 3674; x_wconf 82' lang='lat' dir='ltr'><strong><em>limate,</em></strong></span> <span class='ocrx_word' id='word_1_429' title='bbox 187 3600 307 3659; x_wconf 81' lang='lat' dir='ltr'><strong><em>eumin</em></strong></span> <span class='ocrx_word' id='word_1_430' title='bbox 316 3601 514 3674; x_wconf 77' lang='lat' dir='ltr'><strong><em>tentationes,</em></strong></span> <span class='ocrx_word' id='word_1_431' title='bbox 532 3599 617 3661; x_wconf 89' lang='lat' dir='ltr'><strong><em>idest</em></strong></span> <span class='ocrx_word' id='word_1_432' title='bbox 628 3601 750 3660; x_wconf 87' lang='lat' dir='ltr'><strong><em>tribula·</em></strong></span> 
     </span>
     <span class='ocr_line' id='line_1_39' title="bbox 56 3686 751 3760; baseline 0.004 -16"><span class='ocrx_word' id='word_1_433' title='bbox 56 3687 154 3760; x_wconf 77' lang='lat' dir='ltr'><strong><em>Sonos,</em></strong></span> <span class='ocrx_word' id='word_1_434' title='bbox 169 3688 284 3745; x_wconf 72' lang='lat' dir='ltr'><strong><em>varim</em></strong></span> <span class='ocrx_word' id='word_1_435' title='bbox 292 3686 476 3746; x_wconf 82' lang='lat' dir='ltr'><strong><em>incideritis.</em></strong></span> <span class='ocrx_word' id='word_1_436' title='bbox 499 3688 576 3747; x_wconf 85' lang='lat' dir='ltr'><strong><em>Nam</em></strong></span> <span class='ocrx_word' id='word_1_437' title='bbox 589 3688 751 3747; x_wconf 88' lang='lat' dir='ltr'><strong><em>tribulatio·</em></strong></span> 
     </span>
     <span class='ocr_line' id='line_1_40' title="bbox 56 3772 751 3853; baseline 0.004 -22"><span class='ocrx_word' id='word_1_438' title='bbox 56 3791 104 3832; x_wconf 82' lang='lat' dir='ltr'><strong><em>nes</em></strong></span> <span class='ocrx_word' id='word_1_439' title='bbox 128 3791 322 3852; x_wconf 83' lang='lat' dir='ltr'><strong><em>summopere</em></strong></span> <span class='ocrx_word' id='word_1_440' title='bbox 343 3772 518 3833; x_wconf 84' lang='lat' dir='ltr'><strong><em>confirmant</em></strong></span> <span class='ocrx_word' id='word_1_441' title='bbox 537 3793 621 3853; x_wconf 92' lang='lat' dir='ltr'><strong><em>spem</em></strong></span> <span class='ocrx_word' id='word_1_442' title='bbox 642 3774 751 3834; x_wconf 92' lang='lat' dir='ltr'><strong><em>electo-</em></strong></span> 
     </span>
     <span class='ocr_line' id='line_1_41' title="bbox 56 3858 750 3938; baseline 0.004 -20"><span class='ocrx_word' id='word_1_443' title='bbox 56 3876 124 3932; x_wconf 78' lang='lat' dir='ltr'><strong><em>rum,</em></strong></span> <span class='ocrx_word' id='word_1_444' title='bbox 138 3877 232 3938; x_wconf 81' lang='lat' dir='ltr'><strong><em>qnam</em></strong></span> <span class='ocrx_word' id='word_1_445' title='bbox 243 3858 356 3919; x_wconf 81' lang='lat' dir='ltr'><strong><em>habent</em></strong></span> <span class='ocrx_word' id='word_1_446' title='bbox 370 3858 409 3919; x_wconf 89' lang='lat' dir='ltr'><strong><em>de</em></strong></span> <span class='ocrx_word' id='word_1_447' title='bbox 420 3861 517 3938; x_wconf 88' lang='lat' dir='ltr'><strong><em>gloria</em></strong></span> <span class='ocrx_word' id='word_1_448' title='bbox 528 3861 620 3921; x_wconf 83' lang='lat' dir='ltr'><strong><em>futuri</em></strong></span> <span class='ocrx_word' id='word_1_449' title='bbox 628 3863 750 3922; x_wconf 84' lang='lat' dir='ltr'><strong><em>saeculi.</em></strong></span> 
     </span>
    </p>
   </div>
   <div class='ocr_carea' id='block_1_4' title="bbox 56 3943 750 4810">
    <p class='ocr_par' dir='ltr' id='par_1_4' title="bbox 57 3943 750 4027">
     <span class='ocr_line' id='line_1_42' title="bbox 57 3943 750 4027; baseline 0.006 -23"><span class='ocrx_word' id='word_1_450' title='bbox 57 3943 166 4005; x_wconf 80' lang='lat' dir='ltr'><strong><em>Probat</em></strong></span> <span class='ocrx_word' id='word_1_451' title='bbox 178 3945 239 4005; x_wconf 89' lang='lat' dir='ltr'><strong><em>hoc</em></strong></span> <span class='ocrx_word' id='word_1_452' title='bbox 259 3946 374 4006; x_wconf 89' lang='lat' dir='ltr'><strong><em>Paulus</em></strong></span> <span class='ocrx_word' id='word_1_453' title='bbox 396 3947 555 4025; x_wconf 84' lang='lat' dir='ltr'><strong><em>subjuncta</em></strong></span> <span class='ocrx_word' id='word_1_454' title='bbox 567 3949 750 4027; x_wconf 87' lang='lat' dir='ltr'><strong><em>gradatione.</em></strong></span> 
     </span>
    </p>

    <p class='ocr_par' dir='ltr' id='par_1_5' title="bbox 57 4032 750 4196">
     <span class='ocr_line' id='line_1_43' title="bbox 93 4032 750 4111; baseline 0.005 -18"><span class='ocrx_word' id='word_1_455' title='bbox 93 4032 244 4107; x_wconf 67' lang='lat' dir='ltr'><strong><em>Seienten</em></strong></span> <span class='ocrx_word' id='word_1_456' title='bbox 271 4032 357 4111; x_wconf 79' lang='lat' dir='ltr'><strong><em>qaod</em></strong></span> <span class='ocrx_word' id='word_1_457' title='bbox 379 4033 545 4095; x_wconf 74' lang='lat' dir='ltr'><strong><em>tribulatio</em></strong></span> <span class='ocrx_word' id='word_1_458' title='bbox 557 4039 750 4111; x_wconf 87' lang='lat' dir='ltr'><strong><em>patientiam</em></strong></span> 
     </span>
     <span class='ocr_line' id='line_1_44' title="bbox 57 4126 227 4196; baseline 0.012 -2"><span class='ocrx_word' id='word_1_459' title='bbox 57 4126 227 4196; x_wconf 67' lang='lat' dir='ltr'><strong><em>news</em></strong></span> 
     </span>
    </p>

    <p class='ocr_par' dir='ltr' id='par_1_6' title="bbox 56 4207 750 4810">
     <span class='ocr_line' id='line_1_45' title="bbox 93 4207 750 4286; baseline 0.008 -22"><span class='ocrx_word' id='word_1_460' title='bbox 93 4207 122 4264; x_wconf 77' lang='lat'><strong><em>4.</em></strong></span> <span class='ocrx_word' id='word_1_461' title='bbox 134 4207 303 4267; x_wconf 85' lang='lat' dir='ltr'><strong><em>Patientia</em></strong></span> <span class='ocrx_word' id='word_1_462' title='bbox 312 4214 422 4266; x_wconf 81' lang='grc' dir='ltr'>ιιιιιιιι</span> <span class='ocrx_word' id='word_1_463' title='bbox 428 4208 664 4283; x_wconf 85' lang='lat' dir='ltr'><strong><em>probationem,</em></strong></span> <span class='ocrx_word' id='word_1_464' title='bbox 675 4229 750 4286; x_wconf 85' lang='lat' dir='ltr'><strong><em>pro·</em></strong></span> 
     </span>
     <span class='ocr_line' id='line_1_46' title="bbox 57 4290 750 4376; baseline 0.004 -23"><span class='ocrx_word' id='word_1_465' title='bbox 57 4290 138 4353; x_wconf 74' lang='lat' dir='ltr'><strong><em>batia</em></strong></span> <span class='ocrx_word' id='word_1_466' title='bbox 152 4312 228 4355; x_wconf 82' lang='lat' dir='ltr'><strong><em>vera</em></strong></span> <span class='ocrx_word' id='word_1_467' title='bbox 239 4313 337 4367; x_wconf 78' lang='lat' dir='ltr'><strong><em>rpem</em></strong></span> <span class='ocrx_word' id='word_1_468' title='bbox 352 4294 391 4353; x_wconf 93' lang='lat' dir='ltr'><strong><em>In</em></strong></span> <span class='ocrx_word' id='word_1_469' title='bbox 401 4293 458 4354; x_wconf 91' lang='lat' dir='ltr'><strong><em>boc</em></strong></span> <span class='ocrx_word' id='word_1_470' title='bbox 469 4293 536 4355; x_wconf 89' lang='lat' dir='ltr'><strong><em>loco</em></strong></span> <span class='ocrx_word' id='word_1_471' title='bbox 548 4295 750 4376; x_wconf 85' lang='lat' dir='ltr'><strong><em>eloquentiam</em></strong></span> 
     </span>
     <span class='ocr_line' id='line_1_47' title="bbox 56 4376 750 4465; baseline 0.012 -29"><span class='ocrx_word' id='word_1_472' title='bbox 56 4376 152 4453; x_wconf 83' lang='lat' dir='ltr'><strong><em>Pauli,</em></strong></span> <span class='ocrx_word' id='word_1_473' title='bbox 184 4382 354 4463; x_wconf 83' lang='lat' dir='ltr'><strong><em>sapientiae</em></strong></span> <span class='ocrx_word' id='word_1_474' title='bbox 385 4383 539 4458; x_wconf 84' lang='lat' dir='ltr'><strong><em>comitem,</em></strong></span> <span class='ocrx_word' id='word_1_475' title='bbox 569 4386 750 4465; x_wconf 90' lang='lat' dir='ltr'><strong><em>minimeque</em></strong></span> 
     </span>
     <span class='ocr_line' id='line_1_48' title="bbox 56 4465 747 4548; baseline 0.004 -22"><span class='ocrx_word' id='word_1_476' title='bbox 56 4465 233 4542; x_wconf 64' lang='grc' dir='ltr'>ιιιιιιιιιιι,</span> <span class='ocrx_word' id='word_1_477' title='bbox 260 4467 434 4528; x_wconf 83' lang='lat' dir='ltr'><strong><em>observavit</em></strong></span> <span class='ocrx_word' id='word_1_478' title='bbox 446 4469 634 4548; x_wconf 78' lang='lat' dir='ltr'><strong><em>Augustinus</em></strong></span> <span class='ocrx_word' id='word_1_479' title='bbox 650 4471 701 4531; x_wconf 87' lang='lat' dir='ltr'><strong><em>lib.</em></strong></span> <span class='ocrx_word' id='word_1_480' title='bbox 720 4476 747 4532; x_wconf 75' lang='lat'><strong><em>4.</em></strong></span> 
     </span>
     <span class='ocr_line' id='line_1_49' title="bbox 57 4549 749 4634; baseline 0.012 -24"><span class='ocrx_word' id='word_1_481' title='bbox 57 4549 91 4612; x_wconf 85' lang='lat' dir='ltr'><strong><em>de</em></strong></span> <span class='ocrx_word' id='word_1_482' title='bbox 103 4552 178 4615; x_wconf 80' lang='lat' dir='ltr'><strong><em>dont.</em></strong></span> <span class='ocrx_word' id='word_1_483' title='bbox 195 4554 308 4617; x_wconf 77' lang='lat' dir='ltr'><strong><em>Christ</em></strong></span> <span class='ocrx_word' id='word_1_484' title='bbox 326 4575 391 4634; x_wconf 83' lang='lat' dir='ltr'><strong><em>cap.</em></strong></span> <span class='ocrx_word' id='word_1_485' title='bbox 410 4558 438 4615; x_wconf 82' lang='lat' dir='ltr'><strong><em>l.</em></strong></span> <span class='ocrx_word' id='word_1_486' title='bbox 453 4557 574 4617; x_wconf 89' lang='lat' dir='ltr'><strong><em>Partem</em></strong></span> <span class='ocrx_word' id='word_1_487' title='bbox 590 4559 749 4618; x_wconf 73' lang='lat' dir='ltr'><strong><em>hanc&#39;l&#39;or·</em></strong></span> 
     </span>
     <span class='ocr_line' id='line_1_50' title="bbox 57 4639 748 4723; baseline 0.009 -24"><span class='ocrx_word' id='word_1_488' title='bbox 57 4639 190 4704; x_wconf 78' lang='lat' dir='ltr'><strong><em>tullianus</em></strong></span> <span class='ocrx_word' id='word_1_489' title='bbox 204 4645 237 4703; x_wconf 89' lang='lat' dir='ltr'><strong><em>in</em></strong></span> <span class='ocrx_word' id='word_1_490' title='bbox 253 4643 416 4723; x_wconf 80' lang='lat' dir='ltr'><strong><em>Scorpione</em></strong></span> <span class='ocrx_word' id='word_1_491' title='bbox 431 4661 496 4722; x_wconf 83' lang='lat' dir='ltr'><strong><em>cap.</em></strong></span> <span class='ocrx_word' id='word_1_492' title='bbox 515 4645 562 4703; x_wconf 86' lang='lat'><strong><em>13.</em></strong></span> <span class='ocrx_word' id='word_1_493' title='bbox 580 4646 621 4704; x_wconf 88' lang='lat' dir='ltr'><strong><em>ita</em></strong></span> <span class='ocrx_word' id='word_1_494' title='bbox 635 4645 748 4705; x_wconf 87' lang='lat' dir='ltr'><strong><em>reddit:</em></strong></span> 
     </span>
     <span class='ocr_line' id='line_1_51' title="bbox 59 4726 749 4810; baseline 0.004 -22"><span class='ocrx_word' id='word_1_495' title='bbox 59 4726 143 4804; x_wconf 74' lang='lat' dir='ltr'><strong><em>aru,</em></strong></span> <span class='ocrx_word' id='word_1_496' title='bbox 158 4731 247 4809; x_wconf 75' lang='lat' dir='ltr'><strong><em>quod</em></strong></span> <span class='ocrx_word' id='word_1_497' title='bbox 265 4747 422 4808; x_wconf 60' lang='lat' dir='ltr'><strong><em>perrara</em></strong></span> <span class='ocrx_word' id='word_1_498' title='bbox 443 4731 651 4794; x_wconf 86' lang='lat' dir='ltr'><strong><em>tolerantiam</em></strong></span> <span class='ocrx_word' id='word_1_499' title='bbox 671 4751 749 4810; x_wconf 87' lang='lat' dir='ltr'><strong><em>per-</em></strong></span> 
     </span>
    </p>
   </div>
   <div class='ocr_carea' id='block_1_5' title="bbox 796 3340 1498 4819">
    <p class='ocr_par' dir='ltr' id='par_1_7' title="bbox 799 3340 1496 4095">
     <span class='ocr_line' id='line_1_52' title="bbox 800 3340 1494 3418; baseline 0.001 -21"><span class='ocrx_word' id='word_1_500' title='bbox 800 3340 874 3418; x_wconf 90' lang='lat' dir='ltr'><strong><em>quit,</em></strong></span> <span class='ocrx_word' id='word_1_501' title='bbox 889 3340 964 3398; x_wconf 88' lang='lat' dir='ltr'><strong><em>baec</em></strong></span> <span class='ocrx_word' id='word_1_502' title='bbox 980 3346 1033 3412; x_wconf 87' lang='lat' dir='ltr'><strong><em>est,</em></strong></span> <span class='ocrx_word' id='word_1_503' title='bbox 1051 3342 1267 3399; x_wconf 82' lang='lat' dir='ltr'><strong><em>testimoniam</em></strong></span> <span class='ocrx_word' id='word_1_504' title='bbox 1284 3342 1494 3402; x_wconf 84' lang='lat' dir='ltr'><strong><em>conscientiae</em></strong></span> 
     </span>
     <span class='ocr_line' id='line_1_53' title="bbox 800 3425 1494 3506; baseline -0.001 -20"><span class='ocrx_word' id='word_1_505' title='bbox 800 3433 936 3486; x_wconf 85' lang='lat' dir='ltr'><strong><em>nostrae.</em></strong></span> <span class='ocrx_word' id='word_1_506' title='bbox 970 3426 1096 3486; x_wconf 87' lang='lat' dir='ltr'><strong><em>Movere</em></strong></span> <span class='ocrx_word' id='word_1_507' title='bbox 1117 3435 1218 3506; x_wconf 87' lang='lat' dir='ltr'><strong><em>potest</em></strong></span> <span class='ocrx_word' id='word_1_508' title='bbox 1239 3425 1386 3499; x_wconf 87' lang='lat' dir='ltr'><strong><em>lectorem,</em></strong></span> <span class='ocrx_word' id='word_1_509' title='bbox 1414 3426 1494 3506; x_wconf 94' lang='lat' dir='ltr'><strong><em>quod</em></strong></span> 
     </span>
     <span class='ocr_line' id='line_1_54' title="bbox 800 3511 1494 3593; baseline 0 -20"><span class='ocrx_word' id='word_1_510' title='bbox 800 3511 967 3573; x_wconf 90' lang='lat' dir='ltr'><strong><em>secundum</em></strong></span> <span class='ocrx_word' id='word_1_511' title='bbox 996 3512 1159 3572; x_wconf 88' lang='lat' dir='ltr'><strong><em>membrum</em></strong></span> <span class='ocrx_word' id='word_1_512' title='bbox 1194 3512 1282 3593; x_wconf 89' lang='lat' dir='ltr'><strong><em>hujus</em></strong></span> <span class='ocrx_word' id='word_1_513' title='bbox 1311 3511 1494 3592; x_wconf 87' lang='lat' dir='ltr'><strong><em>gradationis</em></strong></span> 
     </span>
     <span class='ocr_line' id='line_1_55' title="bbox 800 3599 1494 3679; baseline 0.003 -21"><span class='ocrx_word' id='word_1_514' title='bbox 800 3599 965 3679; x_wconf 81' lang='lat' dir='ltr'><strong><em>Apostolus</em></strong></span> <span class='ocrx_word' id='word_1_515' title='bbox 992 3599 1126 3659; x_wconf 82' lang='lat' dir='ltr'><strong><em>lacobus</em></strong></span> <span class='ocrx_word' id='word_1_516' title='bbox 1147 3619 1212 3678; x_wconf 86' lang='lat' dir='ltr'><strong><em>cup.</em></strong></span> <span class='ocrx_word' id='word_1_517' title='bbox 1237 3605 1263 3659; x_wconf 91' lang='lat'><strong><em>1.</em></strong></span> <span class='ocrx_word' id='word_1_518' title='bbox 1287 3603 1437 3661; x_wconf 86' lang='lat' dir='ltr'><strong><em>invertere</em></strong></span> <span class='ocrx_word' id='word_1_519' title='bbox 1451 3602 1494 3660; x_wconf 87' lang='lat' dir='ltr'><strong><em>vi·</em></strong></span> 
     </span>
     <span class='ocr_line' id='line_1_56' title="bbox 799 3686 1495 3764; baseline 0.001 -19"><span class='ocrx_word' id='word_1_520' title='bbox 799 3686 894 3745; x_wconf 88' lang='lat' dir='ltr'><strong><em>detur.</em></strong></span> <span class='ocrx_word' id='word_1_521' title='bbox 912 3687 994 3746; x_wconf 86' lang='lat' dir='ltr'><strong><em>Dicit</em></strong></span> <span class='ocrx_word' id='word_1_522' title='bbox 1008 3689 1101 3747; x_wconf 88' lang='lat' dir='ltr'><strong><em>enim:</em></strong></span> <span class='ocrx_word' id='word_1_523' title='bbox 1117 3689 1263 3763; x_wconf 83' lang='lat' dir='ltr'><strong><em>Scientes,</em></strong></span> <span class='ocrx_word' id='word_1_524' title='bbox 1280 3688 1365 3764; x_wconf 82' lang='lat' dir='ltr'><strong><em>quod</em></strong></span> <span class='ocrx_word' id='word_1_525' title='bbox 1374 3688 1495 3764; x_wconf 88' lang='lat' dir='ltr'><strong><em>proba-</em></strong></span> 
     </span>
     <span class='ocr_line' id='line_1_57' title="bbox 800 3774 1494 3851; baseline 0 -19"><span class='ocrx_word' id='word_1_526' title='bbox 800 3777 844 3832; x_wconf 86' lang='lat' dir='ltr'><strong><em>tio</em></strong></span> <span class='ocrx_word' id='word_1_527' title='bbox 866 3774 940 3848; x_wconf 79' lang='lat' dir='ltr'><strong><em>fidei</em></strong></span> <span class='ocrx_word' id='word_1_528' title='bbox 962 3781 1083 3833; x_wconf 88' lang='lat' dir='ltr'><strong><em>vestrae</em></strong></span> <span class='ocrx_word' id='word_1_529' title='bbox 1108 3777 1305 3849; x_wconf 81' lang='lat' dir='ltr'><strong><em>patientiam</em></strong></span> <span class='ocrx_word' id='word_1_530' title='bbox 1332 3783 1494 3851; x_wconf 86' lang='lat' dir='ltr'><strong><em>operatur.</em></strong></span> 
     </span>
     <span class='ocr_line' id='line_1_58' title="bbox 799 3858 1496 3942; baseline 0 -22"><span class='ocrx_word' id='word_1_531' title='bbox 799 3858 858 3920; x_wconf 89' lang='lat' dir='ltr'><strong><em>Sed</em></strong></span> <span class='ocrx_word' id='word_1_532' title='bbox 875 3859 1023 3940; x_wconf 89' lang='lat' dir='ltr'><strong><em>quomodo</em></strong></span> <span class='ocrx_word' id='word_1_533' title='bbox 1036 3881 1095 3920; x_wconf 92' lang='lat' dir='ltr'><strong><em>non</em></strong></span> <span class='ocrx_word' id='word_1_534' title='bbox 1106 3871 1244 3941; x_wconf 88' lang='lat' dir='ltr'><strong><em>pugnent</em></strong></span> <span class='ocrx_word' id='word_1_535' title='bbox 1254 3862 1330 3921; x_wconf 87' lang='lat' dir='ltr'><strong><em>haec</em></strong></span> <span class='ocrx_word' id='word_1_536' title='bbox 1341 3862 1411 3937; x_wconf 89' lang='lat' dir='ltr'><strong><em>duo,</em></strong></span> <span class='ocrx_word' id='word_1_537' title='bbox 1424 3863 1496 3942; x_wconf 87' lang='lat' dir='ltr'><strong><em>quin</em></strong></span> 
     </span>
     <span class='ocr_line' id='line_1_59' title="bbox 799 3947 1495 4028; baseline 0 -21"><span class='ocrx_word' id='word_1_538' title='bbox 799 3948 929 4007; x_wconf 86' lang='lat' dir='ltr'><strong><em>breviter</em></strong></span> <span class='ocrx_word' id='word_1_539' title='bbox 944 3947 1004 4006; x_wconf 81' lang='lat' dir='ltr'><strong><em>dici</em></strong></span> <span class='ocrx_word' id='word_1_540' title='bbox 1018 3969 1078 4006; x_wconf 91' lang='lat' dir='ltr'><strong><em>non</em></strong></span> <span class='ocrx_word' id='word_1_541' title='bbox 1092 3957 1200 4028; x_wconf 88' lang='lat' dir='ltr'><strong><em>potest,</em></strong></span> <span class='ocrx_word' id='word_1_542' title='bbox 1217 3950 1247 4008; x_wconf 91' lang='lat' dir='ltr'><strong><em>in</em></strong></span> <span class='ocrx_word' id='word_1_543' title='bbox 1263 3950 1328 4027; x_wconf 87' lang='lat' dir='ltr'><strong><em>ejus</em></strong></span> <span class='ocrx_word' id='word_1_544' title='bbox 1346 3950 1403 4009; x_wconf 89' lang='lat' dir='ltr'><strong><em>loci</em></strong></span> <span class='ocrx_word' id='word_1_545' title='bbox 1419 3969 1495 4009; x_wconf 88' lang='lat' dir='ltr'><strong><em>oom-</em></strong></span> 
     </span>
     <span class='ocr_line' id='line_1_60' title="bbox 800 4033 1168 4095; baseline 0 -2"><span class='ocrx_word' id='word_1_546' title='bbox 800 4036 944 4093; x_wconf 82' lang='lat' dir='ltr'><strong><em>mentario</em></strong></span> <span class='ocrx_word' id='word_1_547' title='bbox 961 4033 1168 4095; x_wconf 90' lang='lat' dir='ltr'><strong><em>declarabitur.</em></strong></span> 
     </span>
    </p>

    <p class='ocr_par' dir='ltr' id='par_1_8' title="bbox 796 4121 1498 4819">
     <span class='ocr_line' id='line_1_61' title="bbox 842 4121 1497 4197; baseline -0.003 -16"><span class='ocrx_word' id='word_1_548' title='bbox 842 4123 871 4181; x_wconf 88' lang='lat'><strong><em>5.</em></strong></span> <span class='ocrx_word' id='word_1_549' title='bbox 887 4122 963 4196; x_wconf 80' lang='lat' dir='ltr'><strong><em>Spes</em></strong></span> <span class='ocrx_word' id='word_1_550' title='bbox 978 4129 1086 4180; x_wconf 84' lang='lat' dir='ltr'><strong><em>antem</em></strong></span> <span class='ocrx_word' id='word_1_551' title='bbox 1101 4142 1167 4182; x_wconf 92' lang='lat' dir='ltr'><strong><em>non</em></strong></span> <span class='ocrx_word' id='word_1_552' title='bbox 1183 4121 1364 4197; x_wconf 74' lang='lat' dir='ltr'><strong><em>confundit,</em></strong></span> <span class='ocrx_word' id='word_1_553' title='bbox 1382 4121 1497 4183; x_wconf 85' lang='lat' dir='ltr'><strong><em>Graece</em></strong></span> 
     </span>
     <span class='ocr_line' id='line_1_62' title="bbox 799 4201 1497 4286; baseline 0.003 -22"><span class='ocrx_word' id='word_1_554' title='bbox 799 4201 1008 4284; x_wconf 77' lang='grc' dir='ltr'>καταισχύνει,</span> <span class='ocrx_word' id='word_1_555' title='bbox 1032 4209 1062 4268; x_wconf 90' lang='lat' dir='ltr'><strong><em>id</em></strong></span> <span class='ocrx_word' id='word_1_556' title='bbox 1087 4218 1133 4269; x_wconf 87' lang='lat' dir='ltr'><strong><em>est</em></strong></span> <span class='ocrx_word' id='word_1_557' title='bbox 1159 4209 1343 4284; x_wconf 71' lang='lat' dir='ltr'><strong><em>pudefacit,</em></strong></span> <span class='ocrx_word' id='word_1_558' title='bbox 1372 4208 1497 4286; x_wconf 85' lang='lat' dir='ltr'><strong><em>pudore</em></strong></span> 
     </span>
     <span class='ocr_line' id='line_1_63' title="bbox 799 4293 1498 4379; baseline 0.001 -27"><span class='ocrx_word' id='word_1_559' title='bbox 799 4296 915 4371; x_wconf 79' lang='lat' dir='ltr'><strong><em>afficit:</em></strong></span> <span class='ocrx_word' id='word_1_560' title='bbox 931 4293 1013 4373; x_wconf 91' lang='lat' dir='ltr'><strong><em>quod</em></strong></span> <span class='ocrx_word' id='word_1_561' title='bbox 1028 4297 1169 4374; x_wconf 87' lang='lat' dir='ltr'><strong><em>vulgatus</em></strong></span> <span class='ocrx_word' id='word_1_562' title='bbox 1185 4298 1332 4379; x_wconf 90' lang='lat' dir='ltr'><strong><em>interpres</em></strong></span> <span class='ocrx_word' id='word_1_563' title='bbox 1356 4315 1437 4355; x_wconf 91' lang='lat' dir='ltr'><strong><em>more</em></strong></span> <span class='ocrx_word' id='word_1_564' title='bbox 1452 4296 1498 4354; x_wconf 90' lang='lat' dir='ltr'><strong><em>sui</em></strong></span> 
     </span>
     <span class='ocr_line' id='line_1_64' title="bbox 798 4381 1498 4465; baseline 0.001 -26"><span class='ocrx_word' id='word_1_565' title='bbox 798 4381 918 4455; x_wconf 87' lang='lat' dir='ltr'><strong><em>saeculi,</em></strong></span> <span class='ocrx_word' id='word_1_566' title='bbox 946 4383 1003 4441; x_wconf 88' lang='lat' dir='ltr'><strong><em>etsi</em></strong></span> <span class='ocrx_word' id='word_1_567' title='bbox 1018 4402 1123 4461; x_wconf 87' lang='lat' dir='ltr'><strong><em>parum</em></strong></span> <span class='ocrx_word' id='word_1_568' title='bbox 1138 4385 1262 4458; x_wconf 87' lang='lat' dir='ltr'><strong><em>Latine,</em></strong></span> <span class='ocrx_word' id='word_1_569' title='bbox 1281 4384 1393 4465; x_wconf 86' lang='lat' dir='ltr'><strong><em>passim</em></strong></span> <span class='ocrx_word' id='word_1_570' title='bbox 1408 4387 1498 4444; x_wconf 90' lang='lat' dir='ltr'><strong><em>vocat</em></strong></span> 
     </span>
     <span class='ocr_line' id='line_1_65' title="bbox 798 4470 1497 4554; baseline -0.001 -25"><span class='ocrx_word' id='word_1_571' title='bbox 798 4471 1005 4547; x_wconf 76' lang='lat' dir='ltr'><strong><em>confundere.</em></strong></span> <span class='ocrx_word' id='word_1_572' title='bbox 1022 4470 1151 4531; x_wconf 82' lang='lat' dir='ltr'><strong><em>Sensus:</em></strong></span> <span class='ocrx_word' id='word_1_573' title='bbox 1168 4474 1253 4551; x_wconf 87' lang='lat' dir='ltr'><strong><em>Spes,</em></strong></span> <span class='ocrx_word' id='word_1_574' title='bbox 1270 4471 1414 4554; x_wconf 87' lang='lat' dir='ltr'><strong><em>usquead</em></strong></span> <span class='ocrx_word' id='word_1_575' title='bbox 1431 4489 1497 4530; x_wconf 86' lang='lat' dir='ltr'><strong><em>oum</em></strong></span> 
     </span>
     <span class='ocr_line' id='line_1_66' title="bbox 797 4557 1497 4640; baseline -0.003 -24"><span class='ocrx_word' id='word_1_576' title='bbox 797 4557 917 4617; x_wconf 91' lang='lat' dir='ltr'><strong><em>modum</em></strong></span> <span class='ocrx_word' id='word_1_577' title='bbox 934 4559 1065 4618; x_wconf 85' lang='lat' dir='ltr'><strong><em>excitata</em></strong></span> <span class='ocrx_word' id='word_1_578' title='bbox 1079 4567 1110 4617; x_wconf 88' lang='lat' dir='ltr'><strong><em>et</em></strong></span> <span class='ocrx_word' id='word_1_579' title='bbox 1125 4568 1224 4632; x_wconf 87' lang='lat' dir='ltr'><strong><em>aucta,</em></strong></span> <span class='ocrx_word' id='word_1_580' title='bbox 1252 4569 1423 4640; x_wconf 85' lang='lat' dir='ltr'><strong><em>sperantem</em></strong></span> <span class='ocrx_word' id='word_1_581' title='bbox 1438 4575 1497 4616; x_wconf 92' lang='lat' dir='ltr'><strong><em>non</em></strong></span> 
     </span>
     <span class='ocr_line' id='line_1_67' title="bbox 796 4643 1498 4724; baseline -0.006 -20"><span class='ocrx_word' id='word_1_582' title='bbox 796 4644 977 4724; x_wconf 86' lang='lat' dir='ltr'><strong><em>pudefaciot,</em></strong></span> <span class='ocrx_word' id='word_1_583' title='bbox 991 4666 1051 4704; x_wconf 90' lang='lat' dir='ltr'><strong><em>non</em></strong></span> <span class='ocrx_word' id='word_1_584' title='bbox 1062 4644 1164 4723; x_wconf 68' lang='lat' dir='ltr'><strong><em>fallet,</em></strong></span> <span class='ocrx_word' id='word_1_585' title='bbox 1176 4669 1236 4707; x_wconf 92' lang='lat' dir='ltr'><strong><em>non</em></strong></span> <span class='ocrx_word' id='word_1_586' title='bbox 1250 4649 1439 4708; x_wconf 88' lang='lat' dir='ltr'><strong><em>frustrabitur</em></strong></span> <span class='ocrx_word' id='word_1_587' title='bbox 1446 4643 1498 4703; x_wconf 88' lang='lat' dir='ltr'><strong><em>ille</em></strong></span> 
     </span>
     <span class='ocr_line' id='line_1_68' title="bbox 797 4732 1498 4819; baseline 0.001 -28"><span class='ocrx_word' id='word_1_588' title='bbox 797 4752 850 4813; x_wconf 88' lang='lat' dir='ltr'><strong><em>spe</em></strong></span> <span class='ocrx_word' id='word_1_589' title='bbox 871 4751 935 4795; x_wconf 86' lang='lat' dir='ltr'><strong><em>sua.</em></strong></span> <span class='ocrx_word' id='word_1_590' title='bbox 959 4732 1037 4792; x_wconf 87' lang='lat' dir='ltr'><strong><em>Nam</em></strong></span> <span class='ocrx_word' id='word_1_591' title='bbox 1056 4735 1259 4815; x_wconf 85' lang='lat' dir='ltr'><strong><em>praeterhac,</em></strong></span> <span class='ocrx_word' id='word_1_592' title='bbox 1275 4735 1441 4819; x_wconf 85' lang='lat' dir='ltr'><strong><em>quodspes</em></strong></span> <span class='ocrx_word' id='word_1_593' title='bbox 1458 4750 1498 4793; x_wconf 87' lang='lat' dir='ltr'><strong><em>ex</em></strong></span> 
     </span>
    </p>
   </div>
   <div class='ocr_carea' id='block_1_6' title="bbox 0 0 1632 5190">
    <p class='ocr_par' dir='ltr' id='par_1_9' title="bbox 0 0 1632 5190">
     <span class='ocr_line' id='line_1_69' title="bbox 0 0 1632 5190; baseline 0 1"><span class='ocrx_word' id='word_1_594' title='bbox 0 0 1632 5190; x_wconf 95' lang='lat' dir='ltr'><strong><em> </em></strong></span> 
     </span>
    </p>
   </div>
  </div>
 </body>
</html>
