3254 5190
93 315 168 385 ιιι)
591 299 876 361 commilitent
893 300 960 357 cst.
976 300 1038 358 m.

91 482 284 546 consuetudo.
318 480 456 554 Gratias,
480 481 619 560 iuquam,
645 480 708 558 egit
721 479 790 538 Deo
837 477 964 540 busdam
986 479 1096 553 utitur,
1124 479 1195 541 licet
1219 481 1260 541 ab
1285 480 1395 542 aliin

90 591 146 651 pro
167 569 309 648 largitate
336 569 402 646 ejus
428 575 460 628 et·
483 566 702 636 beneficentia,
730 584 790 645 qua
837 565 902 627 Nec
917 567 1395 646 necesseestbsncg'ratiarums

91 657 175 716 cibos
190 659 304 716 creavit
318 662 350 715 et
369 652 454 714 dedit
468 655 499 714 in
520 670 610 712 usum
623 651 789 713 bominum.
839 651 920 730 quod
940 651 1078 714 nonnulli
1095 652 1226 726 iaciunt,
1254 653 1293 714 ad
1316 654 1395 716 donn

92 742 180 821 Quae
194 741 354 820 gradatum
377 740 456 800 actio
475 738 686 800 manducantis
700 757 790 817 argu-
838 739 962 799 uentioe
976 737 1097 800 referri:
1111 742 1285 819 praesertim
1297 740 1395 823 quod‘

90 837 222 890 mentum
237 847 306 889 esse
317 826 407 887 debet
417 847 479 886 uon
488 825 690 895 manducanti,
705 825 788 886 illum
839 825 984 887 stinentia
996 845 1057 885 non
1068 827 1189 886 vinctis
1205 835 1269 886 erat
1281 827 1338 887 sed
1348 827 1395 888 ind

89 917 219 976 Domino
232 915 433 985 manducare,
454 910 487 972 id
508 921 567 988 est,
590 911 630 972 ed
644 911 789 973 honorem
881 911 998 972 Locum
1024 911 1103 972 bunc
1127 912 1167 973 de
1192 913 1395 974 manducante

90 999 203 1062 Christi
217 1001 351 1072 Domini,
370 1001 421 1058 cui
432 1000 545 1078 ςηιὶιι
560 999 631 1077 agit
839 998 1038 1059 manducante
1052 997 1255 1060 Oscumenins
1265 999 1361 1060 refert
1370 1020 1395 1060 ιι

132 1090 177 1150 Et
191 1091 248 1165 qui
262 1107 331 1150 non
345 1086 540 1162 manducet,
562 1087 706 1146 Domino
720 1102 790 1144 non
839 1092 1024 1162 epontnnea3
1054 1095 1090 1144 ut
1116 1083 1303 1147 manducans
1333 1086 1395 1147 dics

89 1175 273 1236 munducat.
303 1174 368 1255 Qui
382 1171 528 1245 obstinet,
551 1171 661 1251 inquit,
683 1169 790 1232 acibie
835 1170 996 1251 jejunans,
1020 1193 1081 1232 non
1095 1170 1279 1233 manducans
1301 1177 1395 1252 veroj

90 1259 160 1341 lege
178 1262 299 1333 vetitIs,
320 1261 392 1320 licet
411 1259 443 1319 id
465 1278 504 1320 ex
525 1257 697 1319 infirmitate
717 1256 790 1317 fidei
838 1255 901 1318 Sed
922 1257 979 1318 boc
1000 1266 1121 1338 praeter
1144 1266 1274 1319 mentem
1299 1260 1395 1340 Apost

89 1347 199 1421 iaciat,
218 1355 251 1406 tu
266 1355 367 1408 tamen
381 1346 528 1419 existima,
550 1343 583 1404 id
602 1363 686 1417 eum,
717 1343 791 1422 qnia
839 1363 901 1405 non
910 1342 1092 1406 manducare
1103 1345 1209 1405 tribuit
1219 1347 1259 1419 ei,
1270 1348 1323 1426 qui
1334 1346 1395 1407 fide

90 1432 213 1495 cbristo
238 1453 348 1497 nomen
373 1430 471 1505 dedit,
500 1440 623 1512 propter
648 1429 791 1492 bonorem
839 1439 893 1505 eet,
906 1439 1018 1511 putans
1040 1432 1173 1510 aliquem
1193 1431 1295 1494 cibum
1318 1453 1387 1494 esse

90 1519 203 1581 Christi
217 1520 341 1581 Domini
357 1519 404 1582 sui
419 1517 532 1579 iacere.
562 1518 729 1599 Praecipit,
755 1525 791 1577 ut
839 1537 924 1590 nem,
938 1516 971 1576 id
985 1525 1045 1591 est,
1060 1515 1259 1593 immundum,
1278 1527 1314 1579 ut
1328 1519 1395 1580 iniri

88 1608 292 1690 proximorum
307 1608 387 1668 iactu
401 1606 433 1665 iu
448 1604 602 1666 meliorem
617 1614 731 1684 purtem
746 1604 789 1665 iu·
839 1604 933 1665 Porro
959 1604 986 1663 si
1011 1606 1079 1683 quis
1104 1603 1217 1665 indicta
1247 1605 1395 1667 ecclesiae

89 1701 304 1772 terpretcmur,
332 1701 364 1754 et
386 1690 416 1753 id
439 1693 473 1754 iu
493 1692 537 1753 eie
558 1689 790 1762 consideremus,
841 1691 924 1751 nulla
938 1692 1121 1752 necessitato
1143 1692 1250 1766 solvit,
1268 1712 1329 1753 non
1351 1694 1384 1755 in

91 1779 174 1861 quod
187 1779 298 1846 bonum
313 1791 369 1842 est
401 1777 453 1839 Sic
473 1779 553 1839 enim
572 1777 705 1840 solemus
719 1777 791 1837 elio
841 1776 1024 1839 ouationem
1040 1778 1101 1838 diei
1117 1780 1243 1858 poterit:
1273 1782 1336 1858 Qui
1349 1798 1395 1839 ιιιι

19 1868 20 1872 ’
89 1887 155 1926 rum
171 1874 269 1928 errata
284 1885 441 1939 musore,
462 1864 612 1937 dicentes,
626 1862 700 1925 iecit
713 1863 793 1924 boue
840 1866 983 1927 Domino
999 1865 1195 1943 manducut5
1216 1867 1272 1927 sed
1284 1868 1312 1926 is
1323 1873 1395 1946 tanq

91 1954 267 2014 intentione.
287 1954 419 2014 Pulchre
430 1952 460 2013 8
472 1950 644 2013 Bemardus
654 1969 793 2012 sermone
840 1950 969 2012 niisstue
991 1951 1216 2012 ecclesiastieae
1237 1952 1315 2032 logis
1335 1960 1395 2012 tm

92 2042 141 2100 40.
157 2059 250 2119 super
264 2039 407 2102 Cantica:
430 2040 578 2114 Etiamsi,
595 2038 702 2118 inquit,
714 2055 792 2113 per·
840 2035 1043 2117 increpandus
1058 2045 1105 2097 est
1119 2044 1150 2098 et
1163 2038 1341 2118 puniendus.

91 2144 205 2203 peram
220 2133 328 2188 comm
342 2124 421 2205 quid
431 2125 660 2201 depredendat,
676 2143 736 2186 nec
749 2126 793 2186 eie
886 2127 913 2183 7.
937 2125 1037 2185 Neine
1053 2126 1138 2185 enim
1153 2132 1299 2186 nostrum
1313 2125 1374 2185 sibi
1388 2144 1395 2184 ι

86 2213 210 2288 judiees
221 2216 419 2290 proximum,
431 2214 534 2288 meeis
546 2219 656 2273 οιιιιιιι
670 2229 793 2273 emen
840 2228 935 2272 nemo
948 2209 1009 2270 eibi
1021 2213 1167 2272 moritis.
1190 2211 1340 2292 Loquitm
1359 2232 1395 2272 ex

91 2302 219 2362 Εοοιιιο
232 2302 455 2375 ιἰιιιιιιίοιιιιιι,
471 2302 498 2359 ei
513 2317 594 2375 opus
607 2304 794 2374 nonpotee:
841 2298 988 2377 cujusque
1017 2296 1089 2358 boui
1117 2297 1229 2372 tidelis,
1263 2299 1385 2378 qualem

89 2394 172 2463 patu
186 2390 409 2463 innocontiam
416 2431 427 2461 ,
447 2393 532 2463 putu
544 2386 792 2462 maurentionem,
840 2384 931 2445 elium
942 2384 1117 2445 existimare
1127 2383 1224 2457 debet,
1235 2385 1294 2446 nisi
1305 2385 1395 2446 diven

90 2480 173 2550 patu
188 2493 317 2549 casnm,
333 2481 366 2534 et
380 2492 459 2554 quse
473 2479 651 2552 sequnntur.
841 2478 909 2531 stet
947 2469 1105 2548 Quomodo
1124 2472 1215 2532 etiam
1235 2470 1395 2551 occipiend¹

133 2560 251 2640 Neque·
266 2558 324 2620 hoe
345 2558 460 2621 diceret
481 2557 662 2637 Apostolus,
693 2557 791 2618 sieb-
841 2557 995 2637 seqnitur:

93 2647 236 2706 stineutia
251 2645 418 2724 ejusmodi,
438 2645 511 2705 licet
533 2665 571 2705 ex
585 2643 794 2705 imbecilitate
884 2645 914 2703 8.
936 2645 1009 2704 Sive
1025 2647 1111 2705 enim
1125 2645 1281 2720 vivimus,
1297 2647 1395 2707 Domi

93 2731 164 2792 tidei
178 2732 329 2813 proiecta,
343 2753 405 2793 non
415 2737 520 2812 posset
535 2731 576 2792 sd
590 2732 713 2792 Domini
728 2731 790 2810 glo·
841 2750 911 2792 ιιιιιι
917 2774 928 2805 ,
944 2733 1011 2791 sive
1026 2732 1200 2806 morimur,
1216 2733 1360 2793 Domino
1374 2751 1395 2791 n

92 2820 167 2879 dam
182 2816 296 2880 referri.
327 2819 398 2900 Qua
411 2818 653 2894 rationemulta,
668 2820 794 2899 quaein
841 2818 953 2879 Sensus
979 2817 1072 2896 hujus
1097 2817 1156 2878 loci
1181 2828 1244 2878 eet:
1279 2819 1378 2879 Nemo

93 2904 223 2967 ecclesia
238 2905 502 2984 asimplicioribus
523 2906 682 2986 utriunque
701 2924 793 2966 sexus
841 2905 918 2965 vivit
931 2911 1054 2984 propter
1069 2922 1117 2978 se,
1140 2903 1172 2965 id
1194 2915 1257 2979 est,
1284 2904 1323 2965 ed
1346 2925 1395 2965 ιιιι

94 3000 226 3069 aguntur
239 2992 272 3053 in
287 2993 371 3054 cultu
381 2993 442 3054 Dei
456 2991 695 3053 etveneratione
705 3012 792 3053 sauc-
841 2992 965 3073 gloriam
982 2998 1035 3050 aut
1061 2990 1264 3065 commodum,
1287 2999 1395 3073 tanqus

94 3088 192 3138 torum
207 3079 290 3157 ejus,
305 3082 362 3141 etsi
377 3096 537 3141 censuram
548 3078 677 3156 alienjus
689 3097 792 3158 supcr-
842 3096 917 3138 suae
930 3077 1028 3152 vitam
1042 3076 1097 3137 sod
1112 3076 1152 3138 ad
1163 3077 1290 3157 gloriam
1304 3078 1396 3139 Domi

94 3165 223 3226 stitionis
238 3165 320 3246 apud
343 3184 467 3228 severas
482 3164 657 3245 'l'beologos
674 3166 793 3227 omniuo
842 3172 888 3225 est
903 3182 1025 3225 servus:
1049 3171 1080 3223 et
1094 3185 1182 3225 nemo
1202 3172 1336 3226 nostmm
1360 3166 1395 3226 eli

95 3252 229 3330 effugere
244 3263 410 3334 nequeant,
437 3254 573 3315 mensuri
594 3261 695 3314 tamen
709 3260 792 3333 pote·
840 3261 960 3332 propter
976 3270 1024 3324 se,
1047 3250 1101 3312 sed
1116 3261 1238 3332 propter
1253 3253 1395 3313 Dominur

94 3348 180 3411 runt,
203 3348 296 3419 etque
309 3360 328 3400 a
341 3340 402 3401 fide
424 3350 456 3402 et
477 3340 656 3414 intentione,
679 3359 740 3420 qun
754 3339 794 3400 ad
841 3337 923 3420 quod
937 3337 976 3398 de
990 3339 1090 3417 seipso
1107 3338 1181 3400 dicit
1194 3338 1272 3399 idem
1287 3339 1395 3419 Aponi«

94 3426 154 3486 Dei
168 3423 295 3504 gloriam
316 3426 503 3502 referuntur,
533 3428 625 3488 etiam
647 3446 793 3487 commen·
841 3426 892 3507 lip.
912 3430 939 3485 1.
967 3426 1228 3503 Maonifieabitur
1250 3426 1394 3487 cirione

94 3511 168 3573 ‹leri-
190 3513 331 3594 Deuique
346 3534 385 3575 ex
399 3513 445 3575 bis
460 3513 630 3595 probabilia
643 3513 677 3574 tit
691 3533 793 3574 eorum
839 3531 921 3591 pore
934 3529 1015 3586 meo,
1030 3514 1095 3572 eive
1108 3532 1170 3588 pes
1180 3517 1291 3587 vitam,
1303 3515 1370 3573 sive
1381 3533 1395 3590 p

94 3599 258 3672 sententie,
275 3602 329 3679 qui
345 3599 457 3675 dicunt,
472 3601 623 3661 hominem
637 3619 730 3681 posse
745 3619 793 3661 ec·
841 3609 912 3661 tem.
950 3598 1065 3658 Probat
1080 3602 1237 3679 superiora
1254 3619 1395 3678 argumeu

93 3683 163 3746 dem
184 3694 254 3746 ectu
274 3705 402 3766 peccare
428 3696 461 3747 et
483 3687 678 3759 benefacere,
708 3687 793 3747 siad
842 3686 881 3746 ad
895 3693 1021 3765 partem.
1058 3686 1136 3745 Nam
1159 3689 1186 3747 si
1207 3687 1279 3746 boni
1300 3685 1395 3746 fidele

93 3770 216 3833 diverse
231 3774 415 3853 respiciatur.
438 3773 532 3854 Quod
542 3772 731 3834 manifestius
742 3793 793 3854 sp·
841 3773 967 3852 gloriam
977 3771 1113 3832 reserant
1127 3782 1220 3834 totam
1235 3792 1319 3832 susm
1333 3773 1395 3832 vita

91 3864 178 3938 paret
203 3859 233 3920 in
260 3861 297 3919 iis
323 3862 390 3940 qui,
420 3862 492 3940 quia
517 3879 609 3941 perce
634 3861 789 3934 seminant,
841 3879 900 3940 que
915 3866 946 3918 et
960 3865 1099 3919 mortem:
1116 3860 1209 3940 igitur
1224 3859 1301 3919 etin
1317 3878 1395 3935 soor

92 3963 183 4024 parce
198 3945 472 4008 etmetentiilor.
485 3951 514 4009 9.
841 3944 968 4017 ducant,
991 3955 1021 4005 et
1036 3946 1118 4023 quod
1132 3968 1194 4007 non
1207 3944 1395 4005 manducant

135 4032 180 4092 Et
204 4035 326 4107 pretias
350 4037 417 4110 opit
443 4036 521 4095 Deo.
564 4034 712 4095 Nimirum
738 4053 793 4113 pro
840 4031 963 4092 Domini
977 4031 1102 4109 gloriam
1117 4041 1255 4112 spectare
1271 4030 1395 4092 censend

93 4117 169 4177 cibis
185 4118 256 4198 lege
269 4122 434 4194 concessis,
459 4120 571 4201 quibus
585 4123 685 4182 utitur.
723 4121 794 4181 Non
884 4121 957 4180 Sive
987 4137 1061 4195 erpo
1090 4122 1246 4193 viniones,
1277 4121 1343 4178 sive
1372 4137 1395 4178 ιι

95 4202 171 4263 dixit
198 4206 365 4285 Apostolus
393 4208 469 4267 siout
505 4205 545 4267 de
574 4207 792 4268 manducante:
842 4206 975 4267 Domini
989 4223 1104 4266 snmus.
1151 4208 1285 4266 Domini
1301 4224 1395 4283 casu,

95 4289 223 4352 Gratias
245 4297 330 4354 enim
352 4296 419 4369 anit
432 4296 512 4356 Deo.
544 4292 625 4354 Nam
647 4293 713 4353 illic
727 4314 793 4374 gra·
840 4292 878 4352 Id
901 4299 964 4363 est,
990 4290 1109 4351 Christo
1134 4292 1267 4373 Domino
1293 4290 1395 4352 eddict

92 4378 199 4440 timum
227 4381 324 4456 actio,
353 4380 449 4440 veluti
476 4379 674 4454 dictumest,
704 4400 791 4460 argu·
841 4388 987 4458 tanquam
1003 4380 1100 4450 servi,
1123 4388 1227 4458 utpote
1242 4379 1294 4458 qui
1309 4379 1395 4438 vitan

91 4471 191 4527 mento
208 4472 286 4540 erst,
315 4466 548 4527 manducantem
562 4467 695 4527 Domino
709 4486 792 4527 man·
840 4474 900 4524 tem
923 4472 954 4524 et
977 4465 1075 4525 omnia
1094 4474 1199 4525 nostra
1221 4465 1260 4523 ad
1283 4463 1364 4525 illius
1384 4460 1395 4539 (

92 4551 211 4612 ducere.
249 4550 312 4631 Qui
333 4572 406 4614 vero
427 4573 487 4614 non
501 4551 678 4625 manducat,
708 4553 740 4612 iu
755 4572 791 4613 oo
841 4547 918 4627 cam)
935 4549 1137 4625 commodum,
1153 4551 1184 4611 id
1199 4558 1257 4622 est,
1272 4549 1395 4611 honorer

92 4636 174 4720 quod
187 4656 249 4698 non
262 4638 430 4715 manducat,
445 4658 506 4701 non
521 4639 587 4717 agit
602 4640 668 4700 Deo
679 4641 791 4718 grauns
839 4657 915 4698 mus.
938 4636 1030 4716 Quod
1045 4645 1095 4697 est
1110 4657 1221 4712 eorum,
1235 4639 1289 4718 qui
1304 4638 1384 4699 bene

91 4722 401 4802 deeibiecouoessis,
426 4725 483 4789 sed
502 4725 534 4786 in
550 4742 606 4800 eo,
629 4723 792 4808 quodqui-
838 4723 935 4789 Iuiart
955 4734 1058 4785 autem
1083 4724 1142 4787 boe
1166 4724 1284 4786 Paulus
1309 4742 1353 4787 on
1375 4742 1395 4786 e
