3254 5190
147 278 195 346 tt
657 272 892 328 commrrmm
911 272 942 326 rn·
960 273 1026 327 cn.
1043 274 1082 326 n.

144 453 267 530 Dcique
294 451 408 511 cultum
431 453 639 531 spectantibus
662 453 841 513 sufficienter
890 453 1007 521 minici,
1028 449 1149 510 modum
1176 454 1329 529 quaesivit
1352 452 1471 513 dicens:
1503 453 1589 530 Quo-

146 540 343 610 instituerent,
367 539 469 613 donec,
493 540 624 600 humano
641 560 753 618 genere
769 541 841 597 satis
891 539 983 597 modo
999 537 1052 613 fiet
1067 539 1175 596 istud?
1189 569 1228 578 -
1242 540 1285 596 itu
1301 559 1368 618 cap.
1388 540 1437 599 17.
1453 549 1525 619 post
1539 557 1590 597 au·

145 624 355 702 multiplicato,
368 629 534 686 necessitas
543 627 689 706 ejusmodi
702 633 839 685 cessaret.
890 624 984 683 ditum
1009 633 1038 683 et
1058 624 1142 683 firma
1165 624 1224 685 fide
1248 636 1423 705 susceptam
1440 626 1503 686 Dei
1525 646 1591 705 pro·

190 712 296 771 Tertia
313 715 453 791 quaestio
467 722 514 772 est
529 713 567 773 dc
583 733 627 787 eo,
650 712 732 792 quod
747 720 842 790 negat
890 713 1077 781 missionem,
1108 731 1168 770 non
1195 713 1305 791 utique
1331 712 1513 785 dubitando,
1536 730 1591 773 uec

146 797 310 876 Apostolus
325 798 479 859 Abraham
504 800 711 860 considerasse
734 817 841 877 corpus
891 794 938 873 (ut
962 798 1029 857 vult
1055 795 1233 876 Cajetanus)
1268 818 1390 859 sensum
1416 800 1590 872 verborum,

146 903 232 942 suurn
259 894 441 957 emortuum,
471 895 501 945 et
526 899 691 948 emortuam
717 886 839 945 vulvam
891 904 970 963 quac
983 884 1188 964 planautique
1200 895 1231 943 et
1242 887 1405 965 perspicua
1417 894 1513 959 eraut,
1525 905 1589 965 per

146 970 258 1045 Sarae3
289 990 356 1029 cum
384 972 533 1050 scriptura
559 975 624 1050 jam
654 982 723 1032 ante
749 974 840 1031 citata
891 971 1049 1043 contundo,
1073 969 1127 1029 sed
1143 972 1245 1048 potius
1266 973 1310 1030 rei
1325 974 1589 1050 promissacmag·

145 1065 269 1116 testetur
286 1060 384 1135 ipsum
400 1058 503 1118 audita
518 1062 716 1137 promissione
732 1058 786 1117 lilii
804 1077 840 1115 cx
890 1057 1055 1117 nitudinem
1083 1057 1278 1129 admirando,
1301 1057 1393 1118 dixit:
1424 1056 1590 1134 Nonquia

145 1142 229 1213 Sara,
252 1145 354 1202 risisse
371 1152 463 1224 atque
480 1146 593 1206 dixisse
617 1149 647 1206 in
664 1145 753 1205 corde
768 1165 839 1204 suo:
890 1147 1074 1204 centenario
1090 1151 1240 1203 nascetur
1262 1143 1369 1218 filias?
1385 1176 1428 1187 -
1445 1164 1481 1204 ac
1505 1146 1531 1205 si
1545 1142 1588 1203 di·

145 1231 285 1290 Putasne
311 1235 494 1291 centenario
520 1241 668 1292 nascetur
693 1232 787 1308 filius,
812 1238 840 1289 et
890 1241 983 1290 cenet:
1006 1230 1164 1309 Numquid
1180 1250 1242 1290 rem
1264 1239 1380 1290 tantam
1404 1243 1436 1293 et
1451 1251 1470 1291 a
1486 1248 1588 1292 saecu·

145 1316 226 1375 Sara
243 1322 467 1392 neocaesaria
483 1322 613 1394 pariet?
638 1319 727 1397 Quae
743 1316 840 1376 verba
890 1317 927 1376 lis
944 1317 1110 1376 inauditam
1125 1318 1260 1377 facturus
1276 1336 1308 1376 es
1323 1337 1392 1377 mea
1409 1316 1528 1378 causa?

145 1414 215 1462 sunt
228 1404 306 1464 bene
319 1404 536 1465 considerantis
548 1407 654 1465 horum
666 1414 839 1484 utrumque,
932 1403 1130 1482 Respondent
1153 1403 1191 1463 ad
1215 1405 1294 1462 huuc
1316 1403 1439 1464 modum
1461 1403 1587 1464 Ambru-

145 1492 314 1549 etiamcum
325 1490 466 1571 quadam,
478 1504 513 1551 ut
524 1497 662 1572 apparet,
674 1491 839 1553 diffidentia
890 1492 953 1549 sius
969 1490 1045 1550 libro
1065 1496 1091 1548 1.
1109 1490 1147 1550 de
1163 1490 1316 1550 Abrabam
1332 1511 1400 1571 cup.
1416 1494 1446 1551 4.
1463 1502 1497 1551 et
1513 1490 1587 1550 libro

145 1596 199 1637 seu
214 1577 291 1656 fidet,
305 1579 487 1638 infirmitate.
891 1579 918 1634 2.
942 1598 1008 1655 cap.
1027 1582 1084 1649 11.,
1108 1587 1137 1636 et
1160 1578 1350 1654 Augustinus
1374 1578 1450 1638 libro
1478 1580 1528 1639 16.
1551 1574 1588 1637 da

187 1662 363 1743 Respondet
374 1663 549 1743 OajetanuS,
566 1665 720 1725 Abraham
734 1664 772 1724 ab
786 1665 838 1723 ini-

145 1753 187 1809 tio
203 1772 263 1810 non
277 1752 456 1831 percepisse,
478 1753 692 1812 revelationem
710 1772 777 1811 esse
792 1772 838 1810 as·

145 1841 298 1912 saiticam,
320 1836 451 1917 ideoque
473 1858 574 1898 secum
598 1841 629 1899 in
652 1841 750 1899 animo
771 1858 838 1897 con·

144 1925 249 1985 tnlisse
273 1922 486 2003 impedimenta
509 1936 637 1986 naturae
661 1934 723 1986 tam
746 1928 776 1984 in
799 1946 839 1996 se,

145 2032 236 2092 quam
254 2014 282 2071 in
297 2013 381 2081 Sara,
404 2032 462 2071 non
479 2012 646 2072 dubitando
663 2012 700 2073 de
715 2013 840 2090 promis·

143 2101 237 2171 sione,
252 2098 304 2158 sed
316 2098 520 2177 percontando
537 2118 656 2158 sensum
672 2098 840 2157 divinorum

143 2185 311 2259 verborum,
332 2204 372 2242 an
386 2204 458 2245 vere
475 2185 514 2245 ad
530 2185 758 2264 significandam
775 2185 840 2255 hoc,

144 2271 226 2352 qnod
243 2271 397 2342 sonabant,
421 2270 502 2332 dicta
523 2282 633 2332 essent.

187 2357 246 2418 Sed
260 2358 337 2417 haec
360 2361 516 2435 responsio
539 2379 598 2418 non
618 2357 739 2417 videtur
753 2357 839 2416 bona.

142 2445 222 2504 Nam
237 2444 328 2504 Pauli
345 2442 478 2503 doc-trina
494 2455 538 2505 est
562 2444 699 2504 hocloco
715 2451 745 2503 ct
759 2443 839 2502 Heb.

145 2536 203 2601 11.,
218 2529 372 2589 Abraham
389 2532 489 2589 statim
506 2541 536 2590 et
552 2533 767 2600 incunctanter,
789 2548 840 2588 au·

144 2618 208 2677 dita
229 2617 291 2674 Dei
317 2618 525 2694 promissione,
549 2619 671 2696 plenam
699 2618 727 2675 ei
752 2616 840 2673 fidem

144 2701 326 2762 adhibuisse.
349 2701 435 2760 Idem
458 2703 555 2781 liquet
577 2723 616 2762 ex
631 2704 697 2761 aliis
718 2704 840 2781 promis-

143 2788 279 2848 sionibus
288 2787 430 2848 Abrahae
441 2789 529 2849 factis
540 2789 650 2849 Genes.
663 2795 710 2849 12.
725 2794 771 2849 13.
785 2790 840 2855 15,

143 2895 221 2956 quas
237 2873 288 2932 ille
305 2876 414 2945 statim,
430 2886 464 2934 ut
480 2876 603 2945 audivit,
627 2878 753 2953 recepit.
776 2876 840 2933 Nec

143 2984 203 3023 nou
213 2980 252 3019 ex
260 2964 427 3038 praeceptis
437 2963 495 3040 ipsi
507 2962 587 3022 datis
600 2984 618 3021 a
630 2961 708 3031 Deo,
720 2961 839 3020 tametsi

143 3048 226 3108 duris
246 3059 276 3106 et
299 3044 400 3106 arduis
416 3047 493 3107 Gen.
513 3050 751 3120 latratui,
775 3048 839 3125 qui-

143 3133 266 3195 basille
282 3133 438 3192 confestim
460 3138 579 3212 paruit3
602 3144 717 3193 utnon
740 3136 839 3192 minus

144 3218 314 3281 obedientia
330 3221 404 3298 ejus,
421 3240 513 3298 quarn
529 3221 612 3293 fides,
636 3223 665 3278 in
681 3222 840 3298 scripturis

144 3304 376 3369 commendetur.
400 3306 533 3380 Accedit,
556 3307 640 3387 quod
662 3307 757 3366 verbo
772 3326 839 3383 pro-

143 3392 309 3457 missionis,
332 3391 370 3451 de
397 3411 460 3471 qua
486 3413 566 3454 nunc
588 3396 702 3472 agitur,
725 3392 839 3451 nullam

142 3479 297 3540 habebant
318 3479 545 3553 obscuritatem,
568 3490 602 3539 ut
623 3478 751 3559 proinde
775 3498 840 3536 scu·

144 3586 209 3627 sum
232 3584 334 3625 eorum
359 3568 528 3643 percontari
543 3566 699 3626 Abrabam
720 3567 840 3624 minime

143 3652 292 3722 debuerit,
316 3654 396 3710 sicut
415 3654 515 3711 necin
533 3653 600 3712 aliis
615 3652 737 3712 fecerat

186 3736 355 3799 Dicendum
373 3741 471 3817 igitur,
489 3739 652 3807 Abraham,
669 3759 706 3798 ex
724 3745 840 3797 sentcn-

143 3827 187 3885 tia
204 3825 304 3895 Pauli,
319 3845 380 3883 non
396 3824 605 3885 considerasse
618 3846 703 3884 suam
721 3834 751 3884 et
767 3842 840 3881 uxo·

142 3913 182 3971 ris
206 3919 388 3971 senectutem
408 3920 439 3972 et
461 3911 604 3990 gignendi
627 3912 841 3991 impotentiam,

144 4001 187 4058 sic
203 4007 235 4057 ut
249 4008 409 4078 propterea
433 3997 587 4069 diffideret,
611 4008 665 4057 aut
685 4016 841 4058 assensum

143 4106 179 4144 ac
195 4084 282 4145 fidem
307 4084 442 4144 differret
465 4084 609 4144 adhibere
634 4084 757 4143 divinae
772 4104 840 4161 pro·

142 4174 294 4232 missioni:
318 4169 380 4241 sed,
391 4203 428 4211 ——
443 4169 697 4250 quemadmodum
710 4191 776 4248 cap.
792 4173 839 4229 15.

144 4257 279 4330 Genesis,
295 4266 497 4337 posteaquam
513 4257 625 4317 dictum
643 4269 726 4317 esset
742 4256 780 4316 dc
796 4277 841 4326 eo,

144 4345 225 4425 quod
249 4345 384 4405 credidit
399 4347 479 4417 Deo,
505 4352 534 4402 et
556 4352 739 4420 reputatam
756 4351 798 4402 cst
815 4345 843 4401 ei

143 4433 186 4491 ad
205 4435 375 4507 jiotitiam,
399 4440 540 4490 narratur
567 4433 757 4508 quaesivisse
783 4450 843 4488 mo·

890 1665 969 1722 civit.
994 1665 1054 1723 Dei
1080 1683 1145 1742 cap.
1163 1665 1212 1723 26.
1230 1673 1259 1723 et
1276 1668 1323 1725 31.
1347 1666 1426 1724 Nam
1449 1676 1482 1726 et
1505 1660 1588 1735 illud,

890 1750 972 1830 quod
1006 1750 1096 1828 objici
1123 1758 1257 1829 poterat,
1286 1751 1458 1821 Abraham,
1483 1750 1588 1812 audita

890 1839 1094 1916 promissione,
1116 1838 1200 1896 velut
1223 1837 1438 1914 desperantem
1461 1838 1503 1899 de
1516 1838 1586 1907 lilio,

890 1927 944 2004 qui
960 1945 998 1983 ex
1014 1925 1088 1985 Sara
1105 1924 1346 2001 promittebatur,
1370 1924 1489 1985 dixisse
1504 1925 1586 1985 Dec:

896 2015 1024 2072 Vtinam
1049 2012 1162 2069 Imruel
1188 2014 1276 2070 uiuat
1295 2028 1402 2071 coram
1418 2019 1459 2087 te,
1485 2011 1587 2071 existi·

890 2098 1031 2158 mandam
1054 2109 1099 2156 est
1120 2119 1179 2157 non
1199 2096 1264 2156 ulla
1281 2096 1445 2157 diffidentia
1468 2097 1587 2167 dietum.

891 2185 943 2244 sed
964 2205 1003 2244 ex
1026 2184 1204 2255 humilitate,
1228 2202 1291 2263 qua
1314 2201 1347 2242 se
1370 2183 1532 2263 indignum
1546 2203 1588 2245 ra·

889 2272 1020 2349 putabat
1035 2278 1097 2330 tam
1120 2270 1227 2349 grandi
1241 2271 1396 2342 miraculo,
1422 2271 1509 2349 quod
1524 2290 1587 2351 pru·

890 2356 1069 2428 mittebatur,
1086 2358 1175 2435 quusi
1193 2355 1321 2414 diceret:
1342 2355 1475 2416 Multum
1492 2378 1530 2419 ac
1544 2376 1586 2417 sa·

890 2446 930 2503 tis
946 2443 1018 2502 rnihi
1034 2443 1236 2521 praestiteris,
1259 2444 1284 2501 si
1301 2441 1414 2502 factam
1431 2444 1507 2503 olim
1523 2462 1587 2523 pro-

889 2531 1059 2589 missioncm
1075 2529 1241 2608 adimpleas
1253 2530 1284 2587 in
1298 2529 1437 2588 ismaele.
1462 2529 1587 2591 Constat

890 2618 978 2687 enim,
1001 2615 1154 2675 Abraham
1175 2636 1207 2675 se
1229 2614 1321 2673 valde
1345 2615 1526 2676 humiliasse
1541 2635 1586 2676 cu-

889 2724 952 2762 ram
969 2704 1045 2772 Deo,
1068 2711 1102 2759 nt
1118 2703 1225 2763 (lenes.
1244 2702 1292 2759 18.

931 2790 1000 2848 Non
1023 2787 1140 2857 desunt,
1163 2787 1268 2858 lateor,
1293 2789 1370 2847 inter
1394 2788 1515 2860 Patres,
1536 2789 1587 2868 qui

889 2875 1052 2934 videantur
1068 2875 1184 2953 aliquid
1209 2873 1435 2935 incredulitatis
1459 2894 1515 2937 seu
1536 2877 1588 2935 du·

891 2960 1044 3021 bitationis
1063 2963 1091 3019 in
1108 2961 1272 3039 praedictis
1287 2961 1388 3020 verbis
1405 2971 1514 3023 sancto
1530 2962 1586 3023 Pa·

890 3047 1040 3106 triarchas
1063 3047 1243 3118 adscribere,
1267 3055 1301 3104 ut
1322 3046 1459 3108 Basilius
1484 3048 1585 3109 homil.

889 3133 927 3192 de
944 3134 1101 3211 patientia,
1118 3133 1353 3212 chrysostomus
1369 3132 1472 3194 homil.
1490 3138 1541 3197 40.
1557 3138 1587 3195 iu

890 3219 1030 3290 Genesin,
1046 3228 1074 3278 et
1091 3220 1297 3298 Hieronymus
1313 3218 1363 3278 lib.
1388 3225 1415 3280 1.
1431 3220 1505 3281 dial.
1521 3242 1587 3283 ccu-

891 3316 937 3365 tra
953 3306 1057 3383 Polag.
1075 3326 1142 3384 cap.
1162 3310 1209 3365 10.
1227 3316 1258 3365 et
1273 3304 1324 3366 lib.
1341 3306 1370 3364 3.
1387 3326 1455 3385 cap.
1474 3310 1504 3367 b.
1529 3306 1587 3369 Sed

890 3393 934 3451 illi
958 3393 1128 3452 sententiae
1151 3394 1295 3452 resistunt
1318 3411 1377 3451 non
1400 3393 1500 3453 solum
1520 3397 1588 3456 Am·

888 3479 1007 3537 brasias
1032 3487 1060 3536 ct
1085 3480 1281 3556 Augustinus,
1303 3497 1382 3557 quos
1401 3481 1467 3558 jam
1484 3483 1587 3541 citari·

888 3585 964 3633 mus,
980 3582 1084 3624 verum
1101 3573 1131 3623 et
1147 3585 1249 3625 omnes
1265 3566 1355 3643 hujus
1368 3564 1428 3625 loci
1440 3586 1587 3629 commou-

891 3661 1020 3721 tatores‚
1051 3670 1085 3711 ac
1115 3655 1299 3730 praecipuus
1330 3653 1408 3711 inter
1438 3672 1492 3712 eos
1523 3655 1588 3733 ipsc

890 3736 1133 3817 Chrysostomus,
1150 3741 1237 3817 cujus
1252 3738 1345 3797 verba
1360 3758 1434 3797 mox
1449 3740 1588 3801 referam.

889 3826 1030 3904 Denique
1052 3822 1215 3884 manifeste
1237 3823 1416 3884 contradicit
1431 3826 1478 3885 illi
1495 3828 1589 3907 suspi-

890 3912 966 3970 cioni
982 3912 1031 3970 hic
1055 3913 1122 3988 ipse
1144 3911 1229 3972 locus
1245 3911 1404 3971 Paulinus.
1428 3910 1521 3974 Unde
1539 3911 1589 3974 ad·

890 3998 948 4056 hnc
965 4000 1122 4076 sequitur:

935 4086 985 4142 20.
1011 4087 1050 4143 ln
1066 4087 1308 4160 repromissione
1331 4086 1428 4143 etiam
1446 4086 1510 4145 Dei
1524 4102 1589 4145 aaa

891 4173 1058 4231 haeataait
1076 4171 1269 4248 diffidentia.
1293 4170 1430 4231 Graece:
1453 4172 1499 4230 ad
1511 4188 1589 4248 pro·

890 4260 1069 4317 missionem
1085 4266 1191 4317 autem
1204 4260 1266 4317 Dei
1278 4277 1344 4318 non
1356 4259 1529 4318 haesitavit
1538 4262 1589 4319 t'rt·

891 4344 1087 4403 credulitate.
1111 4343 1170 4405 Sed
1186 4353 1217 4404 et
1231 4352 1447 4404 commentator
1464 4345 1588 4405 Ambru-

892 4433 952 4490 sius
967 4452 1027 4490 non
1043 4434 1149 4505 etiam,
1167 4431 1220 4490 sed
1236 4449 1311 4491 vcro
1327 4431 1410 4510 legit,
1424 4440 1460 4490 ut
1474 4430 1590 4491 Graeca

143 4516 214 4578 dum
238 4517 451 4595 adimplendae
476 4518 683 4596 promissionis
711 4516 841 4587 divinae,
890 4517 1038 4596 particula
1068 4509 1101 4574 δὲ
1132 4528 1265 4577 sumatur
1294 4516 1493 4578 adversative.
1531 4516 1589 4577 Pro

145 4602 264 4664 dicens:
293 4604 384 4664 [inde
399 4607 476 4663 scire
490 4620 619 4679 possum
636 4614 704 4673 etc,
719 4605 798 4661 sicut
813 4611 844 4661 et
891 4604 984 4662 verbo
1010 4605 1195 4679 haesitavit,
1229 4603 1311 4684 quod
1343 4606 1372 4663 in
1399 4602 1520 4665 Graeco
1545 4612 1589 4663 ast

142 4688 178 4749 B.
189 4690 285 4770 Virgo
300 4689 408 4763 Maria,
424 4687 528 4749 audito
543 4690 652 4749 nuncio
668 4698 776 4767 partas
792 4689 842 4748 do·
892 4684 1044 4767 διεκρίθη,
1061 4688 1180 4769 quidam
1195 4691 1310 4751 malunt
1325 4690 1524 4768 disceptavit,
1539 4697 1589 4751 aut
