3254 5190
89 284 164 354 ιιι
596 277 829 336 munerantes
848 278 880 334 u
897 278 964 334 cu.
982 276 1022 331 u.

87 453 254 534 significat,
287 460 363 512 uta
388 472 463 513 casu
489 452 689 534 distinguitur.
728 455 785 515 Est
832 456 908 529 rarii,
924 455 1095 528 viriaancti,
1111 452 1303 514 concionibus
1318 469 1412 530 snpra
1425 448 1521 528 vigint

88 540 168 601 enim
190 537 288 599 levius
311 539 389 613 labi,
412 559 503 620 qnam
527 540 642 602 cadere.
680 543 785 622 Atque
833 543 964 623 quinque
979 541 1077 601 millia
1091 539 1279 601 Judaeornm
1293 535 1429 598 adducta
1441 534 1521 594 inira

87 627 146 687 hoc
158 624 351 698 reddiderunt
365 626 418 685 alii
436 628 623 706 interpretes,
646 627 786 709 idemque
832 628 872 688 ad
894 627 1053 689 Christum.
1087 628 1132 689 Et
1148 627 1276 699 ecimue,
1297 622 1400 684 adhuc
1420 623 1521 683 Romo

88 711 196 772 volunt
216 704 428 772 commentarii*
443 712 632 773 Graecorum.
671 714 731 774 Sed
755 722 787 774 et
834 713 959 794 singulis
974 715 1062 774 annio
1085 713 1203 793 aliquot
1219 710 1356 773 Judaeoa
1377 707 1521 788 baptizari

88 799 215 879 Syriaca
229 796 322 856 dictio
345 798 462 876 lapsum
478 797 610 858 denotat.
648 800 787 860 Pertinet
876 801 964 860 Dicet
978 800 1105 880 aliquis:
1144 797 1250 878 Quid?
1280 795 1434 858 siJudaei
1448 793 1521 856 oua

88 893 188 945 autom
203 885 259 945 hoc
274 884 314 944 ad
325 885 530 963 metaphoram
544 887 736 965 superiorem,
752 894 786 944 ut
834 896 912 947 stum
928 889 1116 966 recepissent,
1133 906 1172 945 an
1186 905 1246 944 non
1258 883 1439 962 contigisset
1453 880 1520 941 salu

88 971 216 1031 modium
232 969 374 1049 quiddam
390 973 468 1030 inter
483 971 676 1034 offensionem
689 982 721 1032 et
737 992 784 1032 ca·
834 972 998 1053 gentibus?
1013 970 1209 1052 Respondeo:
1226 967 1521 1049 Gontigieeetutiqua

88 1077 170 1130 sum,
193 1075 253 1136 quo
269 1056 466 1135 significatur,
489 1057 627 1119 Judoeos
644 1079 704 1118 uon
721 1060 784 1139 qui·
834 1060 906 1140 qnia
913 1080 967 1139 pro
976 1057 1078 1118 mnndi
1086 1058 1186 1119 salute
1198 1075 1303 1136 pascua
1312 1061 1378 1117 erat
1386 1052 1521 1115 Christus

89 1143 157 1203 dem
174 1143 216 1203 sio
227 1141 395 1216 offendisse,
410 1150 444 1200 ut
459 1143 608 1217 caderent,
621 1146 666 1205 sic
676 1154 785 1218 tamem
834 1146 947 1205 Verum
956 1165 1012 1205 uec
1023 1154 1083 1204 tam
1091 1146 1149 1206 cito
1160 1143 1306 1222 perlatum
1315 1140 1355 1202 ad
1364 1160 1421 1201 eae
1429 1139 1521 1201 Euan

89 1239 124 1289 ut
137 1229 323 1304 laberentur3
339 1248 377 1288 ne
394 1230 460 1309 quis
476 1230 668 1291 offensionem
684 1250 786 1292 eorum
834 1232 946 1311 galium
960 1230 1084 1307 luisset,
1113 1249 1171 1291 nec
1193 1228 1299 1290 eodem
1322 1225 1446 1301 ordine,
1476 1243 1521 1306 qn

88 1316 157 1396 plus
173 1316 247 1375 eatis
263 1323 415 1375 extenuet.
438 1313 630 1396 Quamquam
642 1325 718 1389 snut,
734 1317 786 1398 qui
834 1337 922 1390 nnnc,
934 1317 1015 1378 salua
1027 1337 1131 1377 earum
1144 1316 1251 1376 miscet
1264 1319 1434 1394 procurata

89 1394 285 1480 παράπτωμα
310 1403 544 1480 interpretentur
566 1404 726 1477 offensam,
755 1402 786 1462 id
880 1407 928 1464 12.
952 1404 1080 1483 Quodsi
1092 1404 1240 1463 delictam
1256 1401 1388 1462 illorum
1402 1398 1521 1458 divitia

90 1498 150 1563 eet,
172 1488 398 1568 impactionem,
428 1496 463 1547 ut
485 1488 564 1548 idem
586 1491 787 1569 significatum
835 1491 1054 1551 cunimundi.
1093 1488 1233 1551 Secunda
1253 1489 1331 1547 ratio
1354 1483 1521 1565 sumptaal

90 1575 192 1635 sithoc
200 1576 328 1647 nomine,
345 1573 516 1654 quodprius
524 1576 616 1637 verbo
626 1569 785 1650 ἔπταισαν,
835 1597 886 1650 eo,
909 1577 990 1657 quod
1009 1576 1149 1657 gentibus
1172 1574 1247 1635 utile
1271 1580 1332 1647 eat,
1355 1581 1387 1632 et
1410 1567 1521 1651 proind

90 1661 301 1741 offenderunt.
323 1662 441 1740 Estque
451 1661 482 1721 id
495 1665 648 1722 contextui
659 1663 787 1723 Paulino
836 1663 982 1744 optabile,
1012 1684 1048 1723 ac
1072 1664 1177 1723 morito
1204 1681 1222 1721 ιι
1246 1660 1309 1720 Dei
1334 1655 1521 1719 misericordi

90 1755 329 1810 consentaneum.
836 1751 1024 1830 sperandum.
1048 1749 1090 1824 Si,
1106 1748 1213 1828 inquit,
1228 1746 1378 1817 delictum,
1396 1746 1464 1805 sive
1475 1742 1521 1823 lap

132 1835 231 1915 igitur
242 1851 347 1894 ιιιιιιιι
359 1832 497 1913 Apostoli
511 1844 571 1894 eat:
595 1836 677 1917 Quin
687 1837 787 1916 potius
836 1856 886 1897 sne
901 1836 1086 1897 Judacorun
1109 1855 1164 1916 per
1184 1834 1371 1895 occasionem
1396 1831 1521 1890 cassita

91 1922 200 1983 delicto
216 1939 269 1980 acu
284 1919 372 1999 lapsu
394 1921 458 1981 eive
474 1920 587 1983 offensa
603 1922 789 1983 Judaeornm
836 1922 1016 1984 redundavit
1037 1923 1067 1982 in
1090 1921 1261 2002 spirituales
1283 1919 1388 1980 mundi
1405 1916 1521 1977 divitior

91 2027 163 2069 ιιιιιι
186 2013 233 2067 ιιι
246 2005 331 2066 Deua
351 2005 391 2066 ad
408 2028 547 2087 magnum
569 2008 720 2090 quoddam
736 2008 787 2069 bo·
836 2010 894 2071 hoc
916 2019 978 2085 ιιι,
1007 2012 1037 2070 in
1062 2008 1187 2068 salutem
1209 2007 1331 2086 copiose
1357 2003 1521 2086 praestitor

90 2115 176 2167 uum,
204 2092 319 2152 scilicet
339 2092 378 2152 ad
400 2096 588 2156 vocationem
610 2103 640 2155 et
662 2096 789 2156 salutem
837 2098 976 2178 gentibus
992 2105 1056 2157 toto
1073 2095 1144 2154 orbe
1159 2093 1282 2154 diffusis.
1306 2092 1469 2172 Sequitur:

91 2182 241 2261 gentinm3
256 2180 390 2239 vicissim
401 2200 509 2242 usurus
520 2184 653 2261 gentium
664 2202 788 2243 conver·
881 2186 924 2244 Et
932 2185 1103 2244 diminutio
1116 2199 1225 2241 comm
1236 2181 1370 2239 divitiae
1380 2180 1521 2254 peneum

92 2270 175 2328 sione
190 2264 230 2326 ad
245 2265 370 2326 salutem
385 2267 583 2329 Judaeorum.
615 2271 694 2330 Dum
711 2271 789 2329 euim
837 2268 875 2329 Id
890 2280 944 2344 est,
960 2273 986 2330 si
1001 2271 1093 2331 cessit
1109 2267 1148 2327 ad
1163 2265 1384 2327 multitudinem
1401 2263 1521 2343 gentina

91 2363 199 2435 gentes
215 2353 253 2412 ad
270 2352 359 2412 fidem
373 2362 470 2427 vocat,
481 2355 505 2416 J
507 2354 620 2415 udaeos
633 2352 722 2430 (sicut
736 2375 790 2435 per
839 2356 1069 2418 convertendam
1097 2352 1284 2416 Judaeorum
1310 2352 1451 2430 abjectio,
1479 2366 1521 2430 qu

91 2442 198 2502 Mosen
211 2437 374 2519 praedixit)
390 2440 429 2500 ad
443 2440 671 2502 aemulationem
683 2462 790 2522 provo·
839 2443 951 2504 factum
974 2450 1029 2516 ιιι,
1052 2449 1167 2500 uttam
1191 2440 1281 2518 pauci
1304 2458 1343 2498 ox
1366 2437 1427 2496 illis
1448 2435 1521 2497 fider

93 2537 158 2604 ιιι,
187 2535 221 2586 ut
242 2528 295 2606 qui
316 2526 439 2587 videant
464 2529 627 2607 promissa,
656 2528 791 2609 patribus
840 2533 1033 2611 susciperent,
1057 2528 1183 2587 caeteris
1198 2524 1379 2585 infidelitate
1395 2516 1521 2584 excaeca

94 2615 156 2674 suis
178 2612 274 2686 lacta,
305 2622 335 2671 et
357 2634 376 2671 a
399 2632 432 2672 ιι
452 2614 605 2691 neglecta,
636 2614 792 2676 transferri
839 2617 885 2676 tis.
913 2617 1076 2696 Sequitur:

94 2700 133 2761 ad
145 2707 260 2779 gentes.
279 2698 348 2758 Hac
359 2700 449 2778 igitur
462 2701 663 2762 aemulatione
673 2703 791 2781 perciti,
883 2706 1013 2782 ῼιιαιιιο
1023 2703 1124 2776 anapia
1132 2699 1303 2776 plenitudo
1315 2698 1450 2759 eorum?
1462 2695 1521 2776 Sup

94 2785 180 2847 velut
195 2805 233 2845 ex
249 2786 439 2846 contentione
455 2795 486 2845 et.
496 2788 553 2867 ipsi
565 2786 716 2848 Christum
732 2789 791 2848 sal·
839 2791 899 2871 ple,
911 2789 1038 2849 divitiae
1050 2789 1182 2867 gentium
1192 2785 1302 2845 erunt?
1313 2785 1411 2856 idest,
1426 2789 1521 2862 quant

93 2881 230 2933 vaterem
244 2873 393 2959 recepturi
410 2881 489 2947 sunt,
511 2893 603 2953 quem
614 2874 790 2954 praedican·
839 2877 934 2956 magis
955 2875 1071 2935 valebit
1093 2873 1132 2934 ad
1156 2870 1387 2933 confirmandam
1410 2877 1443 2930 et
1464 2868 1521 2930 dila

94 2960 174 3021 tibus
200 2959 354 3039 Apostolis
379 2960 512 3039 recipere
538 2960 706 3021 noluerant.
743 2960 792 3020 Ad
841 2962 962 3022 tundam
985 2960 1173 3041 ingentibus
1196 2958 1285 3018 fidem
1309 2959 1466 3019 conversio
1489 2975 1521 3037 pc

94 3048 174 3108 hunc
190 3065 309 3106 sensum
325 3045 480 3107 collimant
495 3045 625 3123 Graeca,
648 3048 686 3109 ab
699 3049 790 3107 Eras-
840 3050 907 3130 puli
923 3051 1017 3129 ipsius
1030 3046 1164 3118 Judaici,
1181 3044 1212 3106 id
1228 3053 1283 3119 est,
1298 3044 1450 3105 maximae
1464 3043 1521 3103 mu}

95 3155 142 3194 mo
168 3133 260 3214 paulo
287 3132 397 3193 clarina
425 3135 450 3193 si
475 3132 610 3194 reddita:
648 3136 709 3197 seo
734 3153 793 3211 por
842 3136 980 3196 titudinis
996 3133 1118 3195 eorum?
1142 3132 1241 3212 Quam
1254 3129 1521 3193 couversionemiu

94 3223 222 3297 tapsum
234 3220 793 3298 illorumaaluacoatipitpcntibuain
843 3232 941 3284 turam
957 3224 988 3282 iu
1009 3223 1069 3281 line
1083 3219 1206 3292 saeculi,
1228 3217 1307 3279 iufra
1322 3217 1422 3278 docet
1445 3217 1521 3298 Argi

95 3311 210 3382 hoaut
225 3326 276 3367 eoa
291 3307 334 3365 od
349 3308 580 3367 aemulandum
592 3316 792 3386 provocaret.
843 3316 975 3370 mentum
1002 3317 1048 3368 ιιι
1071 3329 1089 3367 a
1110 3307 1223 3366 minori.
1262 3306 1295 3367 Si
1321 3305 1400 3365 enim
1426 3302 1521 3365 Judn

137 3394 211 3456 Jam
238 3392 389 3473 quomodo
420 3393 608 3455 Judaeornm
635 3396 737 3476 lapsus
764 3404 794 3455 at
844 3394 964 3457 credere
1001 3395 1136 3455 nolentes
1173 3393 1361 3452 occasionem
1393 3388 1521 3451 dederat

94 3481 256 3543 infidelitas
270 3479 363 3540 fucrit
375 3481 493 3542 occasio
507 3481 615 3543 salutis
627 3481 793 3562 gentilium,
843 3481 1043 3544 multitudinis
1076 3480 1211 3561 gentium
1241 3475 1467 3539 convertendae
1503 3496 1521 3538 a

96 3570 208 3630 docent
233 3587 294 3627 non
319 3586 380 3627 uno
404 3565 470 3627 loco
496 3566 574 3627 Acta
597 3568 712 3649 Apost,
744 3570 795 3630 ubi
844 3570 943 3643 fidem,
964 3569 1056 3628 multo
1071 3566 1168 3646 magis
1183 3574 1418 3627 consentaneum
1435 3572 1521 3638 cata

94 3655 118 3716 J
119 3653 222 3716 ndaeis
230 3654 435 3734 Evangelium
445 3654 659 3734 repellentibus
672 3654 711 3715 ad
723 3676 793 3735 gen·
844 3657 934 3717 iidem
951 3656 1107 3716 credentes
1129 3672 1221 3713 causa
1236 3654 1297 3713 sint
1313 3649 1521 3731 amplificanda

94 3750 141 3803 tea
167 3741 323 3800 uanaiisae
348 3741 505 3820 leguntur3
527 3743 703 3803 nominatim
729 3762 795 3824 cap.
843 3742 913 3803 fidei
933 3744 964 3802 in
985 3740 1134 3822 gentibue.
1158 3738 1227 3799 Hoc
1250 3741 1331 3800 euim
1352 3756 1410 3818 per
1434 3758 1468 3799 se
1488 3756 1521 3799 ea

98 3828 146 3887 13.
164 3835 193 3888 ιι
207 3826 319 3886 ultimo.
355 3828 451 3888 Porro
474 3830 611 3909 quamvis
633 3829 795 3890 aemulatio
845 3828 920 3890 illud
935 3828 1083 3889 accidens.

91 3916 157 3995 jam
174 3913 255 3975 dicta
269 3934 329 3974 non
341 3916 373 3974 in
384 3914 522 3975 omnibus
534 3915 642 3976 efficiat
654 3913 795 3988 Judaeis,
888 3915 961 3977 Jam
977 3914 1103 3975 ulterius
1125 3911 1246 3990 collige:
1269 3911 1303 3972 Si
1318 3910 1405 3971 Deus
1419 3917 1521 3991 propte

95 4010 131 4062 ut
155 4000 328 4081 Evangelio
354 3999 479 4062 credant
505 3996 603 4076 (multi
631 4003 709 4062 enim
730 4003 796 4064 zelo
844 4001 1004 4062 utilitatem
1027 4001 1120 4062 totius
1145 3996 1263 4069 mundi,
1290 3996 1322 4057 id
1349 4005 1411 4069 eat,
1439 4017 1521 4078 popu

97 4089 234 4151 commoti
255 4086 378 4149 fuorunt
400 4086 438 4148 ob
458 4088 547 4149 fidem
567 4090 718 4169 gentium,
740 4109 797 4150 nec
846 4088 975 4170 gentilis,
997 4087 1134 4167 permisit
1155 4083 1290 4146 Judacos
1313 4082 1377 4144 labi
1400 4102 1439 4143 ac
1459 4083 1520 4144 dim

97 4193 164 4236 eam
180 4183 252 4235 suut
264 4175 384 4250 imitati,
397 4182 432 4234 ut
445 4175 511 4235 Act
530 4177 579 4235 13.
598 4176 645 4236 17.
657 4184 688 4236 ιι
700 4170 796 4252 alibi),
846 4177 907 4249 nui,
922 4174 1122 4252 multomagis
1138 4191 1188 4232 eos
1204 4169 1387 4231 restaurabit
1397 4177 1432 4230 et
1443 4170 1521 4231 ruint

96 4282 156 4323 non
177 4269 281 4321 ιιιιιιιι
303 4259 533 4322 ιιίιιίιιιιιιᾶιιιιι
557 4269 619 4335 ιιι,
646 4260 741 4322 solum
764 4263 798 4323 in
846 4281 949 4323 eorum
964 4260 1101 4340 implebit
1114 4279 1169 4338 pro
1184 4255 1289 4317 mundi
1304 4256 1451 4318 utilitate.
1474 4255 1521 4317 No

96 4350 156 4409 fine
170 4346 287 4421 saeculi
298 4349 435 4410 Judaeos
451 4347 509 4408 hac
527 4348 728 4409 aemulatione
746 4347 797 4410 ad·
845 4350 938 4429 igitur
960 4343 1151 4428 desperanda
1172 4344 1259 4404 nobie
1281 4351 1328 4402 est
1349 4362 1454 4403 eorum
1477 4361 1521 4404 cor

98 4433 251 4496 ducendos
275 4436 313 4496 ad
335 4436 440 4509 fidem,
469 4455 574 4495 venum
597 4437 688 4496 etiam
710 4435 796 4510 alias,
845 4436 953 4495 versio.
977 4434 1137 4495 Rationem
1161 4432 1239 4492 hanc
1254 4429 1344 4491 docte
1365 4437 1399 4490 ιι
1413 4426 1521 4491 dilucid

97 4523 164 4583 Deo
172 4521 343 4598 miserante,
359 4522 390 4582 id
398 4523 576 4602 contingere
586 4530 616 4582 et
623 4523 796 4604 contigisse,
846 4520 1029 4601 explicatam
1045 4519 1140 4580 habea
1156 4516 1235 4599 apud
1248 4519 1277 4578 S.
1291 4518 1450 4578 Thomam.
1468 4514 1521 4578 en

97 4609 170 4670 licet
189 4627 250 4668 non
272 4616 354 4670 tanto
377 4615 509 4671 numero.
554 4607 645 4671 Certe
667 4608 796 4693 legimus
844 4616 938 4669 terum
951 4609 1081 4668 observa
1093 4605 1324 4686 pulcherrimam
1335 4603 1521 4685 metaphoras

97 4702 167 4759 autc
180 4692 326 4760 ducentos
341 4717 436 4760 anuos
450 4697 539 4762 unius
551 4695 703 4761 Vincentii
718 4697 792 4759 For-
845 4697 876 4758 in
890 4695 1010 4758 nomine
1024 4693 1204 4767 divitiarum,
1220 4710 1295 4773 quas
1307 4688 1348 4751 ad
1359 4689 1434 4752 fidei
1448 4698 1521 4752 ιιιιιι
