3254 5190
471 298 632 353 nrrsroits
650 299 690 354 so
708 299 860 356 sosares.
894 301 979 354 vens.
998 303 1023 355 s.
1042 303 1067 358 r.
1084 303 1109 356 a.
1460 309 1508 376 4³

69 492 227 553 poenum
242 473 401 534 universus
417 484 552 555 superte
567 475 656 535 simul
671 477 762 537 effun-
812 476 985 538 cedentibus
1009 486 1212 551 construatur,
1235 479 1290 538 erit
1316 478 1364 538 hic
1387 497 1510 538 sensus:

69 559 158 619 detur.
810 563 851 622 lis
868 565 917 645 qui
934 566 962 623 iu
978 565 1058 624 bona
1073 565 1301 625 couversatione
1314 583 1509 644 perseveran-

107 647 135 705 6.
157 648 222 725 (mi
252 646 364 706 reddet
389 650 562 724 unicuique
589 650 763 709 secundum
811 658 864 722 tes,
880 670 1011 710 neceam
1026 650 1356 731 propternllaadversa
1371 650 1509 711 descren-

69 751 159 807 opcro
171 737 251 806 ejus.
268 733 335 792 Hoc
347 734 426 793 enim
439 741 484 794 est
495 735 608 812 justum
621 755 762 796 exercere
811 744 857 795 tes
874 733 941 812 (hoc
964 739 1040 796 enim
1057 737 1207 817 significat
1227 737 1302 796 boni
1326 742 1429 813 operis
1444 755 1509 812 po·

64 817 215 895 judicium
239 821 379 900 Quaeres
400 839 439 880 an
461 820 629 883 redditurus
646 825 682 881 sit
696 824 760 882 uni·
811 826 942 896 tientio,
967 823 1083 884 Graece
1107 816 1258 900 ὑπομονὴ,
1291 824 1510 887 vocabulum.a

67 907 168 986 cuique
183 905 351 965 secuudum
376 908 475 965 omnia
498 909 563 986 ejus
586 928 678 988 opera
700 917 762 969 tam
812 911 964 989 superiore
987 907 1149 984 diversum)
1172 910 1345 988 gloriamsi
1367 911 1510 969 honorem

67 991 138 1051 bona
152 1011 247 1072 quam
266 992 353 1051 mala
376 994 574 1069 Respondeo,
598 995 759 1055 secuudum
811 995 891 1075 apud
906 996 1003 1056 Deum
1020 1005 1110 1077 atque
1126 999 1156 1055 in
1172 997 1248 1068 Deo,
1272 995 1508 1074 etincorruptio·

67 1079 159 1137 omnia
174 1079 266 1151 bona,
286 1098 366 1159 quae
381 1100 441 1138 nou
457 1081 646 1140 invenientur
660 1084 760 1141 morti·
812 1104 887 1154 nem,
904 1082 933 1141 id
948 1091 994 1142 est
1006 1082 1256 1142 immortalitatem
1268 1089 1428 1161 quaerunt3
1443 1081 1509 1141 red·

65 1165 164 1223 heau:
181 1175 214 1224 et
225 1163 387 1224 secuudum
400 1167 499 1225 omnia
510 1167 596 1239 mala,
613 1187 691 1246 qnae
703 1189 762 1229 non
812 1169 862 1229 det
877 1169 961 1229 Deus
976 1172 1067 1228 vitam
1091 1177 1251 1227 aeternam.
1283 1168 1373 1227 Hunc
1387 1187 1507 1227 sensum

66 1251 254 1311 invenientur
275 1251 406 1310 remissa.
429 1251 506 1311 Num
523 1262 553 1311 et
568 1254 621 1313 illa
642 1256 762 1314 mortifi-
811 1255 967 1335 perbibent
1008 1254 1170 1334 Origenes,
1209 1253 1440 1333 Chrysostomus
1477 1262 1510 1313 et

65 1344 127 1394 cata
143 1345 174 1396 et
190 1337 269 1396 haec
280 1339 404 1397 remissa
416 1339 459 1397 sic
470 1338 657 1399 habebuntur
668 1343 699 1400 iu
710 1342 762 1401 illo
812 1342 1068 1421 Theophylactus.

61 1422 181 1500 judicio,
206 1432 350 1503 tauquam
366 1422 447 1484 facta
461 1445 610 1506 nunquam
625 1426 761 1487 fuissent.
855 1430 937 1488 Atei
953 1450 1019 1488 curu
1035 1427 1237 1506 sequentibus,
1260 1445 1365 1486 seusus
1385 1434 1445 1486 est:
1466 1425 1509 1486 Iis

65 1508 168 1569 Omnia
191 1508 315 1589 quidem
338 1530 460 1589 prorsus
484 1520 514 1570 et
531 1513 609 1571 boue
632 1522 661 1572 et
676 1514 762 1586 mala,
813 1517 864 1594 qui
885 1524 1082 1594 perseverant
1104 1516 1134 1573 in
1156 1511 1333 1584 benefactis,
1357 1522 1448 1572 etex
1472 1512 1508 1572 iis

65 1615 271 1676 quaecumque
293 1598 359 1677 quis
380 1595 502 1670 fecerit,
524 1600 554 1657 in
577 1597 629 1658 illo
648 1599 761 1678 judicio
813 1611 961 1680 quaerunt
975 1602 1064 1661 vitam
1081 1608 1239 1672 aeternam,
1263 1600 1368 1659 reddet
1382 1600 1510 1678 gloriam

65 1682 253 1761 proferentur
269 1684 299 1743 in
315 1683 422 1752 lucem,
438 1691 468 1742 et
482 1679 526 1759 (ut
537 1685 664 1744 humano
681 1706 761 1745 more
813 1697 843 1747 et
857 1688 999 1747 honorem
1020 1696 1048 1746 et
1067 1688 1323 1765 incorruptionem,
1345 1685 1376 1745 id
1399 1693 1445 1746 est
1465 1685 1508 1764 ip·

66 1765 180 1850 loqnar)
205 1770 335 1829 examini
356 1769 566 1849 subjicientur:
589 1772 643 1831 sed
660 1792 761 1832 omnes
813 1795 874 1832 sam
890 1776 981 1834 vitam
998 1783 1156 1834 aeternam.
1181 1774 1230 1832 Sic
1246 1772 1310 1832 fere
1322 1773 1423 1832 Latini
1434 1781 1509 1831 trac·

64 1865 120 1914 tam
133 1855 283 1916 bonorum
299 1857 488 1929 cassatioues,
511 1878 599 1938 quarn
620 1858 763 1918 malorum
812 1870 922 1921 tator-es
946 1868 1116 1939 exponunt,
1140 1868 1171 1917 et
1194 1879 1259 1918 curn
1282 1860 1329 1918 his
1345 1857 1509 1938 Gregorius

67 1944 253 2002 remissiones
269 1961 304 2001 ac
319 1942 482 2002 solutiones
497 1954 586 2004 antea
602 1944 708 2018 factas,
730 1947 762 2005 in
811 1949 962 2007 Romanus
978 1948 1044 2006 loco
1068 1965 1157 2024 supra
1173 1947 1277 2005 citato:
1300 1965 1336 2003 ac
1351 1953 1510 2024 praeterea

66 2029 194 2088 rationes
206 2029 441 2108 imputabuntur.
454 2027 542 2089 Circa
550 2031 676 2091 eandem
685 2033 762 2090 hanc
812 2033 944 2093 Graecus
956 2031 1163 2104 Oecumenins,
1176 2035 1225 2112 qui
1240 2039 1365 2092 annotat
1376 2031 1509 2093 hocloco

66 2126 176 2193 partem
191 2114 232 2174 ab
248 2114 380 2194 Hugone
396 2115 549 2177 Victorino
573 2125 687 2196 septem
702 2138 761 2176 mo·
813 2120 1000 2199 hyperbaton
1022 2138 1094 2178 esse.

65 2210 169 2263 rentur
191 2201 454 2282 quaestiunculae,
481 2223 604 2283 quarum
629 2204 761 2282 explica·
853 2207 940 2265 Haec
952 2207 1097 2285 expositio
1106 2205 1273 2282 germanior
1285 2204 1370 2264 uobis
1378 2203 1507 2263 videtur.

66 2288 171 2348 donem
186 2289 241 2369 qui
258 2287 342 2349 volet
357 2287 395 2347 ab
412 2288 474 2368 ipso
490 2299 614 2368 repetat.
811 2291 961 2353 Convenit
983 2294 1061 2352 enirn
1082 2310 1149 2348 cum
1172 2310 1207 2349 eo
1230 2290 1310 2370 qnod
1332 2291 1421 2368 paulo
1441 2297 1511 2369 post

106 2377 134 2432 7.
158 2375 205 2434 lis
221 2375 359 2451 quidem,
377 2377 432 2451 qni
446 2378 617 2441 secundum
630 2380 761 2453 potien·
810 2378 932 2439 dicitur:
958 2378 1069 2440 Gloria
1091 2383 1197 2435 autern
1220 2384 1248 2435 et
1271 2379 1374 2436 honor
1390 2384 1419 2436 et
1437 2394 1508 2452 pos

68 2465 143 2520 tium
158 2461 237 2522 boni
257 2464 372 2538 operis,
394 2460 533 2535 eloriom
557 2471 585 2522 et
607 2466 760 2523 honorem
811 2467 897 2525 omni
914 2467 1061 2541 operanti
1077 2464 1203 2523 bonurn.
1229 2464 1401 2522 Notandum
1416 2464 1508 2522 estin

67 2555 93 2605 rt
106 2550 386 2625 incorruptionem
402 2554 691 2625 eenamcenam
706 2570 760 2610 oe·
810 2553 963 2632 scripturis
984 2552 1111 2630 gloriam
1128 2558 1155 2608 et
1172 2549 1313 2609 honorem
1333 2568 1424 2628 saepe
1439 2569 1507 2609 oon·

66 2643 196 2694 ternam.
213 2632 274 2693 Pro
290 2643 451 2711 φιαενυηί
465 2636 623 2714 legendum
635 2636 762 2696 arbitror
804 2640 901 2718 jungi.
926 2638 1070 2717 Quamvis
1087 2637 1164 2695 enim
1180 2636 1325 2708 differant,
1347 2635 1428 2715 quod
1445 2635 1508 2715 glo·

65 2720 295 2797 quaerentibus.
318 2721 368 2780 Sic
384 2721 462 2780 enim
473 2722 585 2783 habeut
599 2742 700 2783 omnes
713 2743 759 2782 co·
808 2727 853 2784 ria
868 2726 905 2785 sit
915 2724 1058 2804 frequens
1070 2721 1108 2780 de
1119 2723 1218 2802 aliquo
1230 2722 1311 2781 forna
1324 2743 1389 2782 curu
1400 2722 1505 2797 laude3

66 2807 232 2881 dicesmss,
243 2827 319 2889 quos
331 2805 446 2885 babere
459 2816 510 2868 aut
521 2808 625 2871 ridere
636 2811 761 2888 contigit
808 2811 901 2870 honor
924 2820 1021 2871 autern
1043 2810 1243 2869 testimonium
1263 2811 1397 2870 virtutis:
1421 2811 1452 2868 iu
1468 2829 1505 2868 co

66 2893 225 2955 Francisco
240 2892 342 2954 Lucae
355 2892 686 2973 diligentissimoverae
700 2896 759 2955 lec·
808 2907 908 2957 tamen
932 2898 1123 2967 conveniunt,
1146 2895 1227 2975 quod
1248 2899 1391 2956 virtutum
1414 2913 1505 2975 opera
1533 2916 1537 2921 ·

65 2981 150 3040 tionis
164 2982 195 3040 in
212 2979 313 3042 bibliis
324 2980 466 3059 vulgatae
480 2984 624 3042 versionis
637 2982 758 3063 indaga·
809 2986 950 3065 consequi
962 2986 1085 3044 soleant
1103 2982 1191 3042 Unde
1202 2986 1305 3042 merito
1317 2984 1507 3042 nominantur

65 3068 126 3126 rori.
171 3067 239 3128 iseo
261 3085 349 3126 secus
372 3066 476 3145 legunt
497 3069 634 3150 plerique
657 3088 760 3128 omnes
809 3071 883 3130 haec
899 3070 966 3142 duo,
989 3071 1040 3131 ubi
1056 3070 1093 3129 de
1111 3071 1348 3129 remuneratione
1363 3070 1506 3128 virtutum

64 3153 151 3231 hujus
173 3153 321 3234 epistolae
343 3153 445 3215 Latini
467 3157 669 3235 expositores,
700 3164 759 3214 tam
809 3177 844 3216 ac
858 3156 1001 3217 bonorum
1017 3175 1139 3237 operum
1155 3157 1261 3233 agitur.

63 3250 182 3301 veteres
190 3260 281 3321 quam
287 3243 472 3314 recentiores,
482 3242 663 3321 suffragante
671 3243 760 3301 etiam
852 3245 880 3302 8.
900 3245 944 3305 Iis
956 3251 1072 3317 autem,
1086 3245 1142 3317 qni
1157 3249 1231 3300 sunt
1242 3260 1280 3301 ec
1292 3245 1504 3316 contentione,

63 3337 145 3387 textu
157 3328 398 3387 commentatoris
410 3327 558 3388 Ambrosii
570 3338 601 3389 et
613 3328 759 3407 Gregorio
809 3337 838 3389 et
853 3335 908 3407 qui
920 3350 987 3391 non
999 3331 1201 3405 acquiescunt
1213 3332 1353 3402 venturi,
1372 3329 1506 3388 madunt

63 3413 111 3474 lib.
127 3416 181 3475 28.
198 3414 273 3475 Mor.
297 3433 362 3495 cap.
381 3416 409 3474 6.
439 3413 579 3495 Denique
601 3415 759 3475 lectionem
808 3424 915 3476 autem
940 3418 1108 3492 iniquitati
1115 3458 1124 3490 ,
1160 3416 1212 3472 iro
1246 3422 1275 3473 ct
1311 3416 1504 3490 indiqnotio.

63 3502 138 3563 banc
166 3501 287 3562 omnino
318 3499 451 3580 postulat
477 3499 611 3561 Graecus
637 3509 759 3561 contex·
808 3504 921 3582 Supplo
946 3523 981 3563 ex
1005 3501 1215 3580 superioribus,
1237 3501 1379 3561 reddetur
1393 3522 1412 3560 a
1427 3502 1504 3561 Deo.

61 3598 121 3649 ωε
145 3586 220 3647 licei
239 3585 351 3667 &lioqui
379 3586 470 3646 dictio
496 3587 612 3648 Graeca
634 3584 759 3664 ζητοῦσι
808 3590 932 3649 Poterat
947 3591 975 3648 in
993 3588 1101 3647 Latino
1126 3588 1244 3645 retineri
1260 3586 1339 3647 idem
1363 3588 1504 3647 verbum:

61 3674 202 3754 ambigua
214 3675 253 3734 sit
263 3672 303 3732 ad
314 3673 439 3735 verbnm
447 3675 677 3755 etparticipiuur.
694 3674 759 3732 Nee
809 3680 946 3752 quinon
969 3675 1103 3735 credunt
1125 3677 1262 3746 centuli,
1288 3674 1422 3734 credunt
1442 3693 1505 3733 au·

61 3759 157 3821 obstat
172 3759 334 3820 relativum
348 3763 414 3835 qui,
431 3759 510 3842 quod
522 3762 552 3819 iu
564 3760 681 3820 Graeco
699 3781 759 3820 nou
808 3770 869 3821 tem
884 3764 1068 3839 iniquitati:
1091 3769 1123 3819 ut
1138 3767 1309 3819 servaretur
1330 3761 1436 3820 allusio
1452 3781 1503 3819 vo·

61 3854 118 3920 est,
149 3853 235 3909 recte
257 3855 358 3906 tamen
380 3849 512 3925 positum
534 3847 572 3906 ab
596 3848 759 3926 interprete
808 3869 874 3907 cunr
890 3869 966 3930 quae
980 3851 1011 3909 in
1028 3847 1143 3907 Graeco
1160 3855 1215 3918 est,
1240 3838 1412 3922 ἀπειθοῦσι,
1437 3862 1505 3903 πει·

60 3942 169 3995 nostro.
193 3932 275 3993 Nam
289 3931 465 3993 subauditur
480 3933 605 3992 verbum
621 3933 757 3993 substan·
808 3925 958 4010 θομένοις.
981 3938 1136 3994 Ετειεωιιεε
1157 3936 1217 4012 Qui
1232 3937 1361 3992 veritati
1378 3933 1504 4009 quidem

59 4022 146 4080 tirum
180 4023 223 4080 iic
244 4019 373 4097 quidem
408 4022 462 4095 qui
488 4026 563 4079 eunt
584 4020 758 4079 secundum
807 4040 875 4080 non
891 4021 1121 4097 obtemperant,
1146 4019 1201 4078 sed
1216 4021 1435 4098 obtemperant
1449 4023 1503 4078 in-

57 4111 250 4183 patientiam
266 4105 341 4166 boni
356 4109 469 4182 operia,
492 4108 567 4165 sicut
583 4126 757 4185 expressum
802 4110 956 4181 jnstitioe.
980 4109 1073 4167 Porro
1097 4127 1201 4166 sensns
1226 4115 1285 4164 est:
1307 4106 1350 4166 Iis
1365 4126 1436 4166 vero
1453 4107 1504 4187 qui

58 4192 185 4257 babetur
211 4194 243 4253 in
270 4193 367 4252 altera
390 4199 476 4271 parte
498 4194 679 4253 sententiae:
703 4195 758 4268 qui
807 4196 982 4254 contentiosi
1005 4204 1080 4265 snut,
1104 4213 1160 4253 uec
1175 4194 1369 4274 acquiescunt
1383 4193 1504 4253 veritati

59 4289 130 4340 nnc
146 4300 185 4343 ex
200 4282 414 4340 contrictione.
807 4280 936 4353 divinae,
960 4279 990 4338 id
1007 4290 1053 4341 est
1068 4280 1226 4358 evaugelio
1243 4281 1299 4339 sihi
1315 4281 1503 4350 annunciato,

99 4369 168 4429 Hac
191 4367 284 4448 igitur
301 4364 432 4427 lectione
454 4366 620 4436 constituta,
644 4365 756 4445 duplex
807 4369 871 4427 sire
888 4365 1040 4426 credenda
1062 4376 1179 4446 spectes
1204 4367 1268 4425 sive
1290 4367 1425 4444 agenda:
1449 4365 1502 4426 sed

60 4455 300 4533 cstistiuapartis
309 4453 468 4533 expositio,
478 4460 566 4532 prout
576 4451 648 4510 illud
659 4471 756 4528 quoc-
806 4455 901 4531 magis
917 4455 1032 4533 eligunt
1047 4453 1176 4525 credere,
1200 4452 1229 4511 id
1250 4461 1297 4512 est
1310 4455 1503 4537 acquiescere

61 4542 199 4604 rentibrss
213 4540 266 4601 rel
280 4539 321 4600 ad
332 4538 549 4621 praecedentes
561 4539 755 4610 accusativos,
807 4549 836 4599 et
852 4539 1015 4600 adhaerere
1031 4541 1205 4619 injustitiae,
1226 4549 1256 4599 et
1271 4539 1422 4613 doctrinis,
1438 4540 1501 4619 qui·

59 4629 106 4688 vel
119 4627 160 4688 ad
174 4635 340 4708 sequentes
351 4624 458 4687 referri
472 4633 580 4706 potest
598 4626 685 4705 Quae
696 4647 756 4686 am-
806 4627 861 4685 bus
877 4629 989 4705 injusta
1004 4636 1033 4685 et
1048 4634 1185 4706 corrupta
1201 4628 1265 4685 vita
1280 4626 1433 4687 foveatur:
1457 4628 1502 4698 iis,

60 4715 294 4799 pbiooliaaeque
305 4711 533 4781 estluGraeco.
548 4713 756 4796 Sicumprae-
805 4715 941 4797 inquam,
963 4714 1145 4779 retribuetur
1165 4733 1185 4775 a
1206 4715 1291 4800 justo
1308 4713 1413 4799 judice
1434 4713 1502 4781 Doo
