3254 5190
138 317 208 384 118

649 308 884 364 COMMENTARIUS
896 309 929 363 lii
938 310 1004 363 Cll’.
1019 310 1047 362 l.

135 483 173 543 de
188 483 285 543 Adam
298 492 328 543 et
340 484 461 545 Christo
473 483 613 556 diximus,
626 486 729 564 liquet,
743 484 832 563 quod,
878 486 957 545 hunc
972 485 1092 545 modum
1107 486 1265 564 accipitur,
1282 503 1319 544 ne
1334 482 1467 565 quidem,
1485 483 1513 541 si
1528 480 1580 542 ad·

135 572 213 629 sicut
226 590 280 650 per
295 571 385 630 unius
401 570 488 630 Adae
511 571 748 631 inobedientiam
771 592 832 631 ma·
880 572 942 645 das,
961 575 1053 632 vitoe.

135 657 197 715 lum
212 676 265 716 seu
284 665 441 735 peceatum
456 667 654 738 propagatum
670 668 714 717 est
730 661 760 716 in
773 679 831 717 om·
922 661 1035 718 Rursus
1052 660 1123 728 alii,
1139 668 1171 716 ut
1186 657 1444 717 universalitatem
1459 662 1584 714 servent

135 764 189 803 nes
205 741 338 802 homines
354 763 391 803 ex
409 743 460 802 illo
476 746 611 823 genitos,
638 745 759 804 trahens
782 763 833 804 eos
881 744 1006 804 eandem
1022 748 1053 805 in
1069 755 1198 824 utroque
1212 744 1359 814 membro,
1370 744 1521 823 posterius
1537 741 1582 799 sic

137 829 175 888 ad
203 829 477 889 condemnationem
503 834 623 902 mortis,
657 832 699 889 ita
725 839 755 889 ot
782 850 835 909 per
881 842 1056 910 exponunt:
1074 833 1231 910 peronius
1243 831 1390 908 justitiam
1406 848 1512 889 omnes
1528 826 1577 886 ho·

137 918 224 975 unius
242 914 353 975 Christi
366 918 526 996 justitiam,
552 918 583 977 id
610 925 670 990 cst,
687 920 787 996 justas
805 923 836 975 et
882 921 976 978 mines
988 920 1154 996 justificati,
1166 926 1312 997 quantum
1325 917 1363 975 erl
1375 914 1584 975 sufficientiam

138 1013 257 1061 sanctas
274 1004 340 1080 ejus
355 1005 507 1075 actiones,
523 1025 557 1062 ac
573 1005 749 1063 nominatim
766 1004 834 1062 obe·
883 1008 1000 1066 attinet.
1024 1006 1083 1065 Sed
1102 1005 1203 1063 etheo
1225 1013 1342 1082 praeter
1356 1011 1488 1062 mentem
1503 1001 1584 1078 Apo·

138 1087 297 1161 dientiam,
324 1109 383 1168 qua
407 1092 486 1169 patri
509 1090 645 1150 obedivit
673 1109 769 1169 usque
797 1089 836 1148 ad
884 1094 968 1165 stoli,
991 1093 1045 1170 qui
1066 1099 1223 1169 comparat
1245 1089 1387 1149 delictum
1411 1087 1502 1146 Adae
1518 1105 1585 1144 cum

134 1176 278 1247 mortem,
299 1174 408 1236 bonum
425 1197 479 1236 seu
503 1179 602 1254 gratia
624 1177 778 1255 pervenit,
805 1184 836 1234 et
880 1180 1000 1256 justitia
1012 1177 1125 1237 Christi
1138 1185 1280 1257 quantum
1292 1174 1584 1235 adeffectusutrius·

139 1262 228 1340 quasi
243 1273 427 1340 propagatur
444 1265 474 1321 in
491 1283 592 1322 ornnes
613 1264 761 1336 homiues,
785 1264 837 1342 qui
884 1285 959 1345 que,
988 1285 1048 1322 non
1072 1272 1215 1343 quantum
1240 1261 1279 1351 qd
1302 1281 1458 1323 causarum
1476 1258 1585 1318 suffici·

139 1357 207 1407 sunt
222 1367 259 1406 ex
281 1357 367 1426 perte
389 1349 517 1419 Christi,
539 1349 576 1408 ed
600 1348 782 1408 efficiendam
808 1351 837 1406 in
886 1353 1005 1411 entiam.

140 1435 185 1494 eis
202 1435 369 1513 justitiam,
392 1455 452 1515 qun
475 1434 730 1515 perducanturad
746 1438 838 1495 vitam
930 1437 1019 1515 Quod
1047 1438 1072 1495 si
1098 1436 1147 1494 cui
1175 1436 1272 1493 minus
1302 1435 1404 1513 placet
1433 1431 1584 1511 expositio

141 1529 310 1596 aeternam3
337 1540 373 1580 ac
396 1524 421 1582 si
437 1521 578 1594 dixisset,
595 1523 632 1581 nd
645 1522 837 1600 justificatio·
887 1525 963 1602 signi
979 1522 1174 1593 universalis,
1197 1541 1287 1600 quam
1303 1520 1455 1587 dedimus,
1479 1518 1588 1598 poterit

141 1627 210 1666 nem
226 1608 349 1667 vitalem
365 1627 418 1667 seu
432 1609 591 1668 vivificem.
604 1609 690 1679 Dixi,
705 1611 852 1671 nomina,
887 1610 1002 1680 dicere,
1026 1629 1079 1687 per
1103 1627 1210 1667 omnes
1238 1609 1381 1667 homines
1402 1609 1433 1665 in
1454 1614 1585 1683 utroque

143 1695 196 1753 tim
223 1693 438 1767 obedientium,
464 1697 537 1774 quia
558 1696 635 1753 hanc
656 1697 788 1754 nominat
807 1696 839 1753 in
886 1697 1017 1756 membro
1035 1695 1160 1772 intelligi
1175 1712 1271 1772 genus
1283 1694 1451 1762 humanum,
1466 1712 1529 1750 non
1541 1698 1584 1748 ta·

142 1788 228 1860 parte
244 1782 401 1858 sequenti».
887 1804 954 1841 men
977 1782 1082 1841 eadem
1105 1780 1301 1859 amplitudine
1328 1788 1506 1858 acceptum,
1531 1774 1586 1835 sed

186 1867 280 1926 Porro
306 1869 423 1945 signum
449 1868 633 1940 universale,
657 1886 781 1942 11111111,
809 1856 839 1925 in
883 1872 975 1947 juxta
995 1888 1059 1927 rem
1079 1868 1255 1943 subjectam.
1283 1866 1321 1927 In
1344 1868 1436 1945 priori
1460 1863 1586 1944 quidem

143 1962 271 2032 utroque
287 1954 420 2012 membro
435 1955 579 2033 positum,
596 1975 655 2013 non
672 1973 773 2014 omnes
790 1973 838 2011 co·
887 1955 1018 2015 membro
1040 1954 1131 2032 plane
1158 1953 1355 2033 generaliter,
1380 1952 1524 2033 quoniam
1548 1948 1590 2008 ibi

144 2039 210 2099 dem
237 2039 324 2098 modo
355 2049 519 2118 exponunt.
552 2040 692 2118 Pelagius
720 2040 839 2119 quidem
888 2063 983 2102 sermo
1000 2049 1046 2100 111
1061 2041 1099 2100 de
1114 2048 1238 2119 parente
1261 2044 1353 2100 totius
1375 2039 1513 2119 generis,
1536 2054 1591 2114 per

144 2135 248 2186 neutro
256 2127 321 2185 loco
330 2128 396 2185 vult
407 2125 730 2206 universaliteruccipi.
738 2130 839 2187 Num·
888 2149 976 2209 quem
992 2147 1070 2186 mors
1087 2129 1117 2185 in
1132 2147 1236 2186 omnes
1254 2129 1373 2187 invecta
1395 2128 1460 2185 sine
1477 2140 1589 2200 excep·

144 2213 239 2290 quid,
255 2213 361 2292 iuquit,
383 2216 514 2290 iniquus
534 2215 621 2273 Deus
628 2258 638 2287 ,
664 2218 718 2290 qut
740 2215 840 2288 insert
888 2218 976 2275 tione.
1000 2215 1037 2272 ln
1053 2215 1210 2292 posteriori
1226 2222 1328 2275 antem
1343 2211 1514 2273 secundum
1528 2227 1589 2267 mo·

144 2301 251 2360 irum?
267 2301 362 2360 Absit.
379 2299 544 2379 Quornodo
556 2308 661 2375 potest
676 2300 840 2359 1111111111·
888 2302 958 2360 dum
973 2300 1127 2380 loquendi,
1142 2320 1202 2380 quo
1218 2319 1311 2382 saepe
1326 2302 1420 2361 utitur
1431 2299 1589 2376 scriptura,

145 2387 218 2446 licto
234 2387 325 2447 Adue
341 2405 451 2446 omncs
461 2389 602 2446 bom-ines
614 2387 839 2460 condemnare,
888 2389 990 2448 dicens
1007 2405 1108 2446 omnes
1120 2387 1266 2457 homines,
1283 2408 1373 2468 quum
1381 2385 1447 2445 vult
1458 2380 1591 2459 intelligi

145 2492 216 2533 cunr
240 2493 296 2533 nec
316 2476 414 2532 unius
437 2475 552 2535 Christi
575 2477 703 2546 ,iustitia
734 2491 841 2532 ornnes
888 2476 1001 2554 passim
1024 2473 1148 2547 multos,
1178 2482 1211 2532 ut
1230 2476 1303 2534 Luc.
1327 2476 1371 2532 6.;
1401 2474 1466 2531 Vae
1491 2468 1589 2540 vobis,

145 2561 287 2620 homines
304 2561 471 2636 justificati
486 2561 573 2617 sint?
596 2561 711 2621 Omnes
734 2566 839 2617 autern
890 2580 960 2621 cunr
978 2562 1195 2620 benedixerint
1213 2562 1298 2620 uobis
1313 2577 1421 2619 ornnes
1436 2558 1590 2615 homines.

147 2647 262 2720 dicens,
278 2665 346 2706 non
361 2648 552 2721 generaliter
564 2646 650 2720 dicit,
663 2647 716 2706 sed
727 2650 842 2704 nnius-

147 2737 296 2809 cuiusque
310 2736 413 2808 portis
427 2731 841 2807 significatmultitudinem.

147 2819 232 2878 Haec
246 2819 298 2878 ille
314 2818 462 2879 haeretico
477 2838 575 2894 sensu,
591 2838 653 2897 quo
669 2827 760 2898 negat
774 2839 842 2899 pcc-

148 2914 246 2965 catum
262 2907 419 2985 originale.

192 2991 322 3070 Quidam
334 2995 502 3053 neotericus
517 2992 777 3054 universalitatem
793 3014 844 3070 po-

148 3080 271 3139 steriore
285 3078 351 3139 loco
367 3083 410 3140 sic
425 3081 592 3158 restringit:
608 3084 643 3139 in
660 3100 767 3140 omnes
788 3082 844 3138 bo·

148 3169 257 3241 mines,
273 3169 419 3244 sivetint,
444 3169 532 3246 quasi
543 3189 603 3227 non
616 3176 646 3225 et
657 3166 844 3246 ipsnmvelle

149 3255 189 3311 sit
203 3273 277 3332 opus
293 3257 408 3332 gratiae
424 3254 553 3328 Christi,
569 3255 664 3313 Paulo
681 3262 844 3313 attestante

149 3339 281 3420 Philipp.
299 3345 342 3401 2:
366 3345 453 3403 Deus
476 3349 535 3415 est,
557 3344 612 3418 qui
636 3348 788 3416 operatur
809 3344 845 3400 in

150 3428 235 3487 vobis
250 3428 338 3487 velle.
350 3428 480 3488 Proinde
495 3429 645 3488 restrictio
664 3427 844 3507 hujusmodi,

148 3535 239 3594 quam
266 3535 320 3574 nec
349 3514 429 3593 apud
456 3514 546 3573 elium
569 3534 750 3595 quemquam
773 3515 843 3593 legi,

101 3606 106 3617 '
148 3621 269 3679 prorsus
286 3600 482 3679 improbanda
498 3611 551 3660 est.

192 3687 280 3747 Alius
297 3687 419 3766 quidam
431 3687 476 3747 vir
496 3687 601 3747 doctus
620 3689 782 3766 utrobique
793 3687 844 3746 ab·

149 3775 278 3834 solutam
292 3774 549 3835 universalitatem
565 3775 713 3854 intelligit,
730 3773 784 3833 sed
796 3776 842 3853 ju·

147 3862 353 3922 stificationem
368 3863 449 3920 vitae
464 3862 677 3940 interpretatur
699 3881 844 3921 resurrec-

148 3950 258 4008 tionem
287 3946 326 4006 ad
354 3949 466 4020 vitam,
496 3968 574 4027 quae
601 3949 765 4007 communis
791 3948 845 4006 erit

148 4037 239 4094 etiam
265 4035 366 4106 malis,
388 4034 521 4112 allegans
545 4035 671 4095 alterum
694 4034 782 4092 Pauli
802 4035 843 4092 lo·

148 4141 229 4193 cum,
256 4120 337 4180 velut
362 4120 496 4198 ejusdem
513 4141 580 4180 cum
596 4124 652 4181 isto
669 4122 842 4192 sententiae,

146 4228 184 4268 ex
214 4214 228 4267 1
255 4206 322 4267 Cor.
346 4208 409 4266 15.:
434 4209 521 4267 Sient
543 4212 578 4267 in
603 4209 707 4267 Adane
735 4225 843 4265 11111111

146 4299 349 4369 moriuntur,
370 4297 417 4352 ito
435 4297 513 4352 etin
530 4296 653 4355 Christo
669 4312 776 4353 ornnes
795 4296 842 4353 oi·

147 4381 368 4456 videndentur.
392 4381 451 4441 Sed
477 4373 600 4440 istorum
617 4380 774 4439 verborum
789 4399 840 4439 ve·

144 4489 206 4527 ram
238 4469 468 4545 intelligentiam
499 4487 552 4526 suo
584 4468 650 4526 loco
681 4467 841 4538 trademus,

890 2650 956 2708 Aet.
974 2650 1038 2706 22:
1055 2649 1130 2707 Eris
1146 2651 1229 2707 testis
1244 2650 1330 2706 illius
1346 2646 1389 2705 od
1406 2642 1590 2703 1111111111-

891 2739 996 2795 mines.
1020 2734 1133 2794 Coloss.
1160 2740 1201 2792 1.:
1225 2736 1442 2808 Corripientes
1464 2744 1591 2788 omnem

890 2825 1062 2895 bominem,
1080 2829 1108 2879 et
1124 2822 1268 2880 docentes
1280 2837 1405 2880 orrnem
1416 2817 1591 2875 bominem.

891 2910 933 2967 Et
948 2909 1009 2966 Tit.
1028 2912 1071 2967 2:
1100 2912 1263 2983 Apparuit
1277 2909 1384 2982 qratia
1400 2904 1463 2964 Der·
1479 2901 1591 2960 salva·

892 2997 968 3054 toris
984 2998 1085 3052 nostri
1102 2992 1458 3062 (111111111111111111111111,
1483 2987 1514 3046 id
1536 2993 1593 3056 est,

891 3082 992 3160 generi
1007 3081 1144 3139 humano.
1168 3080 1258 3159 Quod
1282 3079 1372 3150 alias,
1396 3074 1487 3137 simili
1509 3073 1591 3132 locu·

891 3169 987 3237 tione,
1003 3168 1188 3244 significatur
1203 3168 1323 3227 nomine
1336 3162 1457 3231 mundi,
1478 3158 1532 3220 vel
1547 3167 1591 3218 to·

891 3256 951 3314 tius
966 3251 1075 3319 mundi,
1091 3264 1121 3312 ut
1139 3255 1228 3313 doun.
1246 3255 1290 3312 3.:
1307 3255 1358 3314 Sic
1374 3252 1460 3311 Deus
1479 3247 1592 3307 <tinxit

891 3341 1058 3413 mundum,
1075 3349 1105 3399 ct
1120 3341 1211 3419 hujus
1226 3338 1372 3419 epistolae
1385 3357 1451 3414 cap.
1471 3338 1514 3393 1.:
1531 3335 1591 3394 Ft'·

891 3429 944 3486 des
983 3434 1084 3485 cestra
1121 3431 1342 3488 annuntiatur
1370 3429 1406 3485 in
1436 3425 1589 3482 uniuerso

891 3513 1020 3573 arundo.

935 3601 983 3660 Sit
997 3601 1089 3678 igitur
1105 3600 1153 3659 hic
1169 3618 1275 3659 sensus
1297 3596 1482 3679 probabilis:
1507 3595 1593 3655 Sicut

891 3706 944 3765 per
969 3688 1057 3746 unius
1085 3686 1223 3745 delictum
1248 3687 1278 3746 in
1304 3704 1400 3766 genus
1427 3685 1592 3743 humanum

891 3773 1097 3833 condemnatio
1119 3774 1236 3843 mortis,
1259 3774 1301 3833 sie
1324 3793 1379 3851 per
1398 3771 1489 3830 unius
1501 3767 1593 3846 justi·

891 3862 962 3918 tiam
980 3862 1008 3918 in
1024 3880 1118 3937 genus
1135 3860 1294 3919 humanum
1307 3856 1486 3937 justificatio
1498 3855 1592 3915 vitae

890 3945 950 4005 Sed
968 3946 1126 4004 humanum
1142 3966 1236 4025 genus
1252 3947 1419 4024 distingue,
1443 3937 1593 4021 quemad·

890 4031 1008 4091 modum
1026 4031 1096 4093 dixi.

936 4122 983 4177 19.
1018 4122 1104 4178 Sicut
1137 4122 1219 4177 enim
1248 4137 1309 4193 per
1338 4117 1592 4178 inobedientium

889 4209 986 4264 nnius
1001 4208 1137 4264 bominis
1150 4212 1330 4280 peccatores
1341 4205 1506 4265 constituti
1518 4206 1593 4261 sunt

891 4292 991 4351 inulti.
1015 4293 1132 4351 Graeca
1146 4293 1267 4350 varient
1281 4293 1312 4351 in
1328 4310 1474 4368 persona,
1497 4300 1592 4346 κατε-

890 4371 1066 4454 στάθημεν,
1091 4380 1252 4437 constituti
1267 4397 1374 4437 sumus
1382 4399 1393 4453 ,·
1408 4377 1479 4444 alia,
1496 4389 1592 4432 κατε-

890 4460 1060 4540 στάθησαν,
1071 4466 1223 4525 constituti
1230 4475 1314 4539 sunt3
1327 4466 1406 4543 quod
1415 4464 1516 4541 magis
1524 4480 1592 4519 con·

144 4555 215 4613 huic
231 4564 310 4614 certe
325 4554 391 4613 loco
414 4573 520 4613 sensus
544 4552 596 4611 ille
618 4575 677 4613 nou
700 4553 756 4611 uisi
780 4554 841 4611 vio·
889 4553 976 4611 venit
991 4572 1058 4610 eum
1074 4560 1136 4611 tota
1152 4552 1233 4610 serie
1249 4552 1395 4610 sermonis
1411 4548 1563 4628 Apostoli.

144 4642 225 4701 lente
241 4642 374 4720 coepturi
391 4648 499 4718 potest.
524 4641 645 4699 Etenim
665 4639 840 4719 justificatio
932 4640 984 4697 Ite
1011 4647 1040 4698 et
1066 4657 1126 4713 per
1155 4639 1252 4697 unius
1281 4638 1494 4697 obeditionem
1511 4632 1591 4708 nott

143 4746 289 4808 nusquam
305 4729 335 4787 in
350 4727 521 4807 scripturis,
536 4727 595 4788 imo
611 4746 667 4787 nee
683 4734 780 4799 extra,
802 4725 841 4786 ad
888 4728 1121 4787 constituentur
1145 4724 1248 4784 multi.
1279 4724 1364 4785 Idem
1390 4723 1462 4786 aliis
1486 4718 1591 4784 vorbi·
