3254 5190
502 266 894 323 msromssnsosssos
916 266 1013 323 usas.
1032 269 1074 323 rr.
1456 267 1502 345 pq

55 447 91 509 ed
103 447 369 509 immadident.
395 443 457 507 Sed
472 446 546 526 qnia
560 445 760 526 praepositio·
807 443 904 524 nique
926 440 1155 525 quomodolibet
1169 438 1372 526 permittendo
1388 462 1424 506 tc
1438 458 1507 526 per-

55 535 146 599 alhus
167 526 214 611 to,
239 525 298 610 εἰς,
322 523 390 610 iai,
413 551 474 593 non
496 533 620 612 proprie
641 552 761 614 semper
808 531 930 591 mittere
952 531 1093 606 volendo,
1115 541 1150 591 ιιι
1166 533 1197 591 in
1220 534 1370 612 ejusmodi
1392 533 1507 592 malum

57 622 168 695 utitur,
198 619 258 682 sed
287 639 392 682 esrum
420 620 677 699 significationem
705 620 760 680 sli-
809 616 940 677 ineidat:
964 619 1082 695 sireis,
1105 619 1220 699 quisic
1242 619 1380 692 traditur,
1403 619 1508 701 aliquo

57 708 180 791 qundo
201 706 383 782 contundit,
414 715 450 766 ιιι
471 707 546 767 alibi
569 704 760 782 videbimus3
808 704 1013 786 praecedente
1022 714 1149 784 peceato
1162 706 1194 765 id
1205 708 1426 780 commeruerit,
1440 709 1509 766 sive

57 796 125 857 bine
160 795 220 856 alii
250 814 319 855 meo
345 792 468 873 judicio
496 793 626 867 rectius,
660 800 693 853 st
721 792 761 852 ad
808 811 877 850 non.
901 791 980 852 Nam
1002 795 1087 853 Dens
1119 793 1217 853 filium
1247 812 1336 854 suum
1366 796 1506 855 innoeen-

59 883 201 963 Apostoli
217 900 342 943 sensum
360 881 618 942 accommodatius
633 880 679 939 ita
693 898 760 940 ver·
809 879 960 938 tissimum
975 880 1005 938 in
1020 888 1147 940 mortem
1163 879 1298 954 tradidit,
1314 900 1371 941 nec
1386 882 1507 941 omnino

59 979 142 1030 tunt:
169 969 416 1030 drocassino
430 969 517 1030 Derss
532 966 762 1044 cupiditatibus
809 964 875 1024 tisri
897 973 997 1046 potest
1018 974 1053 1025 ut
1068 968 1137 1047 quis
1152 967 1282 1027 alterum
1298 968 1424 1042 occidat,
1447 968 1507 1026 nisi

58 1057 206 1118 cordium
251 1074 388 1119 morum
422 1055 466 1114 od
506 1054 760 1115 immunditiam.
809 1052 896 1112 Deus
919 1071 989 1112 eum
1012 1052 1116 1113 tradat
1130 1053 1160 1112 in
1183 1072 1291 1114 manus
1314 1054 1404 1127 illius,
1427 1062 1508 1116 teste

60 1142 206 1205 Ostendit
227 1151 342 1216 autem,
373 1143 405 1202 in
427 1158 507 1223 quae
531 1149 561 1202 et
584 1159 676 1221 quam
699 1149 760 1200 tur·
809 1138 983 1218 Augustino
999 1149 1116 1220 quaest.
1134 1143 1183 1202 79.
1200 1141 1230 1199 in
1246 1140 1343 1202 Exod.
1368 1143 1411 1202 Ει
1425 1138 1508 1220 quod

59 1231 109 1311 pia
128 1239 267 1311 peccata
281 1228 398 1289 iherint
411 1228 547 1308 prolapsi
562 1228 670 1288 merito
686 1246 761 1288 suae
810 1227 921 1285 attinet
943 1227 983 1288 ad
1005 1226 1201 1289 traditionem
1223 1227 1253 1288 in
1275 1237 1417 1308 peccata,
1446 1228 1507 1288 hle-

60 1316 296 1397 ingrntitudinis
323 1324 356 1376 et
382 1313 575 1376 idololatriae
602 1315 761 1377 memorati
809 1313 992 1389 clesiatieus,
1009 1314 1118 1394 utique
1129 1314 1240 1393 justus,
1259 1315 1360 1376 Deum
1375 1317 1419 1375 sie
1434 1323 1509 1389 crat,

59 1407 224 1484 sapientes
246 1404 342 1464 Recte
363 1422 436 1463 vero
453 1422 493 1463 ex
514 1403 571 1462 hoo
594 1402 763 1483 scripturae
810 1418 836 1459 c.
852 1401 903 1459 23.
927 1400 1160 1462 Eatollentr'om
1176 1401 1345 1462 oculorum
1358 1419 1507 1463 meorum

60 1492 135 1565 loeo,
149 1499 238 1552 etex
255 1490 326 1551 allis
340 1489 494 1551 similibus
510 1488 601 1550 docet
614 1488 761 1568 Angusti-
810 1506 850 1548 rso
873 1487 997 1548 dederis
1018 1489 1105 1548 mihi.
1143 1490 1185 1548 Et
1207 1489 1334 1548 iterum:
1368 1492 1507 1550 Animae

60 1599 126 1652 nus,
148 1579 271 1658 aliique
293 1585 365 1658 poet
387 1597 457 1637 eum
478 1575 645 1655 Theologi,
668 1594 761 1656 qnae·
810 1577 999 1636 irreverenti
1015 1576 1243 1653 etiafmaitee
1262 1595 1303 1636 rte
1318 1577 1434 1636 trador
1447 1594 1507 1636 me.

60 1666 129 1727 dem
163 1667 210 1726 sic
239 1683 308 1725 esse
340 1674 483 1744 peccata,
514 1674 551 1724 ut
576 1665 639 1724 sint
669 1663 762 1723 stiam
809 1664 873 1725 Imo
896 1662 1029 1722 omnium
1046 1663 1200 1742 Justorum
1215 1664 1394 1742 quotidiana
1412 1665 1508 1724 oratio

60 1771 177 1833 poenes
191 1760 398 1833 peccatorum.
426 1751 593 1831 Augustini
607 1749 676 1811 loca
692 1756 763 1810 sunt
811 1759 873 1810 est:
902 1748 949 1811 Ne
979 1765 1039 1810 nos
1065 1751 1204 1810 indueus
1229 1752 1507 1812 intentationem.

59 1840 112 1901 lib
135 1840 168 1899 5.
190 1848 298 1899 eontra
319 1838 481 1900 Julianum
510 1859 578 1919 csp.
605 1840 634 1898 3.
658 1847 690 1899 et
710 1836 762 1896 lib.
812 1834 905 1918 Quod
926 1835 1003 1916 quid
1025 1846 1071 1896 est
1091 1836 1191 1910 eliud,
1215 1855 1321 1916 quam,
1344 1856 1384 1899 ne
1406 1836 1507 1898 trades

60 1927 100 1988 de
120 1935 234 1987 natura
255 1934 290 1986 et
310 1927 411 2006 gratia
433 1945 499 2008 cap.
524 1928 573 1988 22.
597 1934 629 1987 et
650 1924 735 1984 alibi.
811 1944 865 1986 nos
887 1924 918 1983 in
941 1922 1163 1985 tentationem?
1186 1922 1291 2003 Quare
1315 1934 1347 1986 et
1360 1924 1418 1986 hoe
1440 1923 1508 1985 loco

101 2012 168 2075 Sed
188 2032 260 2073 eum
282 2013 383 2074 omnis
412 2031 511 2094 poena
538 2012 659 2094 peceati
682 2013 764 2072 sita
812 2032 872 2073 non
893 2019 1035 2089 putamus
1065 2012 1096 2071 in
1122 2011 1274 2070 vocabulo
1305 2013 1441 2072 tradidit
1463 2013 1507 2072 in-

59 2101 142 2173 Deo,
166 2102 265 2180 atque
287 2101 338 2160 hic
361 2100 455 2160 etiam
478 2119 621 2179 expresse
643 2098 763 2158 dicatur
812 2097 895 2159 cludi
927 2105 1099 2177 respectum
1132 2098 1266 2178 aliquem
1296 2098 1334 2158 ad
1367 2100 1508 2159 meritum

57 2190 150 2250 Deua
172 2186 322 2267 quosdam
353 2185 515 2247 tradidisse
541 2190 578 2247 in
607 2186 764 2246 desiderio
811 2184 929 2266 pseusti
949 2185 1169 2263 praecedentis.
1203 2184 1271 2243 Hoc
1287 2187 1367 2246 enim
1382 2187 1508 2246 seorsim

57 2273 168 2334 cordis
189 2291 303 2334 eorum
325 2276 362 2333 ia
384 2274 645 2347 immunditiam,
676 2280 708 2332 et
730 2279 765 2330 ιιι
812 2270 1000 2352 significatur
1022 2270 1137 2332 causali
1168 2270 1301 2331 dictione
1324 2275 1508 2352 praeposita,

56 2360 154 2442 paulo
189 2369 262 2440 post
293 2360 453 2441 sequitur,
489 2364 526 2423 irs
558 2362 764 2437 possessiones
808 2365 944 2436 propter
965 2359 1061 2434 quod,
1081 2365 1265 2434 propterea.
1294 2359 1338 2418 Ει
1352 2358 1431 2419 inira
1447 2359 1508 2419 illis

58 2449 282 2525 ι’φιοιηιπίαι,
314 2455 347 2506 et
368 2450 404 2507 trs
426 2448 598 2524 reprobam
620 2463 764 2507 sensum:
812 2444 930 2505 verbis:
960 2446 1049 2506 Sicut
1070 2462 1138 2506 nort
1157 2444 1381 2520 probaverant
1402 2448 1506 2507 Deum

57 2535 204 2616 quaestio
235 2542 298 2609 est,
328 2552 383 2592 eur
406 2553 444 2594 ex
466 2535 522 2594 hac
545 2533 683 2593 doctrina
704 2552 764 2592 non
811 2532 985 2592 habenis
1002 2535 1129 2592 notitia.
1155 2529 1351 2612 Quamquam
1369 2532 1508 2606 latemur,

56 2623 101 2680 sit
122 2638 319 2700 comaquem
341 2622 447 2681 Deum
473 2640 541 2681 esse
569 2631 764 2700 peecatorum
812 2618 864 2679 ubi
893 2619 1043 2697 scriptura
1072 2621 1115 2679 sic
1142 2619 1291 2698 loquitur,
1324 2618 1507 2698 plerumque

57 2720 92 2769 et
111 2706 312 2787 degitiornm,
335 2705 505 2785 cujusmodi
521 2707 571 2766 hie
585 2707 763 2779 referuntur,
813 2724 979 2767 sermonem
1010 2725 1077 2767 esse
1107 2704 1145 2766 de
1167 2705 1332 2765 traditione
1361 2725 1442 2786 quae
1472 2705 1508 2767 lit

56 2804 210 2855 autorem.
235 2793 328 2873 Quod
351 2813 390 2853 cx
411 2793 459 2854 his
475 2802 569 2873 atque
583 2794 654 2854 aliis
669 2794 762 2872 scrip·
812 2791 850 2852 ob
873 2790 994 2871 culpam
1008 2791 1247 2871 praecedentem.
1270 2792 1318 2852 Its
1332 2792 1507 2872 Stephanus

57 2883 141 2942 orris
176 2889 312 2942 statuere
343 2881 445 2940 eonati
472 2888 545 2940 sunt
576 2888 698 2942 veteres
727 2898 763 2939 ac
812 2880 881 2938 Aet.
900 2882 927 2938 7.
952 2879 990 2939 de
1012 2878 1082 2938 siliis
1103 2878 1206 2952 Israel,
1230 2880 1284 2959 qui
1299 2880 1432 2940 vitulum
1448 2879 1508 2941 sibi

56 2970 134 3027 novi
158 2966 321 3038 haeretici,
348 2985 410 3027 non
432 2968 498 3027 sine
521 2967 628 3045 grandi
651 2967 764 3046 injuria
812 2966 852 3025 ad
875 2965 990 3024 cultum
1012 2975 1188 3026 erexerant:
1218 2968 1262 3028 Et
1283 2967 1422 3026 tradidit
1444 2983 1506 3042 eos,

58 3054 307 3134 “blasphemia
316 3053 349 3112 in
359 3054 468 3115 Deum.
491 3053 570 3112 Nam
586 3062 619 3113 et
633 3053 763 3133 Aposto·
810 3053 924 3131 inquit,
956 3057 1076 3113 servire
1107 3054 1246 3113 militiae
1275 3054 1368 3129 coeli,
1399 3061 1434 3112 ιιι
1462 3055 1508 3112 ni·

58 3140 164 3201 lorum
199 3149 338 3219 tempore
370 3141 481 3213 fuisse,
514 3140 569 3218 qui
603 3161 640 3201 ox
672 3138 764 3200 Pauli
810 3139 919 3198 mirum
953 3148 1112 3219 peccatum
1142 3158 1272 3220 sequens
1301 3149 1383 3201 esset
1409 3159 1509 3221 poena

58 3228 190 3308 seriptis
218 3227 297 3287 male
326 3226 492 3288 intellectis
519 3225 600 3285 bunc
634 3246 763 3287 errorem
811 3226 928 3306 prioris.

57 3315 257 3386 hausissent,
290 3321 419 3392 apparet
448 3333 486 3377 ex
519 3314 650 3391 epistola
682 3312 763 3373 beati
855 3310 947 3391 Quod
969 3329 1040 3389 ergo
1063 3310 1141 3371 dicit
1162 3312 1337 3391 Apostolus,
1359 3311 1422 3373 tals
1444 3320 1506 3373 est:

58 3399 192 3473 Jacobi,
227 3401 259 3461 in
289 3417 352 3479 qus
378 3420 445 3479 esp.
478 3404 505 3461 1.
535 3407 597 3459 tam
626 3398 764 3461 studiose
811 3399 910 3458 Deum
932 3399 1068 3477 peccatis
1099 3398 1160 3458 illis
1189 3398 1445 3478 philosophorum·
1458 3419 1507 3460 su·

59 3487 174 3548 fideles
205 3485 357 3547 dvorsus
389 3506 459 3548 eum
493 3505 623 3547 errorem
656 3487 763 3559 munit,
812 3484 959 3563 predictis
989 3485 1136 3545 offensum
1165 3486 1210 3545 ita
1232 3505 1283 3545 eos
1314 3486 1429 3546 auxilio
1451 3505 1507 3546 suo

59 3572 233 3634 monens
255 3593 294 3633 ne
315 3581 512 3652 peccatorum
533 3574 718 3634 tentationes
733 3582 765 3634 et
813 3570 1007 3644 destituisse,
1047 3580 1079 3633 et
1111 3571 1335 3647 cupiditatibus
1372 3574 1507 3653 ipsorum

61 3662 266 3722 incitamenta
287 3659 356 3720 Deo
385 3659 576 3734 adscribant,
606 3659 661 3721 sed
690 3679 764 3719 suae
811 3661 1003 3738 permisisse,
1033 3667 1068 3720 ιιι
1090 3661 1122 3721 in
1144 3659 1356 3722 immundities
1377 3667 1507 3740 peecata

60 3750 169 3828 potius
188 3748 474 3827 concupiscentiam
497 3748 530 3808 in
544 3745 645 3808 Deum
660 3754 764 3806 sutem
811 3765 848 3805 ae
870 3744 975 3806 foedas
997 3744 1155 3820 libidines,
1186 3745 1225 3806 de
1248 3746 1360 3827 quibus
1383 3748 1414 3805 in
1437 3766 1507 3808 eon·

60 3856 123 3897 non
146 3836 209 3895 nisi
233 3852 314 3915 quae
333 3834 413 3901 bona
432 3843 504 3894 sunt
524 3834 665 3907 referant,
688 3831 763 3893 alic·
812 3831 1013 3911 sequentibus
1034 3832 1131 3911 plura,
1156 3834 1245 3911 proni
1265 3852 1301 3892 ac
1323 3835 1508 3912 praecipites

60 3924 116 4003 qui
130 3922 274 4002 graviter
288 3930 446 3981 erraturos.
469 3921 568 4001 igitur
582 3928 619 3982 ιιι
631 3919 670 3979 ad
684 3920 763 3980 Pau·
812 3920 898 3978 irent.
944 3918 1071 3979 Sensum
1094 3916 1253 3978 locutionis
1276 3919 1385 3998 prohat
1406 3920 1507 3980 ortho-

60 4009 125 4071 lum
148 4016 307 4068 revertar:
811 4004 956 4065 doxorum
971 4005 1095 4066 Petrum
1112 4005 1319 4086 chrysostomi
1335 4015 1366 4067 et
1380 4007 1507 4068 aliorum

101 4093 306 4173 Respondso,
339 4101 529 4173 praesentem
557 4093 658 4153 locum
685 4091 764 4153 nihil
812 4093 1040 4171 interpretatio,
1064 4093 1117 4173 qui
1139 4095 1334 4154 traditionem
1357 4093 1444 4169 hanc,
1467 4095 1507 4155 si·

60 4184 131 4243 istis
152 4181 348 4261 patrocinari
371 4179 449 4240 Nam
467 4179 588 4242 tradere
609 4179 764 4240 hominem
812 4187 864 4239 cut
886 4186 918 4238 et
939 4178 1020 4238 illam
1035 4177 1253 4253 inductionem,
1276 4182 1390 4260 passim
1414 4200 1506 4260 expo·

61 4270 95 4329 in
120 4266 254 4348 aliquod
284 4266 398 4327 malum
427 4265 537 4346 eulpae
565 4265 617 4327 vel
647 4284 764 4346 poenae
810 4274 887 4325 nunt
904 4284 961 4343 per
975 4266 1050 4326 haec
1064 4267 1167 4342 verbs,
1191 4270 1299 4341 sinere,
1322 4269 1506 4347 permittere,

61 4352 158 4436 (quae
178 4353 299 4435 phrasis
322 4361 369 4413 est
385 4354 419 4413 in
434 4354 585 4432 scriptura
606 4348 762 4434 frequens)
811 4352 965 4426 deserere,
998 4353 1148 4413 auxilium
1177 4355 1295 4433 gratiae
1327 4353 1506 4415 subtrahere

60 4462 121 4502 non
143 4439 233 4502 aliud
254 4447 303 4501 est
325 4459 417 4519 qnam
439 4438 591 4501 hominem
614 4438 763 4519 ejusmodi
810 4439 861 4501 vel
883 4459 944 4501 non
973 4441 1146 4519 impartire:
1180 4440 1331 4501 interdum
1360 4440 1506 4502 addentes

60 4526 142 4589 ulo
159 4545 325 4608 exponere,
346 4524 497 4587 videlicet
510 4525 688 4601 deserendo,
703 4546 764 4587 non
812 4528 904 4587 etiam
927 4527 1091 4605 positivam
1106 4527 1242 4608 aliquam
1264 4529 1423 4603 actionem,
1446 4548 1505 4588 non

61 4614 264 4696 psntegendo,
291 4632 354 4675 non
384 4613 556 4692 eripiendo:
590 4613 642 4675 vel
671 4615 763 4675 etiam
809 4615 1025 4693 respicientem
1047 4623 1223 4694 peecatum,
1252 4615 1306 4676 sed
1328 4634 1378 4677 res
1400 4633 1506 4676 seeun-

62 4703 240 4765 sccaaionss
261 4710 295 4764 st
315 4698 501 4762 offendicula
521 4701 681 4783 ponendo:
711 4700 763 4764 de·
811 4699 884 4762 dum
905 4719 940 4762 se
959 4701 1063 4776 bonas,
1086 4720 1215 4783 quarum
1232 4701 1319 4765 Deus
1341 4712 1430 4765 antor
1451 4710 1511 4778 est·
