3270 5182
93 284 166 351 552
604 272 837 329 couttdltitttttts
858 274 889 328 m
906 273 973 329 car.
990 272 1020 328 Χ.
1066 282 1069 287 ·

87 451 263 534 perfidem,
284 455 318 511 ut
332 449 521 530 Augustinus
538 451 686 529 iutelligit
707 451 785 512 Nam
834 451 988 526 subjectas
1003 459 1062 526 eat,
1084 453 1215 513 citantur
1228 448 1534 514 eedemlraeeverbe

92 540 265 619 saepissime
282 537 674 599 eorumincredulitatemst
688 537 784 598 rebel·
834 539 949 619 absque
971 539 1154 618 pronomine.
1193 539 1311 600 Rursus
1337 544 1445 601 exstat
1464 537 1534 598 haee

91 626 203 686 lionem
224 625 398 705 increpasse
419 624 562 703 leguntur
585 624 731 684 Dominus
755 632 786 685 et
835 623 1019 686 Graecorum
1042 624 1132 684 lectio
1155 624 1237 707 apud
1251 625 1421 686 Irenaeum
1442 624 1532 685 liet.

91 711 202 772 Moses.
225 711 267 770 Et
281 710 395 772 Paulus
410 713 477 791 ipse
493 713 593 773 statim
609 710 740 790 subjicit,
757 713 787 771 in
835 731 899 791 cap.
916 712 966 772 28.
982 721 1015 772 et
1029 711 1079 774 45.
1098 720 1129 772 et
1143 711 1224 792 apud
1241 712 1452 791 Angustiuum
1472 730 1529 791 pas·

92 797 194 858 multis
207 797 702 878 eorumnouiuissebeneplacitum
711 796 786 857 Deo.
835 798 898 870 alm,
915 805 948 856 ut
962 798 1063 858 homil.
1080 798 1130 856 et.
1146 800 1231 858 inter.
1247 797 1313 870 60„
1336 805 1425 858 met.
1442 799 1490 860 26.
1505 804 1533 856 at

136 884 230 944 Porro
253 884 440 963 spiritualem
464 894 551 945 vocat
565 883 728 963 Apostolus
743 903 788 944 es-
835 884 887 942 tt.
903 885 935 943 in
948 884 971 944 J
973 903 1049 958 oon,
1061 883 1111 943 lib.
1126 887 1174 945 12.
1191 893 1294 943 contra
1307 884 1460 946 Faustum
1472 903 1532 962 cap.

93 988 159 1030 cam
186 969 271 1030 illem
293 979 325 1030 et
351 979 467 1049 potum,
495 970 527 1030 id
550 981 595 1030 est
619 989 729 1029 menna
758 979 789 1030 et
837 971 887 1031 29.
904 979 935 1029 et
949 970 1036 1032 alibi:
1050 972 1122 1030 item
1139 968 1218 1052 apud
1230 970 1354 1033 Hieron.
1371 967 1444 1046 (seu
1458 970 1534 1052 quis·

93 1075 203 1137 aquam
226 1056 263 1117 de
285 1062 387 1136 petra3
410 1057 462 1116 vel
485 1058 557 1136 quia
579 1077 640 1116 nou
658 1055 790 1116 hnmana
836 1057 904 1136 quis
918 1054 1018 1132 antor)
1034 1060 1065 1116 in
1080 1074 1174 1117 enarr.
1190 1056 1302 1117 Psalm.
1320 1060 1393 1128 41..
1420 1055 1532 1117 mmetai

94 1163 198 1224 opera,
222 1141 275 1202 sed
290 1151 412 1222 praeter
427 1151 563 1204 naturam
586 1142 688 1203 divino
703 1143 788 1202 mira·
835 1161 999 1222 pronomen
1024 1162 1075 1204 eoa
1096 1143 1136 1203 ed
1163 1161 1279 1204 sensum
1296 1142 1459 1204 commode
1471 1160 1533 1221 sup

94 1229 163 1290 culo
178 1227 426 1311 suppeditabatur
447 1237 621 1312 utrumque,
646 1227 788 1306 quemad·
836 1227 951 1308 pletum
964 1237 1019 1302 est,
1034 1249 1095 1289 non
1109 1230 1206 1290 solum
1217 1249 1236 1288 a
1246 1240 1349 1290 nostro
1366 1231 1534 1310 interprete

94 1314 216 1376 modum
230 1314 317 1376 multi
340 1324 511 1396 exponuut3
534 1316 583 1377 vel
606 1316 722 1395 potius,
744 1316 790 1375 nti
837 1316 1048 1376 verumetiam
1064 1315 1102 1374 ab
1117 1315 1187 1377 aliis
1201 1317 1363 1377 nonnullis.

95 1401 185 1463 docet
212 1400 357 1475 Liraurrs,
390 1410 516 1482 propter
545 1401 790 1483 significationem
879 1403 974 1463 Porro
988 1421 1056 1462 oum
1074 1401 1217 1483 legamus,
1236 1402 1283 1463 bia
1298 1404 1407 1464 Mosen
1423 1409 1534 1483 epatre

95 1487 283 1569 spiritualem
307 1506 360 1547 eeu
382 1489 547 1570 mysticam.
585 1488 682 1548 Erant
709 1489 790 1549 euim
836 1489 944 1549 baculo
974 1507 1116 1568 portuosa
1143 1488 1257 1570 populo
1294 1490 1414 1550 sitienti
1444 1505 1534 1569 aquae

95 1575 148 1636 alla
162 1573 346 1656 spiritualia,
368 1595 428 1635 uon
448 1576 480 1635 iu
502 1593 549 1648 se,
572 1573 626 1635 sed
648 1573 679 1634 iu
701 1575 789 1635 rebus
838 1574 986 1647 eduxisse,
1002 1576 1131 1656 primum
1142 1574 1242 1638 Exod.
1257 1574 1535 1650 17.,deiudeNuua

95 1661 283 1742 significatis,
305 1678 434 1741 quarum
455 1669 540 1722 eraut
560 1661 690 1741 figurae:
713 1662 792 1721 sicut
838 1664 903 1733 20„
926 1662 1082 1743 quaeritur
1104 1660 1143 1721 ed
1167 1671 1265 1723 utram
1287 1665 1471 1742 scripturam
1491 1661 1536 1720 lric

97 1756 127 1808 et
142 1747 203 1809 alia
217 1745 321 1823 multa,
336 1764 416 1829 quae
431 1749 461 1808 in
475 1746 529 1808 illo
543 1748 656 1829 populo
671 1747 722 1807 vel
739 1767 790 1808 ex·
838 1751 980 1829 respiciat
991 1747 1161 1829 Apostolum
1185 1747 1278 1829 Quod
1293 1749 1375 1810 enlm
1386 1748 1535 1826 Hierony·

96 1834 278 1896 bibebantnr
291 1834 343 1895 vel
364 1834 546 1915 gerebantur
567 1835 600 1895 iu
621 1842 728 1915 typum
744 1833 790 1892 fu·
838 1855 905 1895 mus
932 1836 970 1896 ab
996 1833 1136 1896 Oleastro
1167 1835 1301 1897 scribens
1329 1837 1360 1894 in
1390 1835 1536 1895 Numeros

96 1927 241 1983 turonum.
839 1922 940 1995 sentit,
961 1940 1054 1983 unum
1073 1920 1213 2002 idemque
1231 1939 1298 1983 esse
1320 1940 1405 2002 aqua
1420 1919 1538 1982 fluentia

139 2005 224 2090 Quid
248 2015 347 2068 autem
362 2025 471 2069 manus
496 2008 623 2088 mystice
643 2009 791 2086 siguifica-
840 2030 858 2071 e
879 2016 968 2088 petra
988 2009 1178 2080 miraculum,
1206 2006 1288 2090 quod
1314 2015 1448 2091 utreque
1475 2006 1537 2067 loeo

96 2095 187 2169 verit,
210 2094 349 2155 hocloco
364 2114 425 2155 nou
447 2092 522 2155 dicit
536 2093 715 2174 Apostolus,
737 2093 792 2154 sed
840 2094 1025 2168 describitur,
1039 2095 1071 2154 in
1085 2095 1193 2156 Exodo
1206 2095 1336 2170 brevius,
1351 2096 1385 2156 in
1400 2093 1537 2154 Nemesis

96 2181 175 2242 intra
189 2179 336 2255 declarat,
359 2180 412 2241 ubi
433 2181 570 2242 meminit
592 2183 681 2242 unius
695 2181 791 2261 panis,
841 2181 990 2263 prolixius
1003 2200 1039 2241 ac
1053 2182 1186 2262 plenius,
1210 2202 1277 2243 eam
1292 2182 1468 2262 opinionem
1483 2178 1537 2240 Oa·

96 2266 135 2328 de
150 2285 211 2347 quo
227 2286 330 2329 omnes
344 2267 576 2347 participamus,
598 2266 706 2340 idest,
728 2287 791 2328 cor
835 2271 958 2349 jetanns
971 2266 1024 2328 illo
1041 2268 1201 2348 antiquior,
1216 2270 1247 2329 iu
1262 2276 1426 2349 utrumque
1442 2266 1538 2329 locun

95 2354 178 2435 poris
193 2353 351 2415 Dominici.
387 2352 465 2415 Item
487 2372 568 2433 equa
589 2353 700 2435 populu
719 2352 793 2414 data
841 2356 975 2416 scribens
990 2353 1068 2416 bene
1082 2354 1209 2429 refellit,
1232 2365 1295 2416 tum
1316 2374 1354 2414 ex
1368 2364 1538 2436 temporum

96 2440 169 2522 quid
185 2439 555 2521 mysticesignificaverit‚
575 2438 792 2520 nonexplicat,
840 2441 1023 2515 differentia,
1046 2449 1110 2501 tum
1134 2460 1172 2503 ex
1196 2441 1298 2502 ordine
1319 2460 1424 2502 rerum
1443 2448 1538 2521 gasts·

97 2525 551 2608 sedlntelligendumrelinquit,
566 2525 711 2587 videlicet
725 2546 791 2586 sau·
840 2549 913 2589 rum.
949 2526 1028 2586 Nam
1043 2527 1171 2589 alterum
1187 2529 1313 2607 contigit
1333 2528 1365 2588 in
1381 2527 1539 2589 undecima

96 2613 218 2694 guinem
241 2612 449 2682 Domiuiuum,
476 2613 564 2690 quus
590 2613 647 2672 sub
673 2615 795 2672 nomine
840 2615 994 2676 mansione
1007 2613 1087 2694 apud
1099 2613 1266 2696 Rephidim,
1278 2615 1458 2695 priusquam
1469 2632 1536 2674 veu-

97 2699 200 2760 calicia
215 2698 323 2760 eodem
337 2698 403 2758 loco
419 2698 600 2759 mentionem
622 2699 704 2759 iacit
738 2699 795 2759 Est
841 2710 905 2762 tum
921 2709 999 2762 esset
1014 2700 1053 2761 ad
1069 2699 1197 2763 montem
1212 2701 1309 2775 Sinai,
1332 2699 1364 2761 id
1381 2709 1448 2774 est,
1463 2719 1538 2761 anuo

97 2793 196 2846 autem
220 2805 300 2867 aqua
326 2783 365 2844 de
385 2793 472 2866 petra
494 2786 617 2865 sanguis
640 2784 795 2846 delatore
841 2790 937 2868 primo
951 2797 1021 2868 post
1036 2790 1237 2867 egressionem
1252 2788 1374 2866 populi,
1399 2788 1535 2848 taberna·

97 2871 215 2933 Obristi.
257 2871 342 2952 Quas
365 2870 487 2953 quidam
513 2875 657 2952 mysticas
683 2872 793 2951 siguifi-
842 2876 909 2936 culo
924 2872 1056 2934 nondum
1072 2882 1239 2935 exstructo:
1266 2873 1397 2934 alterum
1413 2894 1537 2936 comme

97 2959 231 3020 cationes
254 2958 421 3020 luculenter
446 2960 600 3039 expositae
622 2958 726 3019 videre
748 2967 795 3018 est
841 2962 1448 3040 moraturiumansionetrigesimatertia,
1462 2980 1539 3041 quae

96 3046 129 3107 iu
151 3047 371 3108 commentariis
394 3044 585 3107 Graecorum.
631 3046 794 3125 Quomodo
842 3057 910 3108 erat
930 3049 962 3108 in
984 3046 1100 3107 deseno
1116 3048 1169 3110 Sin
1191 3047 1270 3129 apud
1285 3045 1404 3121 Gades,
1427 3049 1462 3109 id
1484 3055 1537 3120 est

99 3137 196 3208 enim,
211 3134 255 3194 ait
269 3130 507 3214 chrysostomus,
522 3141 559 3194 trs
573 3132 708 3193 comedia
723 3150 794 3192 eor·
843 3135 897 3196 sub
906 3134 1023 3194 initium
1032 3134 1104 3195 anui
1115 3133 1353 3215 quadragesimi:
1365 3154 1404 3195 ae
1413 3133 1540 3215 proinde

97 3239 161 3296 pust
172 3222 317 3295 Domini,
328 3222 372 3281 sa'e
383 3219 433 3279 illi
444 3237 584 3282 manno.-
596 3227 626 3280 et
636 3220 794 3296 quomodo
842 3222 932 3300 longe
946 3228 1017 3300 post
1029 3220 1213 3281 tabernaculi
1228 3226 1420 3282 structuram.
1450 3218 1539 3303 Quod

100 3307 230 3368 inbibit
251 3309 457 3384 messenen,
480 3310 523 3368 sio
545 3307 594 3366 illi
617 3325 736 3385 aquom
756 3306 795 3366 de
842 3308 891 3367 vel
906 3326 946 3368 rx
961 3328 997 3368 eo
1012 3307 1124 3389 liquet:
1148 3327 1216 3369 nam
1231 3308 1272 3367 ibi
1288 3310 1539 3370 narraturbtuaea

98 3400 200 3471 petro
223 3394 264 3455 m
277 3395 370 3455 iniret
386 3394 456 3455 litis
470 3413 594 3456 monna
609 3402 640 3455 et
654 3412 793 3472 aquom5
841 3395 946 3456 tulisse
969 3397 1100 3475 virgam,
1126 3414 1207 3475 quae
1233 3396 1353 3455 eratin
1377 3404 1539 3476 conspeetu

100 3480 157 3540 tibi
172 3482 446 3558 corpuaproodrstt
461 3484 698 3558 etaanpuinem.
720 3480 793 3541 Jam
843 3481 980 3556 Domini,
1004 3480 1111 3555 idest,
1134 3483 1164 3542 in
1179 3480 1375 3542 tabernaculo
1398 3480 1539 3555 foederis

98 3565 180 3647 quod
195 3569 262 3647 ipsa
276 3576 362 3648 petra
376 3565 490 3628 Christi
512 3569 638 3648 figuram
654 3569 793 3648 gesserit,
841 3569 894 3629 ubi
907 3567 1022 3629 scilicet
1035 3569 1165 3629 Domino
1183 3569 1313 3647 jubente
1332 3567 1438 3628 luerat
1452 3578 1539 3629 antea

98 3650 257 3714 confestim
272 3652 439 3714 audiemus.
840 3656 988 3735 reposita,
1010 3654 1097 3716 Nun
1116 3659 1163 3716 17.
1200 3654 1316 3733 Quibus
1338 3653 1436 3728 adde,
1459 3654 1538 3736 quod

141 3741 299 3802 nitebant
320 3748 427 3801 autem
450 3740 489 3801 de
514 3743 656 3818 spirituli
683 3757 792 3801 conse·
840 3741 930 3801 Num.
948 3743 997 3801 20.
1017 3749 1232 3802 murmurantes
1256 3738 1376 3802 dicunt:
1407 3743 1537 3803 Utinam

96 3834 212 3905 queunte
241 3846 293 3888 eos
318 3835 422 3904 petra.
467 3826 601 3889 Graece:
633 3829 792 3891 Biberrmt
837 3830 1039 3906 periissemus
1052 3831 1137 3889 irater
1150 3830 1270 3905 [ratres
1287 3835 1416 3890 nostroe
1431 3846 1538 3891 eorm

96 3917 183 3975 enim
197 3914 236 3974 de
250 3914 393 3991 spiritali
407 3922 553 3991 aequente
565 3923 677 3993 petro:
702 3923 736 3974 ut
751 3915 792 3974 sit
840 3916 997 3976 Domino:
1013 3913 1093 3994 quod
1110 3913 1208 3974 Exod.
1227 3917 1275 3974 17.
1292 3913 1396 3975 dicere
1410 3935 1474 3977 nou
1487 3936 1536 3998 prr

95 4001 232 4081 probatio
246 4001 340 4082 pertis
356 3999 576 4080 praecedentis,
603 4022 665 4083 qua
679 4001 790 4062 dictum
839 4009 943 4074 termut,
960 4000 1081 4081 quando
1092 4001 1219 4081 populus
1231 3999 1315 4060 nulla
1328 4000 1435 4063 adhue
1449 4003 1537 4084 plaga

95 4095 155 4161 est,
171 4106 275 4149 omues
291 4086 419 4148 eundem
433 4096 534 4168 potum
549 4090 672 4150 bibisse.
703 4087 789 4149 simi·
839 4107 997 4170 percussus
1010 4087 1109 4148 fumat
1123 4107 1142 4147 a
1156 4089 1295 4148 Domino.

94 4173 163 4234 liter
183 4173 277 4234 habet
298 4181 401 4235 textus
416 4174 553 4236 Ambroa.
575 4177 684 4236 omisso
700 4175 789 4234 etiam
881 4176 1022 4237 Moretur
1032 4172 1201 4234 Oleastrius
1212 4193 1247 4234 eo
1259 4184 1452 4254 argumento,
1465 4194 1535 4257 quo·

94 4261 271 4338 pronomine
285 4279 350 4335 eoa,
375 4261 450 4322 licet
465 4260 585 4341 quidam
602 4262 721 4322 codices
736 4258 786 4319 ad·
839 4263 917 4322 niam
941 4261 993 4342 qui
1016 4263 1047 4321 in
1064 4260 1141 4323 libro
1155 4260 1355 4321 Numerornm
1382 4261 1422 4323 ob
1439 4278 1535 4344 aquae

94 4343 175 4406 dent.
214 4344 275 4407 Sed
289 4346 364 4407 haec
378 4347 486 4419 lectio,
508 4346 634 4409 Graecis
650 4366 788 4421 consona,
838 4350 995 4428 penuriam
1008 4355 1244 4418 murmurarunt,
1260 4353 1346 4408 erant
1360 4366 1404 4408 ex
1417 4348 1535 4429 i'n,q1i

94 4431 299 4511 antiquiorum
315 4442 363 4493 est
376 4434 513 4496 Ambros.
530 4432 679 4506 codicum,
702 4439 732 4492 et
746 4433 788 4493 ia·
839 4437 952 4516 egressi
963 4432 1287 4515 luerenteergypto.
1314 4433 1433 4496 Dicunt
1445 4437 1533 4497 eninr

93 4517 152 4578 erle
160 4517 309 4599 colligitur
320 4539 360 4581 ex
370 4521 471 4582 verbis
479 4521 692 4581 commentarii
709 4518 788 4579 Nam
837 4522 1310 4601 Quarenosfectsts'aoseendere
1318 4520 1359 4582 de
1368 4523 1533 4601 Aegypto?

92 4612 124 4664 et
147 4604 178 4667 iu
201 4604 306 4667 eodem
329 4609 539 4668 commentario
562 4605 601 4666 ad
623 4604 699 4667 illud
722 4626 786 4685 cap.
835 4610 928 4690 Atqui
958 4607 1189 4689 quadragesimo
1225 4617 1295 4688 post
1330 4610 1532 4690 egressionem

93 4693 143 4757 14.
187 4692 328 4775 mersa
355 4695 592 4775 Prophetarum
621 4693 787 4773 Propltats'a
836 4715 914 4757 anno
929 4695 1006 4756 nulli
1022 4714 1134 4772 eorum,
1149 4695 1203 4777 qui
1216 4693 1256 4757 de
1269 4694 1419 4782 Aegypto
1434 4715 1531 4761 aean
