3254 5190
443 273 605 330 armam
622 274 662 329 so
679 272 833 330 nomos,
859 272 946 328 ΠΜ.
966 275 1005 329 1⁸.
1026 277 1065 328 u.
1412 284 1485 353 253

59 452 105 515 iat
116 455 317 517 monta
339 444 477 517 sio'Jse.
491 458 536 515 2:
550 455 638 514 Deua
653 453 746 528 olenii
791 452 892 526 {nisse
916 460 951 511 ut
965 451 989 513 J
990 449 1095 512 udaeis
1116 449 1316 533 praedicaret
1339 452 1392 514 sis
1406 456 1488 514 enim

56 560 200 618 parspercs
213 544 254 602 isa
267 543 329 601 boc
343 541 478 616 mando,
494 541 608 601 divites
623 543 659 600 io
672 541 744 618 lide.
793 540 869 600 dicit
883 538 922 600 ds
933 558 968 599 eo
980 538 1129 599 Dominus
1140 539 1241 600 Actor.
1255 544 1301 602 9.:
1331 542 1393 601 Vas
1408 542 1489 600 cicc·

90 628 134 688 13.
160 628 260 689 Vobis
270 630 359 689 enim
369 628 441 688 dico
451 627 745 706 acntibiossoaom·
794 628 890 687 dorsis
917 633 960 686 est
981 627 1060 684 mibi
1082 629 1156 701 iste,
1178 632 1215 686 ut
1238 634 1345 702 portet
1370 647 1489 690 nomn

56 714 246 791 tequidem
259 734 317 792 coo
328 717 552 790 stomacatione
563 715 743 790 Apostolos,
797 733 902 773 mcum
929 730 1037 775 coram
1062 713 1224 789 aestibus,
1248 721 1278 772 ct
1298 714 1436 789 recita,
1459 723 1490 775 et

56 803 260 862 ιιιιιίηινίιιιη
290 820 396 862 mcum
423 799 650 877 honorificabo.
684 800 745 859 Pro
792 798 867 876 filiis
882 798 995 860 least.

56 887 200 964 quamdiu
215 886 339 949 Graece
354 896 400 949 est
420 876 471 966 ἐφ’
486 879 570 962 ὅσον,
594 886 677 967 qnod
700 889 744 948 in·
836 887 927 948 Unde
942 893 1034 966 patet,
1050 905 1226 947 vernmnou
1239 905 1313 960 esse,
1329 885 1488 966 quodqui-

55 972 155 1034 mium
181 973 312 1055 quidem
335 977 476 1054 temporis
492 974 745 1053 significationem
793 972 863 1033 dam
878 973 935 1033 boc
955 973 1021 1032 loco
1043 982 1196 1047 annotant,
1217 971 1349 1033 Paulum
1371 972 1489 1053 praedi·

56 1059 137 1133 labat
153 1067 192 1120 ut
206 1061 317 1120 llatth.
334 1064 380 1123 a:
403 1061 565 1139 Quamdiu
587 1079 659 1120 cam
682 1062 746 1120 illis
793 1066 910 1119 cantem
926 1060 949 1120 J
952 1059 1054 1119 edacis
1077 1058 1188 1120 fecisse
1203 1079 1278 1139 opus
1293 1078 1490 1139 supereroga-

57 1154 90 1206 at
104 1165 253 1223 sponsas.
275 1149 381 1227 Atque
402 1149 445 1208 ita
467 1148 582 1226 accepit
597 1144 745 1226 Origenes
794 1147 901 1222 tionis3
924 1147 1012 1226 qnasi
1027 1165 1082 1225 per
1096 1145 1152 1205 hoc
1175 1165 1261 1207 suum
1279 1147 1489 1218 ministerium,

56 1233 99 1293 boc
116 1233 197 1293 loco.
219 1233 275 1294 sie
295 1235 374 1295 euim
395 1234 620 1315 interpretatur:
644 1253 743 1312 quam·
793 1233 873 1313 quod
889 1235 1041 1311 ingentes
1056 1243 1227 1312 acceperat,
1243 1232 1491 1294 honorificasse

56 1317 174 1380 diusum
188 1319 366 1401 Apostolus,
382 1318 477 1395 idest,
494 1340 612 1400 semper
627 1340 663 1380 ao
678 1321 746 1381 sine
794 1319 882 1379 dicat
917 1318 980 1398 Qui
1010 1321 1242 1380 commentarius
1271 1319 1383 1400 legitur
1409 1318 1491 1399 apud

57 1406 110 1466 lue
139 1405 237 1486 Quod
261 1406 412 1468 etiamad
435 1406 569 1467 futurum
591 1407 745 1467 naculum
793 1407 965 1486 Rugosam,
980 1406 1155 1467 llervaeum
1168 1408 1400 1487 etAquinatem,
1412 1427 1490 1467 sum-

58 1492 191 1567 ostendit,
206 1513 271 1554 non
286 1494 351 1554 sino
366 1496 475 1554 orrens
490 1495 670 1575 suspicione.
792 1503 925 1573 ptusque
948 1502 995 1552 est
1017 1511 1056 1551 ex
1070 1493 1302 1555 Ambrosiastro.
1326 1493 1394 1554 Nec
1410 1497 1491 1554 euim

89 1579 205 1641 Verum
219 1582 362 1640 usitatius
384 1581 424 1642 ad
445 1583 592 1641 rationem
610 1580 746 1654 sciemur,
792 1580 905 1641 Paulus
918 1580 965 1661 hl⁸
976 1579 1078 1639 vorbis
1085 1581 1243 1659 signifieat,
1256 1601 1291 1642 se
1298 1579 1492 1662 praedicasse

59 1665 155 1729 latina
169 1669 210 1728 in
225 1674 397 1744 quantum,
417 1675 585 1746 quatenus,
608 1686 673 1744 qua
688 1684 745 1725 ra·
793 1666 994 1746 Evangelium
1003 1667 1026 1727 J
1027 1665 1134 1726 udaeis
1145 1663 1344 1748 (quamquam
1355 1667 1387 1727 id
1398 1687 1492 1748 saepe

59 1756 140 1814 ione
162 1753 487 1833 Etitaaccipiendum
498 1753 634 1814 hocloco
645 1755 747 1833 arguit
793 1750 936 1829 feceret);
959 1753 1018 1813 sed·
1032 1773 1073 1826 se,
1095 1754 1318 1833 praedicantem
1337 1755 1491 1835 gentibus,

60 1841 217 1919 paesentis
232 1842 377 1920 temporis
395 1840 522 1902 verbum
537 1832 660 1908 δοξάζω
674 1841 745 1917 ylo·
794 1842 885 1901 etiam
908 1839 1097 1901 Judaeorum
1120 1842 1213 1902 saluti
1235 1843 1399 1904 consulere.
1423 1842 1492 1902 Hoc

60 1928 141 2003 rideo,
164 1927 320 2008 quomodo
344 1937 375 1988 et
389 1928 578 2007 Augustinus
601 1928 676 2008 legit
691 1926 744 1987 lib.
793 1928 871 1987 enim
886 1938 942 1998 est,
958 1925 1041 2007 quod
1057 1931 1210 2007 sequitur:

61 2018 196 2075 icauna
209 2012 363 2076 Faustum
386 2035 410 2074 e
426 2017 466 2088 2.,
487 2035 542 2095 pro
563 2035 623 2094 quo
642 2023 745 2076 noster
838 2017 888 2073 14.
919 2017 954 2076 Si
979 2031 1043 2092 quo
1070 2016 1165 2077 niodo
1191 2016 1235 2076 ad
1258 2015 1491 2076 aemulandam

62 2102 195 2181 interpres
209 2099 347 2162 futurum
367 2099 498 2161 reddidit
518 2101 744 2179 honorificabo,
789 2117 962 2177 provocem
977 2120 1106 2161 carnem
1125 2121 1236 2162 meam.
1260 2100 1360 2181 Quod,
1382 2102 1491 2184 inquit,

62 2188 188 2265 quoniam
213 2186 271 2246 hoc
293 2188 389 2266 magis
411 2186 581 2267 quadrabat
601 2208 668 2248 cnm
693 2187 744 2246 ad·
793 2194 856 2247 tam
879 2185 1040 2265 diligenter
1062 2207 1189 2250 exerceo
1215 2207 1324 2249 munus
1345 2190 1489 2269 apostoli·

63 2272 149 2333 rabio
163 2274 326 2351 quamdiu
333 2296 345 2350 ,·
361 2274 418 2334 uisi
429 2271 508 2334 forte
523 2274 598 2352 legit
612 2273 746 2335 lumnam
793 2293 859 2333 cum
874 2270 953 2333 inter
966 2285 1083 2353 gentes,
1104 2296 1165 2336 nou
1180 2274 1276 2336 solum
1293 2275 1324 2335 id
1338 2275 1420 2335 facio
1435 2297 1490 2358 pro

62 2349 172 2424 bidom
179 2382 194 2438 ;
217 2361 342 2421 tametsi
357 2359 396 2420 ad
406 2379 527 2421 sensum
542 2381 602 2422 nou
616 2359 745 2421 multum
793 2360 892 2419 salute
908 2363 1050 2438 gentium,
1064 2380 1168 2421 verum
1184 2363 1273 2422 etiam
1284 2360 1491 2438 Judaeorum3

63 2446 185 2520 interam,
207 2453 309 2507 utrum
324 2446 417 2526 legas.
793 2454 828 2505 ut
842 2444 960 2507 seilicet
974 2447 1014 2521 hi,
1035 2445 1190 2528 zelotypia
1212 2448 1346 2529 quadam
1364 2449 1491 2521 incitati,

95 2533 147 2593 ut
170 2540 272 2593 autem
295 2531 370 2592 baec
392 2533 480 2593 tertia
501 2535 579 2593 ratio
602 2554 622 2593 a
644 2535 746 2614 signis,
795 2531 866 2592 dum
880 2532 986 2593 vident
999 2534 1272 2616 geuteaperfidem
1288 2533 1413 2613 adjungi
1423 2536 1491 2595 Deo

64 2616 107 2678 boa
120 2628 174 2692 est,
195 2619 236 2679 ab
252 2620 348 2698 ipsius
364 2618 453 2679 Pauli
475 2629 584 2680 conatu
606 2622 638 2679 in
654 2619 745 2680 addu·
795 2620 890 2698 patris
903 2619 1490 2703 suiAbraham,etpromissiouosAbra-

66 2702 154 2765 caudis
177 2703 219 2765 ad
235 2703 389 2766 Christum
403 2703 544 2766 Judaeis.
569 2706 660 2786 Quod
674 2708 748 2784 qui·
795 2706 854 2766 hae
870 2707 1039 2787 seminique
1054 2707 1119 2784 ejus
1142 2707 1240 2769 iactas
1255 2729 1274 2768 a
1288 2706 1428 2788 gentibus
1443 2728 1490 2768 oc·

66 2789 120 2850 dan
141 2809 213 2852 non
234 2791 373 2869 sacua,
397 2793 495 2872 inquit
516 2792 649 2853 Thomas
671 2792 749 2852 hanc
797 2793 912 2870 capati,
928 2792 1073 2855 aceedtmt
1084 2797 1178 2855 etiam
1194 2796 1253 2875 ipsi
1266 2794 1305 2856 ad
1317 2792 1413 2871 fidem,
1429 2802 1490 2856 stu·

65 2879 195 2938 nonnum
207 2877 532 2957 explieaus,aicasum
543 2879 747 2944 ‚Iudaeorum
797 2878 951 2959 deautque
973 2899 1039 2939 oum
1063 2879 1123 2942 illis
1146 2880 1261 2954 saltem,
1285 2883 1312 2941 si
1333 2900 1394 2941 non
1416 2899 1492 2961 prae

67 2963 297 3042 irreparabilem
315 2971 456 3040 putaret.
484 2966 575 3025 vnde
589 2984 682 3027 suam
696 2968 749 3041 ip·
797 2965 867 3037 illis,
879 2965 1095 3027 benedictionis
1105 2966 1241 3048 patribus
1252 2968 1315 3028 suis
1327 2968 1495 3046 promissae

66 3051 114 3111 tias
134 3051 294 3124 stadium
316 3050 403 3127 quod
425 3050 592 3112 adhibebat
613 3052 657 3112 od
672 3068 750 3113 coo·
797 3052 961 3132 participes
976 3053 1050 3113 fieri
1074 3050 1203 3114 Carnem
1225 3073 1313 3114 suam
1332 3061 1423 3114 vocat
1437 3053 1493 3114 Ju-

66 3141 233 3199 vmioncm
269 3137 490 3212 Judacomm,
528 3139 653 3200 inducit
686 3154 750 3214 pro
799 3137 892 3198 dacos
906 3145 1031 3218 propter
1046 3141 1257 3219 coguitionem
1272 3142 1380 3202 carnis.
1404 3137 1495 3220 Quod
1514 3183 1518 3191 ⁴

66 3224 154 3300 dono,
169 3223 259 3303 quod
271 3240 383 3289 eorum
395 3227 536 3284 caum
550 3224 750 3302 reparabilia
799 3225 971 3302 expressius
991 3225 1071 3287 dixit
1091 3246 1157 3304 cap.
1173 3231 1219 3288 e:
1242 3229 1305 3304 Qui
1324 3233 1399 3288 sunt
1420 3244 1494 3302 coq-

66 3305 104 3368 dic
115 3310 179 3373 ills
202 3308 318 3371 Gentes
333 3316 433 3370 autem
447 3308 613 3390 alloquitur
626 3309 751 3385 Paulus,
799 3313 871 3373 nati
891 3314 955 3370 mci
975 3312 1148 3373 secandam
1164 3331 1303 3372 caraem.
1326 3313 1377 3373 Sic
1391 3321 1495 3373 autem

66 3411 157 3459 mum
170 3394 356 3477 Apostolum
377 3416 411 3456 se
431 3397 597 3469 nominans,
618 3417 667 3471 ne,
690 3396 749 3457 dic·
799 3397 940 3476 loquitur,
963 3405 998 3456 nt
1013 3397 1144 3478 quodam
1167 3406 1292 3460 naturae
1306 3397 1426 3459 viuculo
1442 3398 1493 3458 ob·

65 3488 134 3546 brus
148 3482 191 3545 de
206 3501 265 3544 suo
289 3500 361 3560 arga
374 3480 514 3543 Judaeos
534 3482 751 3543 convertendos
800 3483 934 3545 strictum
960 3504 993 3544 so
1019 3485 1167 3565 significet
1195 3483 1234 3545 ad
1259 3483 1495 3566 promovendam

65 3568 159 3645 sudio,
175 3567 323 3629 rideatur
334 3567 447 3628 oblitus
458 3569 547 3630 officii
559 3568 752 3649 peculiariter
799 3567 987 3631 «ludaeorum
1003 3570 1138 3645 salntem,
1161 3570 1200 3631 de
1216 3591 1278 3650 qua
1292 3570 1461 3651 subjungitz

65 3654 112 3717 nbi
124 3654 304 3719 demandati
318 3654 351 3715 in
365 3661 481 3734 gentes.
843 3657 887 3716 Et
901 3655 1008 3717 salvos
1020 3659 1144 3734 faciam
1159 3658 1332 3733 eliquesco
1346 3659 1418 3718 illis.
1440 3657 1495 3717 Di·

96 3741 167 3813 Vos,
187 3742 298 3822 iuquit,
322 3749 471 3820 egentes,
495 3741 625 3821 appello.
648 3741 752 3821 Quan-
801 3743 855 3803 eit:
878 3743 1013 3819 αῑίᾳιιοι,
1028 3745 1135 3819 sciens,
1154 3764 1209 3804 sno
1225 3753 1360 3825 temporo
1375 3763 1436 3806 non
1449 3743 1495 3803 fu-

65 3824 220 3911 loquidam
236 3847 302 3890 snm
318 3835 419 3887 restet
433 3825 607 3908 Apostolus,
622 3830 751 3889 miniato
800 3837 909 3903 turum,
924 3837 959 3888 ut
973 3829 1132 3891 admodum
1147 3829 1233 3891 multi
1250 3833 1344 3891 exeis
1359 3829 1400 3889 ad
1414 3829 1494 3890 salu·

63 3914 125 3977 riam
140 3915 202 3976 boc
216 3934 319 3975 meum
332 3933 393 3975 non
407 3911 522 3989 desem,
545 3913 599 3975 sed
613 3917 752 3996 gnaviter
800 3923 861 3975 tam
876 3913 1070 3990 adducantm,
1094 3915 1281 3996 plenitudine
1300 3914 1441 3977 videlicet
1463 3915 1496 3975 iu

63 3999 144 4077 obeo,
172 4009 270 4081 atque
297 3998 414 4062 illustre
439 4009 471 4061 et
496 4000 615 4062 celebre
640 3999 751 4077 redd03
800 4000 882 4062 aliud
897 4008 1017 4082 tempus
1039 4012 1200 4065 reservata.
1224 4002 1305 4063 Illud
1320 4004 1350 4061 in
1369 3999 1415 4060 his
1430 4020 1496 4062 var·

61 4087 131 4165 quod
145 4086 259 4169 probat
272 4085 558 4161 multitudo-eorum,
575 4091 628 4168 qui
638 4089 751 4168 passim
799 4087 847 4148 bis
868 4087 1005 4165 observa,
1027 4091 1165 4170 quamvis
1185 4090 1345 4149 humanam
1368 4085 1496 4148 salutem

60 4173 249 4257 exgentibus
272 4192 341 4234 msa
363 4172 589 4253 praedieatione
606 4172 645 4234 ad
660 4173 752 4235 fidem
801 4183 895 4235 totam
918 4176 958 4236 ab
981 4177 1065 4238 initio
1087 4175 1160 4236 fidei
1180 4194 1281 4255 usque
1302 4173 1343 4234 ad
1358 4192 1494 4235 consum·

10 4274 14 4337 ;
59 4269 277 4323 emoriuntur.
299 4260 397 4321 Vocat
417 4278 450 4321 ae
472 4263 607 4341 gentium
622 4261 751 4341 Aposto·
799 4262 959 4322 mationem
975 4261 1191 4343 gloriaeDeus
1204 4259 1409 4341 principaliter
1424 4279 1495 4340 ope-

10 4408 14 4431 ,
59 4343 111 4408 lum
133 4349 186 4409 hic
209 4354 242 4407 et
264 4346 348 4417 alibi,
371 4348 443 4427 quia
464 4350 661 4428 praecipuum
684 4348 751 4427 ojus
799 4357 889 4419 retur,
904 4349 1058 4410 ministros
1074 4356 1172 4409 tamen
1183 4346 1345 4427 Evangelii
1356 4354 1387 4408 st
1397 4365 1494 4408 sacra

58 4434 196 4510 odicium,
220 4431 366 4495 divinitus
389 4433 562 4511 injunctum,
586 4441 652 4508 erat
673 4436 752 4495 circa
799 4442 966 4497 mentorum
981 4437 1073 4495 etiam
1095 4454 1148 4495 suo
1168 4431 1257 4494 modo
1277 4433 1379 4494 salvos
1394 4432 1495 4495 iacere

57 4521 180 4584 autom
201 4521 359 4601 gantinm3
381 4519 632 4600 quemadmodum
652 4540 692 4581 ex
706 4521 751 4582 bi·
798 4521 948 4596 homiues3
971 4523 1109 4583 nimirum
1130 4528 1165 4579 nt
1185 4521 1258 4580 viva
1280 4519 1429 4601 quaedam
1452 4520 1494 4580 iu·

56 4611 142 4670 storia
170 4607 322 4669 Actorum
356 4604 593 4686 apostolicorum
623 4615 750 4669 constat
800 4616 976 4682 strumento,
995 4608 1102 4690 quibus
1119 4605 1157 4666 ad
1172 4606 1376 4687 peragendam
1392 4625 1494 4668 eorum

55 4693 112 4756 lisa
125 4705 230 4757 umen
251 4691 424 4774 negandum
440 4700 495 4768 est,
517 4695 607 4754 odam
626 4694 752 4755 missum
799 4694 928 4755 salutem
944 4695 1030 4757 Deus
1048 4695 1149 4755 utitur.
1171 4693 1222 4755 Sic
1236 4693 1316 4755 idem
1329 4693 1496 4774 Apostolus
