3254 5190
143 274 214 341 122
650 269 882 324 COMMENTARIUS
900 271 931 325 lli
950 272 1016 325 clii.
1034 273 1071 325 ll

135 448 287 531 justitiae
315 449 348 514 in
376 450 682 516 sanctificationem.
739 453 798 518 20.
829 452 910 518 Cum
939 454 1023 518 enim
1053 453 1138 518 servi
1167 453 1284 517 essetis
1311 451 1456 537 peccati,
1484 447 1583 514 liberi

140 549 249 616 fuistis
272 553 434 637 Justitiae.
478 555 536 620 21.
567 554 672 637 Quem
701 577 780 641 ergo
809 557 950 623 fructum
979 555 1143 622 habuistis
1172 561 1249 621 tunc
1277 557 1310 620 in
1337 555 1413 638 illis,
1443 555 1476 619 in
1506 555 1581 640 qui·

140 651 202 718 bus
236 675 321 722 nunc
357 655 553 722 erubescitis
567 650 612 738 'lt
652 661 733 723 Nam
772 662 843 725 linis
878 660 1009 725 illorum
1043 678 1130 724 mors
1167 664 1227 724 est.
1283 659 1342 723 22.
1379 659 1473 723 Nunc
1503 676 1582 722 vero

139 754 273 823 liberati
302 780 320 824 a
347 766 503 845 peccato,
544 763 630 827 servi
668 769 776 828 autem
806 764 887 829 lacti
914 763 1007 849 Deo,
1044 761 1176 829 habetis
1204 762 1344 828 [ructum
1373 767 1522 826 vestrum
1549 761 1582 825 in

141 863 453 949 sanctificationem,
489 866 583 930 tinem
612 886 691 930 vero
720 867 822 931 vitam
851 872 1030 934 aeternam.
1088 867 1146 930 23.
1182 863 1356 951 Stipendia
1384 865 1471 930 enim
1499 883 1581 949 pec·

140 966 226 1029 cati:
262 958 405 1049 Mors²);
450 971 558 1052 gratia
600 978 709 1035 autem
748 971 831 1036 Dei:
874 972 954 1036 Vita
991 976 1127 1035 aeterna
1162 971 1194 1034 in
1232 968 1364 1034 Christo
1395 967 1482 1035 Jesu
1510 967 1581 1032 Do·

139 1069 226 1132 mino
254 1077 378 1134 nostro.

620 1385 821 1453 suturalia
844 1387 971 1455 ululata
992 1388 1098 1456 sexul.

138 1502 253 1556 ostendit
272 1517 322 1556 non
341 1507 398 1558 ideo
418 1507 574 1570 peccandum
594 1507 677 1558 adhuc
695 1520 765 1570 esse,
790 1512 817 1560 ut
835 1510 920 1571 gratia
944 1510 1071 1572 abundet,
1098 1510 1144 1561 sed
1168 1510 1201 1561 ad
1226 1509 1422 1561 similitudinem
1449 1506 1540 1558 mortis
1558 1509 1584 1558 et

207 1576 403 1626 resurrectionis
422 1577 515 1628 christi
534 1589 580 1628 nos
599 1580 704 1639 peccato
723 1581 837 1629 mortuos
856 1579 942 1631 uiuere
961 1578 1056 1630 dehere
1072 1578 1201 1643 justitiae,
1228 1583 1256 1630 ut
1273 1578 1344 1641 cujus
1364 1576 1433 1629 sarri
1449 1577 1506 1640 jam
1524 1574 1584 1627 tacti

209 1654 312 1704 sumus,
331 1656 346 1694 a
366 1645 463 1707 peccati
481 1646 604 1696 servitute
624 1645 736 1707 liberata
757 1645 882 1709 docetque
901 1659 976 1712 quam
996 1648 1084 1710 dispar
1102 1648 1234 1712 utriusque
1253 1646 1383 1698 servitutis
1401 1644 1433 1696 sit
1454 1645 1547 1695 exitus.

182 1750 266 1827 Quid
291 1769 363 1826 erpo
387 1752 550 1813 dicemus?
573 1753 833 1812 Permanelrimus

137 1839 173 1896 ia
185 1844 326 1914 peccato,
349 1847 386 1898 ut
400 1842 507 1913 pretio
523 1839 687 1898 abundet?

182 1927 209 1983 2.
233 1924 330 1984 Atria
354 1927 502 2005 Quoniam
519 1926 772 2004 dixeratgretiam
785 1946 833 1984 su·

136 2009 355 2089 perabundare,
378 2012 429 2072 ubi
441 2012 605 2071 abundavit
615 2021 779 2091 peccatum,
796 2033 833 2072 ne

137 2098 204 2176 quie
218 2106 378 2177 propterea
401 2109 518 2177 putaret
541 2099 753 2158 immorandum
770 2118 834 2158 esse

137 2183 277 2264 peccatis.
302 2193 332 2245 et
352 2196 477 2264 peccata
499 2188 630 2264 peccatis
647 2185 832 2258 cumulanda,

137 2288 196 2348 qno
213 2270 325 2331 scilicet
337 2271 462 2351 amplius
475 2271 642 2331 abundaret
653 2282 743 2352 atque
756 2292 832 2331 com-

135 2354 327 2417 mendaretur
338 2358 399 2418 Dei
414 2359 518 2438 gratia,
534 2359 649 2438 repellit
666 2357 833 2437 hujusmodi

883 1754 929 1812 his
958 1754 1152 1832 impenditur,
1175 1763 1228 1813 aut
1254 1753 1478 1823 commercium,
1503 1746 1582 1828 qnod

883 1860 948 1898 cum
972 1841 1007 1899 iis
1027 1841 1161 1915 habetur,
1185 1842 1226 1900 ita
1249 1849 1277 1899 et
1300 1841 1408 1898 istaec
1425 1837 1583 1900 contrario,

883 1927 956 1984 mori
980 1947 1031 1985 seu
1055 1938 1200 1986 mortuum
1221 1946 1286 1987 esse
1308 1932 1440 2004 peceato,
1463 1942 1501 1981 tc
1517 1941 1582 1981 rae-

883 2015 963 2083 teris,
986 2013 1017 2072 id
1033 2023 1087 2088 est,
1109 2016 1148 2073 ab
1164 2015 1269 2073 horum
1290 2012 1435 2072 servitute
1450 2018 1480 2069 et
1497 2008 1582 2068 obse·

883 2102 952 2178 quio
968 2101 1089 2178 penitus
1102 2121 1168 2160 esse
1180 2100 1313 2171 liberum,
1329 2106 1361 2156 et
1372 2117 1391 2156 a
1403 2096 1582 2156 commercio

882 2186 1019 2245 alienum.
1040 2187 1089 2246 Sic
1101 2196 1132 2247 et
1143 2187 1248 2246 Petrus
1259 2185 1389 2264 loquitur
1406 2187 1419 2242 l
1435 2183 1523 2262 epist
1538 2186 1582 2242 2:

883 2281 918 2330 ut
927 2278 1066 2347 peccatis
1077 2277 1196 2332 mortui
1207 2274 1351 2345 justitiae
1364 2273 1523 2329 caicamus.
1539 2271 1582 2329 Ac

883 2379 995 2417 rursum
1023 2360 1134 2418 Paulus
1162 2359 1273 2438 Ephes.
1292 2363 1336 2418 2.:
1372 2357 1453 2417 Cum
1480 2358 1583 2415 emetis

136 2461 306 2522 perversam
330 2447 538 2523 cogitationem
560 2445 739 2523 Apostolus,
763 2444 833 2503 dum
880 2448 1002 2504 mortui
1027 2447 1146 2505 delictis
1169 2453 1198 2504 rt
1228 2447 1365 2521 peccatis
1391 2445 1522 2517 vestris,
1553 2450 1581 2502 et

137 2528 175 2588 de
186 2548 222 2587 eo
235 2532 441 2608 quaestionem
453 2533 509 2591 sibi
522 2532 644 2604 faciens,
656 2530 832 2610 respondet:

136 2615 233 2675 Absit.
256 2618 333 2676 Nam
345 2629 377 2677 ut
387 2618 603 2697 perabsurdum
615 2627 661 2678 est
673 2619 740 2677 ideo
753 2617 833 2677 velle

137 2711 302 2779 aegrotare,
326 2711 360 2763 ut
383 2704 492 2765 habeat
516 2705 669 2775 medicina,
692 2704 773 2784 quod
790 2724 833 2763 sa·

140 2796 199 2860 net,
222 2791 263 2848 ita
279 2810 409 2850 summae
426 2791 595 2851 deurentiae
612 2799 665 2865 est,
689 2790 767 2851 velle
783 2788 832 2850 ad·

139 2873 196 2934 huc
212 2896 345 2954 peceare,
360 2886 394 2935 ut
405 2880 500 2956 gratia
512 2880 570 2938 Dei
586 2879 704 2957 semper
716 2878 833 2949 habeat,
863 2914 867 2922 s

139 2961 219 3042 quod
234 2964 373 3023 remittat.
397 2965 460 3025 Imo
483 2967 561 3028 sicut
584 2965 708 3025 durante
730 2964 834 3022 morbo

138 3068 198 3106 uon
214 3049 341 3109 habetur
356 3053 475 3123 sanitas,
498 3072 554 3111 nec
569 3062 695 3130 apparet
711 3071 760 3110 ars
775 3071 834 3109 me-

140 3133 213 3209 dici,
242 3138 285 3196 ita
311 3146 450 3198 manente
475 3146 598 3217 peccato
625 3159 684 3198 non
711 3136 835 3196 habetur

134 3221 260 3299 justitia,
277 3244 333 3283 uec
349 3221 517 3284 ostenditur
529 3227 625 3285 virtus
640 3225 754 3304 gratiae
764 3224 833 3283 Dei.

139 3306 250 3387 Quare,
266 3320 301 3369 ut
315 3312 410 3390 gratia
426 3312 654 3384 commendetur,
671 3333 688 3370 a
703 3310 833 3389 peccatis

138 3395 336 3457 recedendum
352 3408 405 3470 est,
428 3419 488 3457 non
503 3399 532 3458 in
549 3399 608 3458 illis
624 3396 811 3457 manendum.

183 3483 244 3560 Qui
274 3488 358 3543 caim
396 3487 515 3545 mortui
552 3503 659 3545 monus
693 3490 832 3559 peccate,

138 3571 295 3645 quomodo
323 3571 425 3630 adhuc
452 3575 595 3631 vivemus
620 3576 657 3630 in
683 3571 762 3629 illo?
796 3568 832 3627 In

137 3654 251 3715 Graeco
267 3679 327 3717 non
344 3667 396 3729 est,
416 3661 511 3733 euim,
535 3667 567 3718 et
581 3658 697 3738 absque
713 3677 747 3716 eo
764 3658 834 3715 citat

137 3741 399 3803 Tertullianuslib.
407 3744 444 3804 de
453 3745 598 3823 pudicitia
605 3765 671 3824 cap.
682 3747 729 3802 17.
739 3744 833 3801 Recte

135 3835 233 3887 umen
250 3829 434 3908 intelligitur.
452 3832 509 3890 Est
520 3833 596 3890 cuim
609 3831 683 3889 haec
695 3830 832 3907 probatio

135 3913 223 3974 datae
239 3919 441 3995 responsionis
453 3929 628 3995 argumento
641 3938 659 3975 a
671 3917 833 3986 contrariis,

135 4020 170 4059 ac
186 4000 322 4062 sidicat:
345 4003 423 4061 Nam
446 4006 495 4083 qui
516 4011 641 4082 peccato
663 4003 741 4061 berre
756 4021 832 4060 mor-

135 4088 177 4146 tui
194 4108 302 4162 sumus,
326 4093 353 4149 ei
366 4089 500 4168 profecto
513 4110 572 4149 non
587 4090 715 4166 emplius
731 4090 833 4148 vivere

135 4173 285 4236 debemus.
311 4180 443 4236 Peccata
466 4176 584 4236 dativus
601 4187 653 4249 est,
677 4196 735 4234 non
752 4175 830 4234 abla-

135 4262 223 4334 tivus,
241 4270 273 4321 ut
285 4263 323 4322 ad
336 4263 435 4324 Galat.
451 4269 495 4324 2:
512 4265 588 4337 Lepi
602 4271 744 4322 rnortuus
755 4281 832 4321 erint.

177 4349 218 4407 llt
234 4350 311 4408 enim
335 4350 460 4429 phrases
482 4362 550 4408 sunt
567 4349 766 4428 Apostolieae,
791 4349 832 4407 vi·

134 4454 207 4492 vere
222 4445 355 4514 peccato,
379 4438 446 4515 legi,
466 4438 612 4514 justitiae,
630 4438 704 4509 Deo,
724 4438 833 4515 quibus

134 4522 318 4599 significatur
341 4526 471 4584 servitus
495 4534 523 4583 et
548 4526 729 4603 obsequium,
753 4521 832 4601 quod

134 4646 546 4658 —u——u-—n—

239 4703 261 4772 ¹)
281 4706 342 4769 Cup.
362 4706 385 4769 7,
405 4707 427 4755 5.
464 4701 487 4772 ²)
509 4705 569 4769 Cap.
589 4707 613 4771 5,
637 4708 674 4757 12.

882 2530 997 2591 Coloss.
1023 2537 1065 2592 2:
1090 2535 1169 2593 Cum
1190 2535 1309 2592 mortui
1334 2533 1436 2590 essetis
1461 2530 1581 2589 delictit

882 2626 911 2678 et
931 2623 1104 2694 praeputio
1127 2622 1234 2678 cornis
1256 2625 1386 2678 vestroe.
1412 2614 1501 2694 Quae
1525 2615 1582 2675 duo

882 2706 949 2763 loca
964 2705 1033 2764 huic
1047 2708 1197 2785 praesenti
1220 2705 1326 2768 similia
1345 2724 1420 2773 esse,
1445 2704 1581 2782 quamvis

882 2792 932 2849 alii
959 2811 1047 2851 secus
1072 2801 1235 2870 exponant,
1259 2789 1465 2863 ostendemus,
1489 2809 1582 2869 quum

883 2877 956 2936 illuc
970 2897 1068 2957 usque
1084 2880 1319 2956 pervenerimus.

927 2966 1062 3022 Mortuos
1087 2967 1176 3042 igitur
1196 2973 1321 3043 peccato
1342 2973 1430 3023 vocat
1446 2982 1508 3033 eos,
1531 2961 1582 3040 qui

884 3059 1022 3129 respectu
1044 3053 1161 3129 peccati
1183 3053 1290 3110 mortui
1307 3058 1382 3122 sunt,
1407 3048 1507 3119 idest,
1532 3049 1581 3127 qui

884 3159 902 3197 a
918 3139 1032 3216 peceati
1048 3140 1191 3196 servitute
1207 3137 1302 3211 liberi,
1325 3136 1496 3216 quibusque
1513 3154 1578 3193 euru

884 3234 1006 3304 peccato
1023 3246 1081 3284 non
1097 3223 1165 3303 plus
1182 3234 1227 3284 est
1242 3225 1355 3302 negotii
1370 3231 1423 3280 aut
1437 3240 1580 3292 commer-

885 3312 930 3381 cii,
954 3331 1043 3390 quam
1060 3312 1185 3370 mortuis
1209 3329 1275 3369 esse
1295 3310 1371 3369 solet
1394 3328 1462 3367 cum
1478 3308 1580 3366 viven-

883 3397 969 3455 tibus.
1005 3399 1067 3455 Aut
1094 3405 1173 3456 certe
1203 3394 1296 3475 (quod
1324 3397 1431 3456 eodem
1459 3389 1581 3467 recidit)

883 3485 988 3542 mortni
1011 3493 1134 3563 peccato
1157 3483 1289 3554 dicimur,
1312 3482 1381 3543 dum
1404 3499 1504 3560 neque
1529 3499 1582 3539 nos

883 3572 913 3629 in
937 3580 1059 3647 peccato
1082 3572 1220 3642 vivimus,
1246 3571 1274 3627 ei
1289 3565 1459 3640 serviendo,
1481 3586 1580 3645 neque

881 3667 1037 3736 peccatum
1054 3658 1132 3715 vivit
1147 3659 1177 3716 in
1193 3657 1288 3726 nobis,
1303 3653 1469 3735 regnando.
1492 3650 1582 3712 Unde

882 3744 937 3801 ait:
961 3744 1120 3818 quornodo
1143 3743 1247 3802 adhuc
1270 3746 1413 3803 vivemus
1441 3743 1475 3799 ia
1502 3739 1582 3798 illo?

882 3828 997 3888 scilicet
1009 3829 1163 3889 desideriis
1176 3829 1240 3906 ejus
1254 3827 1457 3908 obsequendo.
1473 3826 1507 3885 B.
1522 3826 1581 3883 Au-

882 3917 1018 3994 guatinas
1035 3916 1109 3974 libro
1126 3916 1164 3974 de
1188 3917 1291 3994 spiritu
1315 3925 1344 3975 et
1364 3914 1451 3972 litera
1467 3933 1533 3991 cap.
1555 3915 1582 3972 6.

882 4011 996 4080 portem
1012 4004 1090 4061 hanc
1106 4003 1148 4061 sic
1168 4003 1306 4079 exponit:
1331 4003 1412 4062 Cum
1427 4001 1461 4057 id
1484 4016 1582 4074 pror·

881 4092 994 4148 stiterit
1015 4092 1139 4164 pratia,
1163 4096 1200 4147 ut
1221 4106 1420 4148 moreremur
1439 4094 1581 4162 peccato,

881 4176 959 4251 quid
975 4177 1065 4235 aliud
1087 4178 1255 4253 faciemus,
1279 4177 1305 4234 si
1327 4178 1468 4235 nivernum
1482 4175 1519 4231 in
1535 4192 1582 4247 co,

882 4265 944 4322 aiei
970 4270 1006 4322 ut
1035 4266 1162 4337 pontiae
1192 4265 1290 4322 simus
1320 4260 1466 4336 irrorati?
1499 4258 1582 4318 Idem

883 4349 1009 4427 epistola
1025 4353 1075 4410 47.
1093 4347 1129 4407 ad
1143 4348 1337 4408 Valentinum
1353 4349 1430 4407 hanc
1443 4344 1583 4424 Apostoli

882 4437 1056 4495 sententiam
1086 4437 1126 4495 ita
1154 4434 1355 4508 commendat,
1390 4442 1424 4492 ut
1449 4433 1583 4505 affimnet,

882 4525 962 4581 uitii
975 4525 1114 4598 potuisse
1131 4523 1195 4583 dici
1212 4523 1338 4583 breuius
1353 4528 1381 4580 et
1395 4521 1518 4580 oratius.
