3254 5190
510 278 674 335 semrom
690 280 902 363 ennomus.
930 281 1013 337 VERA.
1032 283 1074 336 21.
1436 291 1510 357 241*

61 446 146 512 etde
155 468 209 512 me
221 453 451 533 interrogarent,
466 454 550 520 velut
564 458 591 518 si
605 457 682 539 quis,
699 477 763 518 our-
813 457 893 518 Heb.
919 461 964 518 1.:
987 460 1031 519 Et
1053 458 1097 518 ad
1118 457 1248 534 anpelos
1270 459 1398 536 quidem
1421 459 1508 535 dicit,

63 538 159 598 bones
179 535 327 601 fouendo
350 560 515 620 quaerens,
537 544 568 606 in
589 545 765 606 thesaurum
814 564 879 605 cum
905 543 943 605 de
967 545 1083 626 engolis
1108 544 1248 626 loquatur
1270 545 1441 607 versiculus
1468 546 1510 606 ibi

64 623 186 685 nudet
211 626 382 708 Apostolus
402 631 579 692 sententium
593 631 766 712 Prophetae
815 633 931 705 citatus,
946 640 978 691 et
992 630 1129 711 ejusdem
1144 633 1292 712 epistolae
1308 652 1372 712 esp.
1389 637 1435 694 4.:
1458 632 1510 693 Ad

64 708 203 773 reddidit
237 712 345 775 ordine
372 716 533 779 verborum
568 719 765 799 transposito,
813 737 905 795 quem
920 718 1138 795 nobissesmo,
1162 718 1263 791 idest,
1283 717 1404 798 dequo.
1511 712 1515 727 ¹

65 798 186 859 moui
208 800 333 881 propius
353 805 480 864 scomsit
503 802 542 864 sd
557 802 596 876 id,
620 804 702 886 quod
719 811 766 864 est
856 804 907 865 Sic
920 813 950 864 et
960 805 1037 866 illud
1049 805 1257 886 recipiendum
1269 805 1412 875 existimo,
1425 805 1508 886 quod

67 882 143 964 spsd
165 884 270 947 Lxx„
299 886 379 948 Nam
401 889 543 951 Hebreeu
569 893 613 953 sic
637 890 764 952 hebent:
813 889 941 951 hebetur
961 893 1056 953 Mero.
1079 896 1129 954 12.
1154 900 1184 952 et
1202 893 1275 953 Luc.
1293 893 1360 952 20.:
1385 893 1510 968 Oopno·

68 972 235 1049 Quaesitum
252 992 323 1035 seem
338 977 388 1051 iis,
412 979 468 1054 qni
489 995 558 1038 non
581 981 764 1054 interropo-
813 986 939 1055 verunt,
953 979 1510 1057 quoniamadeosparabolomicanc

67 1063 502 1138 oerant5invenirsssumiis,
517 1067 652 1141 quinon
665 1083 764 1141 qnae-
813 1064 941 1140 dicerit,
967 1066 1066 1142 idest,
1090 1065 1128 1126 de
1151 1068 1212 1142 eis,
1236 1067 1375 1145 quamvis
1396 1074 1426 1125 et
1449 1066 1510 1125 illic

67 1148 186 1207 ieram
208 1165 269 1206 nse.
290 1147 390 1210 LXX.
413 1169 486 1211 vero
509 1152 554 1211 sio
574 1150 765 1230 interpretati
813 1150 957 1211 Erasmus
972 1154 1114 1214 verterit:
1138 1153 1293 1212 adversus
1309 1170 1369 1225 sos,
1393 1154 1510 1212 sivein

68 1240 146 1291 sunt:
178 1232 378 1312 Manifestus
397 1236 506 1313 facins
524 1257 595 1298 sum
621 1258 672 1298 me
697 1255 765 1299 non
814 1252 873 1312 eos,
890 1236 972 1318 quod
983 1261 1044 1300 non
1057 1248 1104 1300 est
1115 1258 1252 1313 necesse3
1276 1240 1436 1318 magisque
1451 1237 1509 1299 fre·

10 1362 16 1397 :
69 1319 305 1398 mendose,
320 1324 471 1386 inventus
484 1344 614 1386 nomme
630 1343 698 1387 non
710 1328 764 1386 in·
813 1334 958 1403 quentsts
973 1328 1064 1387 estin
1080 1327 1136 1385 huc
1150 1327 1370 1405 significatione
1384 1345 1509 1406 praepo·

70 1406 313 1482 urropasstibns.
813 1411 881 1471 sitio
905 1404 985 1472 naris
1006 1433 1072 1475 cum
1088 1414 1231 1493 genitivo,
1253 1432 1343 1492 quem
1367 1406 1456 1490 πρὸς,
1478 1421 1511 1472 ut

103 1490 167 1554 Ubi
181 1494 347 1575 scrupulus
364 1499 499 1572 occurrit,
517 1497 667 1579 quomodo
684 1497 765 1557 diost
812 1497 843 1556 in
857 1497 915 1558 hac
929 1501 996 1579 ipse
1011 1500 1140 1581 epistole
1152 1520 1218 1579 oep.
1233 1503 1279 1560 8.:
1302 1501 1379 1577 Quis
1394 1508 1509 1560 contra

70 1576 146 1641 Dens
161 1599 197 1641 se
213 1583 386 1661 quaesitum
403 1602 476 1658 esse,
497 1593 528 1646 et
541 1593 642 1647 temen
658 1586 761 1645 inven-
813 1585 894 1644 nos?
917 1585 959 1645 Et
975 1588 1099 1647 iterum:
1123 1589 1199 1665 Quis
1214 1587 1375 1646 accusabit
1391 1588 1508 1647 adver-

72 1666 473 1749 marton-quaerentibus.
489 1669 763 1751 Antilogismhsuc
812 1689 864 1731 srcs
879 1672 990 1735 electos
1008 1674 1093 1734 Dei?
1116 1674 1159 1733 Et
1174 1694 1239 1755 cap.
1258 1678 1324 1733 11.:
1347 1674 1509 1749 Interpel-

10 1798 17 1851 ι
71 1763 266 1833 opponentem
291 1756 401 1819 tollere
425 1757 523 1821 voluit
547 1758 763 1838 Hieronymus,
813 1760 860 1818 lat
873 1760 978 1820 Deum
998 1761 1169 1821 adversum
1184 1761 1297 1836 lsrael,
1319 1781 1355 1820 sc
1375 1781 1508 1821 rursum:

10 1854 15 1917 ξ
71 1837 133 1901 ism
158 1841 206 1903 its
232 1846 342 1905 vertit:
376 1847 590 1924 Quaesierunt
614 1865 681 1923 me,
708 1849 764 1923 qui
812 1847 888 1909 Noli
902 1847 1039 1922 ploriari
1055 1850 1207 1909 aduersus
1221 1866 1335 1909 ramos.

10 1930 14 1973 l
72 1935 138 1991 mie
160 1949 233 1992 non
258 1933 517 2009 interropabant,
544 1954 581 1994 ec
607 1936 633 1996 si
657 1953 763 1994 sensus
860 1936 942 1995 Tota
967 1936 1018 1996 die
1045 1936 1187 2012 expandi
1213 1954 1327 1997 manns
1353 1954 1439 1994 meas
1465 1936 1509 1995 ad

73 2023 158 2075 urst:
190 2016 272 2080 Cum
296 2024 368 2079 ente
390 2019 475 2082 nulls
496 2021 570 2101 ipsis
593 2026 671 2082 esset
693 2039 765 2080 curs
809 2023 970 2098 populum
995 2042 1063 2085 non
1090 2023 1268 2082 credentem
1292 2029 1321 2081 et
1344 2023 1509 2082 contradi·

73 2120 110 2163 ns
128 2106 320 2184 qurerendi,
343 2114 397 2166 eut
419 2105 457 2167 de
479 2126 527 2168 me
552 2105 763 2187 interrogandi,
814 2117 941 2170 centem
964 2109 1056 2169 Multi
1072 2108 1190 2168 codices
1206 2107 1321 2168 addunt
1335 2110 1432 2186 mine
1456 2106 1508 2168 sed

73 2196 177 2268 usta,
191 2190 299 2253 endiis
313 2192 401 2254 verbi
415 2192 653 2273 praedicatione,
676 2192 765 2276 tracti
813 2194 892 2256 bene
908 2195 1078 2258 submotum
1094 2217 1112 2256 s
1128 2196 1344 2256 correctoribus
1355 2195 1508 2256 Romanis.

73 2278 763 2360 mmmmqmororemeeoepsmne
812 2281 892 2344 Nem
917 2302 973 2343 uec
997 2285 1028 2344 in
1048 2282 1164 2344 Graeco
1188 2281 1304 2361 legitur,
1328 2300 1384 2341 neo
1403 2284 1434 2341 in
1449 2282 1509 2361 Sy·

104 2362 177 2425 Huc
189 2374 314 2447 spectu
324 2367 417 2427 etism
428 2366 482 2429 ille
497 2367 687 2449 quorundum
698 2386 764 2426 ver
812 2371 902 2445 risco,
928 2389 984 2429 nec
1009 2369 1090 2450 epod
1117 2377 1370 2439 commentatores,
1395 2369 1509 2443 Ambe,

74 2449 125 2511 rio:
146 2451 313 2530 Quaerere
335 2472 385 2515 ms
405 2455 478 2533 feci.
503 2453 567 2515 Alii
589 2453 655 2516 loeo
677 2452 763 2514 verbi
811 2457 999 2530 Primesium,
1015 2455 1179 2518 Sedulium.
1201 2455 1292 2515 Multi
1307 2474 1508 2536 quoquemss.

74 2540 227 2613 maten
240 2559 322 2615 suns,
338 2541 554 2602 usmtulcrunt
569 2540 679 2602 obvies
692 2540 765 2617 fac·
813 2543 1182 2624 codicesnonegnosount.
1195 2541 1508 2622 DeniqueueoLXX

77 2629 118 2685 ins
139 2642 233 2702 sum,
260 2633 295 2686 ut
324 2624 498 2706 Psgninus3
528 2624 580 2688 vel
607 2628 765 2704 expositus
813 2633 1006 2711 scripserunt.
1030 2628 1160 2689 Addidit
1181 2629 1336 2709 quispiam,
1359 2626 1439 2708 quod
1454 2648 1508 2708 pu·

75 2726 148 2788 nun,
176 2723 213 2774 ut
235 2711 435 2789 Tremellius,
460 2712 615 2775 adducens
638 2710 764 2775 similem
812 2725 893 2779 taret
906 2716 946 2779 ed
961 2735 1083 2778 sensum
1098 2714 1211 2777 deesse.

74 2794 161 2859 lm
179 2798 300 2861 Prsimi
323 2804 413 2861 111.:
436 2803 560 2877 Μαρια
583 2819 681 2877 opera
703 2800 763 2859 do·
855 2802 1019 2864 (iustorum
1032 2805 1064 2864 in
1079 2802 1222 2865 Hebraeo
1236 2821 1293 2861 neo
1307 2799 1383 2861 illud
1398 2808 1459 2861 est:
1479 2807 1509 2860 et

75 2885 329 2964 ὴὴςιιοιιίω,
344 2885 442 2960 idest,
456 2888 604 2968 exposite,
617 2886 765 2949 omnibns
812 2891 1089 2953 contradicentem.
1123 2889 1175 2948 Ex
1201 2906 1262 2968 quo
1289 2895 1391 2967 petet,
1418 2889 1508 2948 etiem

74 2970 248 3035 volentibus
258 2992 309 3050 ea,
321 2974 365 3036 sio
375 2982 410 3035 ut
421 2994 458 3036 es
468 2993 617 3053 quaerere
627 2975 692 3055 jem
702 2993 763 3035 nou
810 2978 889 3039 hunc
903 2986 1020 3057 partem
1036 2977 1075 3037 sb
1090 2974 1236 3054 Apostolo
1260 2976 1346 3035 citeri
1360 2976 1453 3053 magis
1470 2993 1508 3035 ex

74 3055 204 3141 ''ilipu-
812 3065 1058 3145 interpretatione
1073 3061 1182 3136 LXX,
1199 3080 1341 3142 quumex
1352 3060 1507 3135 Hebraeo,

106 3140 303 3227 Quemquam
318 3144 496 3227 simpliciter
510 3145 642 3227 intelligi
654 3148 697 3207 sio
708 3164 761 3226 po·
810 3150 932 3213 temetsi
948 3151 1087 3211 insensu
1101 3148 1218 3208 nulium
1234 3155 1280 3208 est
1295 3145 1459 3207 dissidium

72 3234 136 3291 tue:
157 3232 316 3314 quaesitus
330 3251 402 3305 sum,
417 3231 449 3294 id
464 3243 517 3307 est,
534 3233 673 3294 inventus
688 3251 761 3319 sum,
854 3236 932 3298 Sunt
945 3243 1047 3297 sutem
1060 3235 1137 3295 hoec
1160 3233 1253 3295 verbe
1276 3232 1359 3313 apud
1377 3232 1504 3294 eundem

73 3323 100 3377 n
109 3334 152 3379 ex
164 3319 264 3399 priori
274 3318 426 3400 posterius
441 3319 627 3400 significetur
635 3338 691 3400 per
701 3334 763 3380 me·
809 3324 994 3404 Prophetsm
1006 3323 1108 3385 stetim
1119 3329 1189 3402 post
1201 3321 1366 3399 superiore,
1382 3329 1415 3380 et
1423 3320 1504 3380 hunc

73 3400 204 3484 elopem
221 3404 276 3466 Sic
288 3407 369 3467 enim
379 3406 606 3486 ipseProphets
617 3427 651 3467 se
662 3407 762 3486 ipsum
810 3408 925 3471 habent
968 3428 1102 3472 sensum:
1147 3408 1208 3467 Per
1250 3407 1505 3486 praedicationem

72 3487 257 3573 hitrproisri
270 3491 391 3554 videtur
400 3492 533 3554 membro
549 3491 692 3554 secundo.
708 3491 761 3551 At·
811 3494 927 3557 Christi
942 3505 974 3556 et
987 3495 1204 3575 Apostolorum
1223 3493 1299 3571 ejus,
1324 3501 1356 3553 et
1372 3513 1428 3573 per
1443 3513 1504 3554 cre·

73 3591 126 3654 que
137 3575 200 3639 hee
213 3579 397 3659 posteriores
413 3580 619 3659 expositiones
634 3598 703 3640 cum
719 3597 763 3652 eo,
811 3584 866 3644 bre
881 3582 1026 3645 miraculo
1041 3582 1080 3663 ab
1097 3581 1140 3641 eis
1156 3579 1245 3654 fecte,
1266 3582 1407 3643 continue
1422 3581 1506 3642 velut

24 3702 27 3707 ·
72 3660 256 3741 quim„
269 3672 431 3740 verterunt,
443 3664 581 3747 edeoque
592 3686 660 3727 cum
672 3682 762 3726 sensu
812 3665 1260 3750 expensisedemplecteudum
1270 3667 1406 3727 manibus
1419 3687 1505 3746 pree·

72 3743 196 3813 lemno
216 3752 315 3832 rengis
337 3753 531 3813 conveniunt.
555 3750 696 3815 Ostendit
710 3770 763 3810 eu·
810 3755 863 3816 bui
890 3775 937 3816 me
964 3752 1206 3836 cognoscendum
1228 3753 1339 3833 populo
1362 3754 1505 3825 Judeico,

10 3858 15 3887 ¹
73 3842 126 3907 hs,
144 3835 198 3899 la’e
215 3836 300 3899 locu
313 3838 462 3920 Apostoli,
485 3859 573 3920 quern
596 3857 702 3900 verum
723 3839 766 3897 sit
813 3844 866 3925 qui
883 3849 984 3902 temen
997 3839 1174 3923 persuaderi
1191 3861 1252 3901 non
1267 3842 1373 3919 potuit,
1395 3848 1429 3900 ut
1443 3859 1505 3900 cre·

16 4002 20 4007 ,
73 3918 331 3987 ihdsPstrrtus
341 3925 487 3988 sdversus
497 3926 679 4006 Pelagianos
691 3923 762 3984 defi·
813 3928 897 3991 deret
918 3928 963 4006 (id
983 3930 1064 3989 enim
1086 3927 1237 4006 significet
1251 3926 1401 3988 Graecum
1417 3946 1506 3986 vocs·

10 4016 14 4091 ζ
71 4008 763 4076 muzentimnondsrirocundummsrin.
812 4015 917 4077 bulum
942 4007 1139 4089 ἀπειθοῦντα,
1163 4015 1252 4093 quusi
1272 4013 1363 4085 dicas,
1386 4015 1507 4090 impes·-

10 4158 14 4171 ‚
107 4096 158 4157 Ἡ·
181 4096 236 4159 Ad
245 4098 351 4160 Itt'at'l
362 4107 470 4161 autem
485 4100 571 4159 dicii·
587 4098 639 4160 Ad
650 4096 765 4171 lttssi'l,
814 4098 976 4180 suasum),·
999 4101 1054 4163 sed
1070 4120 1188 4178 semper
1211 4099 1396 4159 contradixit
1410 4119 1446 4159 sc
1460 4117 1506 4159 re·

72 4177 183 4244 ⁰¹⁸0&
205 4177 289 4263 πρὸς
305 4176 359 4245 τὸν
380 4175 502 4264 imni,
526 4185 606 4267 quod
620 4185 764 4245 Eruimus
813 4190 887 4251 stitit
902 4188 1098 4268 evangelicae
1112 4184 1339 4266 praedicationi,
1364 4195 1398 4245 ut
1417 4187 1507 4265 juxte

72 4268 393 4352 mrmdmputsvit:
408 4269 765 4334 accommodum
814 4275 965 4338 Simeonis
988 4272 1140 4335 oraculum
1163 4271 1258 4331 iectus
1280 4273 1318 4332 sit
1340 4272 1398 4331 illis
1421 4271 1507 4332 Chri·

74 4354 146 4415 snm
170 4355 214 4418 sd
237 4358 337 4438 ipsum
357 4359 454 4420 Israel
477 4358 649 4439 diriguntur
670 4357 766 4418 verbs
813 4370 877 4423 stus
893 4362 925 4422 in
940 4362 1066 4441 signum,
1082 4360 1131 4418 cui
1147 4357 1378 4429 contradicetur,
1389 4361 1461 4418 Luc.
1479 4363 1506 4418 2.

72 4445 236 4521 unumne,
259 4442 317 4505 sed
331 4445 370 4506 de
391 4464 428 4507 eo
443 4445 593 4520 dicuntur,
616 4454 647 4505 et
662 4453 766 4506 nonna
855 4449 973 4509 Rursus
999 4466 1038 4507 ex
1060 4445 1117 4506 hon
1138 4444 1310 4522 Prophetes
1336 4446 1507 4505 testimonio

73 4524 164 4603 ῐμω
184 4528 312 4593 meme
340 4530 402 4594 Sed
424 4533 524 4593 serios
547 4539 594 4593 est
614 4532 766 4612 praeposi·
813 4534 973 4596 manifeste
992 4533 1138 4613 sequitur,
1159 4529 1239 4612 quod
1259 4530 1425 4611 Apostolus
1440 4550 1509 4610 pror

74 4610 177 4678 florem
194 4610 278 4696 epi<
292 4616 360 4680 loeo
374 4609 456 4696 nepi,
473 4620 522 4694 de,
537 4619 667 4699 positum
682 4637 766 4693 esse3
813 4620 946 4682 bendum
967 4625 1143 4699 sumpserat,
1165 4618 1310 4680 Israelem
1333 4618 1509 4699 cognouisse

74 4701 324 4777 ruminetur
338 4713 369 4767 st
381 4704 465 4780 olibi,
487 4713 523 4766 ut
536 4707 568 4767 iu
583 4703 713 4787 epistole
726 4703 766 4766 sd
814 4707 853 4767 de
868 4706 995 4782 Christo,
1011 4707 1086 4786 quie
1101 4725 1161 4765 non
1176 4703 1273 4765 solnm
1288 4705 1403 4767 audivit
1415 4704 1453 4764 de
1463 4723 1509 4778 eo,

117 4802 183 4845 esti.
195 4802 270 4846 istit
282 4806 358 4847 ts..
375 4804 432 4846 tn.
446 4802 463 4846 t
1261 4811 1301 4871 16
