3254 5190
493 300 657 356 aristoles
674 301 714 355 an
733 300 885 356 haustos.
920 300 1006 355 vans
1024 303 1049 355 4.
1474 305 1495 372 9

47 489 92 537 est
112 468 292 553 γενομένου,
316 475 398 557 quod
413 496 473 537 non
495 475 644 556 significat
666 477 749 556 geni·
797 477 894 551 homo,
917 478 967 558 qui
990 484 1037 537 est
1056 476 1201 550 Christus,
1224 484 1305 538 esset
1326 475 1406 537 filius
1424 473 1495 536 Dei

45 578 115 635 mm,
137 563 193 624 sed
208 563 340 624 iactum:
363 563 437 624 lieet
451 565 539 623 etiam
554 565 656 642 genita
672 583 749 622 eom·
799 563 943 642 Quamvis
960 565 1036 624 enim
1052 573 1173 645 propter
1191 565 1334 624 unitatem
1348 580 1496 643 personae

47 650 223 732 prehendat
246 651 330 710 Idem
345 650 470 711 verbum
486 649 553 709 Gal.
571 654 599 710 4.
616 653 751 712 Factam
801 659 904 710 contra
919 651 1092 710 Nestorium
1115 653 1200 712 nobis
1216 651 1376 710 certissime
1391 656 1494 709 tenen·

51 758 88 797 er
100 739 249 813 muliere,
271 739 397 815 factum
412 737 468 796 sab
484 739 556 812 lepe.
579 738 645 798 Nee
665 738 751 796 aliter
801 736 869 796 dum
893 739 943 812 sit,
972 739 1051 797 hunc
1074 737 1222 797 hominem
1250 756 1368 816 semper
1398 744 1429 795 et
1457 735 1496 796 ab

51 846 86 883 eo
100 823 169 883 loeo
184 825 341 884 Erasmus.
365 825 535 884 Pronomen
558 827 586 883 ei
607 844 705 904 neque
719 823 750 881 in
799 832 921 885 aeterno
952 824 1046 885 fuisse
1075 825 1133 884 Dei
1167 824 1275 897 filium3
1305 843 1365 882 non
1394 831 1497 882 tamen

51 911 165 971 Gracco
190 919 253 982 est,
282 930 381 991 neque
402 912 433 970 in
455 910 596 988 Syriaco,
620 910 675 971 sed
697 930 749 969 ne·
799 910 837 970 ab
861 921 983 973 aeterno
1005 931 1110 971 verum
1132 910 1187 970 fuit
1209 910 1316 982 dicere,
1339 910 1389 970 hic
1408 908 1495 968 homo

51 1017 105 1076 qne
139 998 171 1056 in
205 997 343 1056 omnibus
376 997 501 1056 Latinis.
546 998 750 1057 Tertullianus
800 1006 846 1056 est
877 995 955 1058 filius
989 997 1057 1058 Dei.
1102 997 1180 1056 Nam
1210 999 1281 1057 unio
1305 996 1399 1055 Verbi
1429 1016 1496 1054 cum

51 1103 168 1164 quoqne
192 1083 292 1143 locum
315 1084 395 1143 hunc
417 1084 553 1163 allegans
570 1084 620 1144 lib.
644 1083 749 1144 adver·
800 1103 890 1143 carne
912 1084 993 1144 iacta
1015 1085 1111 1143 estin
1134 1092 1277 1164 tempore.
1315 1084 1383 1142 Hoc
1398 1082 1496 1159 igitur,

53 1189 97 1229 ms
124 1170 281 1230 meeam
310 1191 336 1231 c.
360 1171 410 1229 27.
438 1179 552 1249 partem
582 1170 659 1231 hanc
689 1192 750 1230 nan
800 1170 879 1250 quod
913 1174 943 1231 in
975 1181 1107 1249 tempore
1137 1169 1246 1230 factum
1281 1177 1341 1242 est,
1375 1168 1496 1229 effectus

53 1255 139 1327 addit,
164 1266 198 1316 nt
212 1276 271 1316 nec
287 1256 462 1317 Ambrosius
482 1256 546 1318 loco
563 1267 633 1318 ante
649 1258 749 1316 citato.
801 1259 856 1317 fuit
885 1259 1005 1318 divinae
1038 1257 1333 1336 praedestinationis,
1366 1257 1497 1335 ideoque

55 1344 92 1402 Ac
107 1346 282 1403 sententiae
297 1343 417 1403 videtur
432 1344 519 1403 etiam
536 1344 671 1404 obstare:
687 1343 750 1401 vult
800 1345 1053 1423 praedestinatum
1068 1353 1149 1403 recte
1165 1343 1280 1403 dicitur.
1313 1343 1356 1402 Et
1372 1343 1403 1402 in
1418 1342 1497 1401 bunc

57 1432 126 1489 cuim
142 1429 313 1510 Apostolus
335 1449 402 1489 eum
425 1430 477 1510 qui
498 1430 535 1490 ab
558 1438 682 1490 aeterno
706 1438 751 1489 est
800 1450 919 1490 sensum
952 1431 1087 1510 plerique
1122 1438 1366 1490 commentatores
1396 1428 1498 1488 Latini

57 1517 125 1575 tilius
148 1517 230 1590 Dei,
260 1517 291 1575 in
320 1527 455 1595 tempore
483 1517 594 1577 lactum
624 1537 691 1578 esse
715 1536 750 1574 ac
800 1519 1033 1598 interpretantur
1059 1518 1134 1576 haec
1166 1517 1254 1575 Pauli
1287 1515 1397 1575 verba:
1436 1518 1497 1597 Qui

60 1605 182 1682 genitum
205 1604 383 1664 aeneadum
406 1623 550 1680 caraem,
575 1602 604 1662 id
628 1611 681 1673 cst,
704 1622 748 1662 se·
797 1605 1055 1680 praedestinatur
1077 1611 1120 1663 eat
1141 1605 1226 1680 filiae
1248 1605 1318 1662 Dei.

61 1689 178 1749 cundum
202 1691 366 1750 humanam
394 1699 542 1764 naturam,
574 1709 612 1749 ex
640 1691 751 1750 semine
843 1691 908 1750 Nee
932 1690 1082 1750 diversum
1106 1689 1247 1769 estquod
1263 1689 1396 1748 Thomas
1416 1689 1496 1762 dicit,

63 1778 281 1856 apostoritate
303 1775 415 1836 David.
453 1778 521 1836 Hoc
543 1785 641 1837 autem
664 1776 750 1836 modo
800 1771 1103 1857 praedestinationem
1119 1777 1187 1835 binc
1209 1776 1331 1835 attribui
1349 1794 1498 1854 personae

63 1885 109 1922 uon
130 1873 178 1922 est
192 1865 316 1942 genitus
331 1863 408 1942 patri
431 1864 507 1934 Deo,
530 1863 582 1923 sed
598 1863 685 1922 matri
701 1862 750 1921 ho·
801 1863 922 1937 Christi,
940 1872 1029 1943 prout
1043 1863 1177 1923 subsistit
1190 1864 1221 1923 in
1236 1863 1365 1923 humana
1379 1870 1496 1922 natura.

65 1951 133 2008 nini:
164 1952 240 2030 quia
270 1947 434 2009 secundum
463 1960 598 2011 naturam
621 1956 751 2008 creatam
808 1951 897 2011 Unde
912 1959 943 2010 et
957 1952 1138 2026 Apostolus,
1163 1951 1265 2030 inquit,
1286 1952 1379 2025 prius
1394 1949 1496 2025 {iliam

65 2057 109 2095 ron
137 2047 184 2096 eet
215 2036 297 2096 tilius
320 2036 394 2109 Dei,
425 2036 478 2096 sed
506 2037 585 2096 filius
614 2034 749 2095 hominis.
803 2039 863 2097 Dei
884 2041 1090 2098 incarnatam
1120 2056 1180 2096 esse
1207 2039 1436 2112 praemiserat,
1468 2042 1498 2095 et

66 2123 279 2202 synecdochice
293 2142 349 2201 per
364 2142 482 2184 carnem
497 2124 625 2182 humana
644 2131 751 2182 natura
797 2132 910 2199 postea
939 2128 967 2184 ei
987 2124 1312 2201 praedestinationem
1339 2123 1495 2196 attribuit,

66 2209 218 2287 imificats
241 2216 301 2268 est:
328 2208 398 2268 ideo
428 2209 554 2269 tortasse
583 2208 661 2291 quod
690 2231 750 2269 non
798 2218 835 2269 at
849 2213 1049 2286 intellipatar
1069 2212 1329 2285 praedestinatas
1353 2227 1425 2284 esse,
1448 2229 1497 2269 oe·

66 2297 154 2369 nima,
176 2295 235 2356 sed
258 2296 324 2355 sola
346 2315 415 2355 earo
438 2296 476 2356 sit
498 2317 537 2356 ex
559 2295 691 2355 traduce.
800 2299 942 2358 eandam
959 2299 1043 2374 quod
1060 2297 1166 2373 factae
1181 2304 1224 2356 eet
1240 2298 1409 2356 exsemine
1425 2298 1496 2357 Da·

95 2381 257 2443 Caeterum
292 2401 331 2441 ex
362 2380 421 2441 hoe
452 2381 518 2441 loco
552 2384 629 2442 hene
663 2381 750 2441 docet
800 2386 855 2444 vid
876 2384 1047 2444 secundam
1071 2402 1209 2444 caraem.
1246 2382 1333 2441 Haec
1355 2383 1407 2441 ille
1428 2391 1496 2462 post

65 2469 237 2546 Augustinus
266 2468 318 2528 lib.
342 2469 371 2526 2.
395 2466 434 2528 de
463 2488 611 2529 consensu
633 2469 749 2546 Evang.
799 2471 919 2549 longam
935 2470 1169 2551 disquisitionem
1186 2488 1290 2528 sensus
1309 2468 1437 2528 Paulini
1460 2469 1497 2529 In

66 2574 82 2612 c
108 2561 133 2613 1.
164 2556 201 2615 B.
237 2555 395 2634 Virginem
428 2555 553 2615 Mariam
586 2574 623 2613 ex
659 2556 750 2634 stirpe
799 2578 886 2638 qnam
906 2557 1082 2618 sententiam
1101 2557 1283 2616 conveniunt
1305 2563 1335 2615 et
1351 2575 1395 2631 ea,
1418 2575 1498 2634 quae

66 2640 150 2700 David
179 2661 278 2722 genus
307 2641 445 2714 duxisse,
479 2662 545 2701 eum
573 2643 751 2720 genealogia
799 2643 1494 2725 deChristipraedestinatione‚tanquamprae·

65 2726 169 2800 Christi,
193 2749 285 2809 qnam
308 2728 479 2788 Matthaeus
501 2729 660 2796 contexuit,
683 2737 746 2788 tan·
801 2731 1094 2791 clarissimonostrae
1107 2729 1386 2811 praedestinationis
1399 2748 1497 2789 exem·

66 2821 112 2873 tum
123 2814 153 2875 id
169 2815 209 2875 de
221 2814 357 2894 Josepho
378 2815 490 2875 directe
509 2815 623 2894 probet.
648 2816 749 2895 Quan-
800 2820 883 2899 plari,
902 2817 1023 2878 disserit
1037 2819 1113 2897 Aug.
1127 2817 1177 2877 lib.
1192 2816 1229 2876 de
1240 2815 1388 2897 praedest.
1402 2825 1494 2876 sanet

65 2920 139 2979 quam
161 2911 233 2963 sunt
248 2909 279 2961 et
294 2902 354 2961 alia
369 2903 437 2961 loca
451 2903 524 2962 satis
546 2903 647 2972 multa,
670 2922 748 2981 quae
801 2927 824 2964 c.
851 2906 898 2964 15.
921 2907 962 2965 Et
985 2913 1069 2964 tract.
1095 2907 1165 2965 104.
1186 2924 1273 2984 super
1293 2904 1452 2964 Joannem.

64 2985 162 3048 directe
183 2988 215 3048 id
244 2988 373 3068 probant
395 2989 434 3048 de
457 2987 592 3062 Christo3
620 2996 654 3047 ut
676 2988 748 3047 Luc.
844 2992 932 3071 Quod
969 3013 1041 3052 vero
1078 2991 1211 3053 nonnulli
1245 2990 1497 3071 praedestinatum

66 3079 84 3132 l.
111 3075 222 3154 angelo
252 3073 388 3135 dicente:
417 3076 516 3135 Dabit
538 3077 567 3134 ei
589 3077 750 3136 Dominus
799 3080 1029 3158 interpretantur
1049 3079 1364 3159 praedemonstratum,
1387 3076 1418 3136 id
1442 3084 1495 3148 est,

64 3162 137 3221 aaa
158 3164 264 3222 sedem
281 3163 390 3222 David
408 3165 513 3238 patris
532 3166 612 3237 ejas,
634 3170 663 3221 et
686 3161 748 3221 ubi·
798 3186 870 3245 prae
892 3166 1028 3225 omnibus
1050 3167 1134 3236 aliis,
1165 3167 1215 3245 qui
1237 3166 1290 3225 lilii
1312 3165 1372 3223 Dei
1394 3162 1495 3222 dicun·

63 3266 175 3328 tamque
205 3250 236 3309 ei
265 3248 392 3328 legimus
420 3250 628 3320 acclamatum,
660 3250 749 3307 etism
797 3261 859 3325 tur,
890 3252 1071 3312 declaratum
1094 3254 1186 3312 filium
1209 3252 1283 3323 Dei,
1312 3271 1401 3332 quum
1432 3251 1496 3329 ipse

62 3337 206 3413 apueris,
235 3337 303 3413 filio
326 3336 437 3396 David
459 3336 566 3394 Matth.
591 3339 640 3395 21.
674 3336 750 3394 Erat
799 3341 836 3400 sit
865 3339 1007 3399 naturalis
1030 3339 1089 3399 Dei
1117 3340 1209 3410 lilius,
1241 3340 1351 3398 caeteri
1382 3345 1496 3397 tanturn

62 3423 128 3480 enim
152 3443 203 3482 res
226 3424 357 3494 notorie,
386 3442 473 3502 quam
502 3443 556 3483 nee
587 3422 749 3482 adversarii
800 3447 852 3507 per
863 3426 1067 3506 adoptionem:
1084 3425 1114 3484 id
1127 3426 1262 3504 quamvis
1278 3433 1413 3484 coactum
1425 3422 1495 3483 mihi

61 3509 116 3583 ejus
139 3511 171 3569 in
193 3509 316 3569 dubium
338 3510 529 3568 revocabant.
798 3513 950 3586 rideatur,
981 3512 1161 3572 adsensum
1191 3520 1289 3571 tamen
1313 3511 1495 3572 Graecorum

94 3599 121 3655 4.
146 3599 211 3676 Qui
232 3596 492 3672 praedestinatas
513 3603 556 3655 eat
578 3595 663 3672 filiae
687 3597 750 3654 Dei
799 3602 1026 3680 appropinquat.
1051 3597 1210 3660 Sciendum
1234 3607 1280 3656 est
1302 3599 1380 3657 enim
1403 3596 1494 3657 Grae·

60 3683 86 3738 ir
100 3686 222 3742 virtute
240 3683 414 3743 seeundum
435 3686 583 3758 spiritam
606 3683 749 3758 coactili-
799 3708 863 3746 cam
884 3707 990 3747 vocem
1005 3677 1193 3763 ὁρισθέντος,
1217 3704 1296 3763 quae
1312 3684 1420 3762 legitur
1439 3681 1496 3742 hoe

57 3771 183 3829 wionis
218 3788 256 3830 ex
288 3773 517 3829 resurrectione
549 3776 749 3829 mortuoram
798 3774 873 3841 loco,
896 3795 956 3834 non
977 3774 1144 3853 significare
1159 3771 1421 3850 praedestinatum,
1444 3776 1496 3828 aut

56 3858 127 3915 Jau
155 3857 274 3917 Christi
297 3859 431 3917 Domini
456 3859 566 3917 nostri.
597 3855 688 3915 Redit
710 3854 749 3914 ad
798 3859 1041 3939 praedefinitum,
1064 3858 1117 3919 sed
1140 3857 1312 3936 simpliciter
1333 3855 1494 3928 definitum,

57 3941 261 4021 exponendam
290 3941 423 4003 divinam
454 3943 529 4002 Jesu
561 3940 669 4000 Christi
697 3961 747 4000 na·
799 3945 1039 4019 determinatum,
1070 3945 1228 4005 decretum.
1273 3942 1408 4002 Ruffiuus
1431 3939 1494 4000 Ori·

56 4040 151 4087 turam-
188 4028 346 4107 Quomodo
370 4028 504 4089 Christus
527 4028 641 4088 dicatur
663 4048 747 4107 prae·
798 4034 883 4112 genis
912 4035 1061 4109 interpres
1090 4034 1280 4091 destinatum
1309 4029 1411 4088 vertit:
1442 4025 1493 4085 ad·

56 4113 215 4175 dmtinetue
229 4116 307 4175 lilius
326 4115 394 4188 Dei,
414 4137 479 4175 cum
494 4115 583 4175 suerit
598 4115 657 4174 Dei
670 4115 748 4175 lilius
798 4118 870 4178 dens
887 4120 963 4178 inter
979 4121 1037 4179 alia
1054 4121 1141 4179 etiam
1152 4118 1225 4177 haee
1236 4116 1274 4176 de
1290 4135 1357 4174 suo:
1375 4118 1494 4196 Quam·

55 4201 86 4260 eb
100 4213 233 4277 aeterno,
249 4201 289 4261 ad
304 4201 335 4261 id
350 4211 459 4272 autem,
478 4201 557 4282 quod
574 4202 611 4261 ab
627 4210 747 4261 aeterno
799 4209 845 4264 vis
861 4209 994 4266 enimin
1008 4208 1133 4265 Latinis
1148 4202 1381 4279 exemplaribus
1395 4219 1494 4276 prae-

54 4286 109 4360 tuit,
131 4288 218 4348 nulla
240 4291 279 4348 sit
294 4288 536 4368 praedestinatio,
560 4288 612 4348 sed
629 4287 748 4348 adsela
797 4293 972 4352 destinatas
986 4294 1085 4353 micat
1107 4294 1263 4352 inueniri:
1286 4298 1393 4348 tamea
1409 4288 1494 4363 qaod

55 4374 161 4435 futura:
193 4375 350 4456 disputant
372 4376 524 4454 'Pheologi
547 4376 577 4434 in
608 4375 636 4433 3.
666 4375 745 4434 Sent.
796 4382 1065 4456 irterpretationis
1090 4382 1204 4439 veritas
1226 4378 1327 4450 habet,
1351 4375 1494 4434 destina·

55 4460 114 4520 dist
138 4463 167 4522 7.
191 4482 227 4522 ac
257 4470 341 4522 recte
363 4460 484 4533 docent,
515 4460 665 4521 Christum
689 4462 747 4520 dici
797 4475 847 4526 tas
870 4469 1024 4542 seriptum
1047 4475 1107 4541 est,
1137 4484 1204 4526 aaa
1225 4464 1493 4541 praedestinatas.

55 4567 134 4627 poree
158 4549 421 4630 'praedestinatum
451 4548 542 4608 filium
570 4549 647 4619 Dei,
677 4569 747 4628 qua·
796 4553 846 4612 Sic
868 4554 926 4612 ille.
958 4554 1163 4612 Tertullianus
1193 4571 1313 4632 quoqne
1343 4548 1493 4610 definitum

54 4650 131 4695 tenus
160 4637 200 4697 ab
222 4629 359 4716 ,aeterna
390 4634 540 4694 decretum
571 4655 606 4694 ac
627 4654 746 4714 praeor·
796 4640 869 4718 legit
891 4659 944 4699 seu
965 4640 1055 4699 vertit
1077 4640 1143 4698 loco
1168 4640 1305 4718 superius
1328 4637 1426 4695 citato.

55 4720 178 4792 dirrstmn
200 4730 249 4785 est
269 4742 290 4785 a
310 4723 397 4797 Deo,
429 4730 463 4781 ut
492 4723 523 4784 in
544 4731 678 4803 tempore
700 4722 747 4784 bie
838 4726 970 4788 Sumitur
991 4735 1090 4788 sutem
1112 4725 1262 4787 interdum
1291 4744 1352 4784 vox
1375 4721 1493 4785 Graeca
