3254 5190
130 266 162 320 Vl

130 445 346 513 bibliothecis
374 465 504 532 quoquc
533 444 608 529 illis,
638 465 722 531 quae
751 446 836 511 inter
860 446 1019 509 maximas
1047 450 1233 529 censentur,
1261 444 1352 510 nulla
1374 447 1579 530 exemplaria

132 566 352 654 reperiantur,
380 566 434 632 vel
461 584 589 632 manca.
644 566 696 630 Ita
723 564 935 631 Bibliotheca
962 565 1055 651 regia
1078 564 1286 631 Monacensis
1313 586 1420 631 atreum
1449 575 1578 633 tantum

133 687 303 773 exemplar
331 684 455 771 habet,
494 684 708 752 Bibliotheca
735 685 971 752 Universitatis
1013 686 1173 768 alterum,
1216 686 1275 750 sed
1310 707 1373 751 uno
1412 688 1578 753 volumine

133 811 332 874 truncatum.
385 807 470 873 Huic
503 807 628 873 infelici
662 809 769 873 casui.
807 826 871 895 quo
909 806 1102 881 thesaurus,
1141 807 1196 892 qui
1232 804 1359 891 publici
1390 810 1475 892 juris
1503 829 1577 876 esse

134 927 323 1012 debuisset,
358 929 391 993 in
424 948 605 1014 paucorum
641 947 756 994 manus
791 926 978 1013 relegatur,
1013 925 1268 992 succurrendum
1305 947 1377 993 esse
1413 929 1577 1014 duximuS,

134 1056 169 1116 et
196 1047 341 1115 editione
368 1048 565 1135 Moguntina
591 1049 755 1136 aliquam,
783 1051 816 1115 ni
844 1047 1007 1132 fallimur,
1042 1045 1131 1132 apud
1158 1047 1297 1115 Nostros
1324 1051 1465 1132 gratiam
1494 1070 1576 1115 con-

134 1171 240 1235 secuti
267 1188 390 1237 sumus.

238 1288 336 1373 Quod
363 1289 406 1356 ad
432 1291 578 1357 rationes
606 1292 737 1373 attinet,
766 1311 851 1377 quae
879 1292 912 1356 in
941 1288 1070 1355 edendo
1091 1289 1185 1354 Estio
1208 1287 1304 1354 nobis
1326 1291 1578 1376 praeluxerunt,

135 1412 271 1478 eaedem
299 1412 368 1478 iere
397 1418 483 1495 sunt,
513 1431 594 1498 quas
615 1414 685 1496 J'am
712 1413 803 1497 prius
830 1412 863 1476 in
889 1409 1083 1476 Maldonato
1112 1412 1334 1495 exposuimus.
1388 1409 1578 1477 Editionem

134 1534 240 1600 secuti
261 1552 371 1599 sumus
393 1532 621 1599 Coloniensem
647 1534 722 1597 anni
747 1531 983 1608 MDCXXXI,
1008 1550 1027 1595 a
1049 1532 1315 1616 praeclarissimo
1337 1530 1420 1597 Viro
1443 1531 1578 1597 Jacobo

133 1655 239 1721 Mcrlo
271 1655 407 1720 Horstio
448 1654 659 1720 adornatam.
701 1672 786 1740 quae
824 1656 909 1719 inter
943 1655 1085 1737 optimas
1125 1659 1337 1737 numeratur,
1379 1654 1577 1738 corrigendo

134 1777 371 1845 cementario
399 1782 492 1842 tanta
518 1796 598 1843 cura
623 1778 793 1862 impensa,
821 1780 945 1862 quanta
973 1774 1062 1861 apud
1089 1775 1318 1861 typographos
1337 1781 1468 1842 nostros
1490 1775 1577 1841 Ger·

135 1914 249 1963 manos
277 1895 429 1963 adhiberi
455 1902 578 1985 potest.
619 1897 656 1963 ln
684 1916 785 1983 opere
813 1914 894 1989 vero
917 1897 989 1983 ipso
1009 1896 1148 1983 pulchre
1178 1902 1213 1961 et
1236 1896 1407 1981 eleganter
1436 1896 1577 1982 edendo,

135 2019 222 2084 sicut
259 2016 358 2085 hodie
392 2020 491 2085 moris
529 2027 596 2099 est,
641 2017 828 2107 bibliopola
861 2018 1110 2087 honestissimus
1146 2024 1180 2084 et
1217 2018 1433 2085 amicissimus
1469 2039 1577 2105 neque

135 2138 339 2227 sumptibus,
367 2159 474 2227 neque
501 2139 609 2207 labori
637 2144 804 2229 pepercit,
834 2148 878 2229 et,
905 2141 994 2229 qnod
1021 2142 1237 2227 praecipuum
1267 2147 1329 2226 est,
1355 2141 1499 2228 pretium
1529 2143 1578 2206 ita

134 2263 293 2330 minutum
321 2263 504 2347 constituit,
533 2272 569 2329 ut
596 2262 748 2332 omnibus
774 2269 908 2350 praesto
938 2282 1009 2329 esse
1032 2263 1147 2349 possit.
1190 2262 1381 2330 Editionnm
1404 2263 1576 2328 elenchum

135 2390 171 2449 et
210 2384 362 2450 lectionis
404 2384 600 2451 varietatem
641 2384 785 2453 libenter
825 2386 1012 2468 omisimus,
1054 2384 1158 2471 quod,
1201 2385 1279 2470 qnia
1315 2382 1579 2450 Commentarius

134 2510 247 2570 noster
281 2503 466 2570 catholicus
509 2510 579 2591 est,
621 2512 656 2572 et
693 2507 774 2572 nihil
815 2506 904 2572 aliud
945 2505 1202 2591 reprehensione
1245 2506 1379 2591 dignum
1421 2508 1577 2577 occurrit.

135 2644 305 2712 magnam,
333 2630 465 2711 nescio,
494 2628 547 2695 cui
575 2624 700 2692 Critico
728 2627 903 2713 Lipsiensi,
932 2624 994 2692 init
1021 2625 1144 2692 doloris
1165 2628 1425 2692 incitamentum.
1481 2626 1575 2691 Tho·

135 2746 264 2814 luckius
299 2767 380 2815 vero
413 2749 504 2836 ipse,
550 2749 606 2836 qui
649 2748 836 2834 elegantem
873 2746 1191 2815 Commentariorum
1229 2747 1358 2814 Calvini
1397 2747 1575 2813 editionem

136 2867 327 2953 adornavit,
354 2868 436 2936 nihil
465 2868 627 2956 ejusmodi
653 2870 788 2956 adjecit.
827 2870 869 2937 Εἰ
896 2872 923 2936 si
945 2872 1056 2958 aliqua
1077 2873 1108 2936 in
1132 2867 1225 2936 Estio
1249 2876 1403 2936 occurrat
1425 2871 1578 2936 lectionis

136 2988 332 3073 diversitas,
360 3009 400 3057 ea
426 2991 547 3058 nemini
575 2990 735 3077 debetur,
764 2994 826 3059 nisi
855 2993 1136 3079 typographorum
1163 2992 1387 3078 negligentiae
1416 2998 1450 3057 et
1479 2993 1576 3076 igno-

136 3113 280 3195 rantiae,
321 3132 428 3200 neque
455 3111 552 3179 nobis
578 3135 721 3201 unquam
750 3115 781 3178 in
811 3116 919 3180 animo
952 3113 1031 3179 luit.
1067 3114 1236 3198 vulgarem
1264 3113 1353 3177 illam
1382 3113 1576 3197 sapientiam

131 3235 282 3319 jactare,
328 3256 413 3321 quae
450 3235 538 3321 apud
579 3234 761 3303 Misnenses
797 3246 831 3302 et
867 3237 1045 3303 Portenses
1082 3236 1112 3300 in
1151 3235 1249 3301 trivio
1283 3241 1463 3320 grassatur.
1519 3234 1579 3299 Sat

137 3353 232 3422 nobis
260 3359 368 3444 egisse
396 3360 501 3425 visum
534 3363 605 3443 est,
638 3358 835 3447 optimorum
871 3359 1074 3444 ingeniorum
1111 3354 1376 3441 lucubrationes,
1415 3356 1577 3422 solidissi-

5 3524 25 3591 3
59 3570 64 3579 ³
135 3499 207 3547 mas
241 3478 414 3547 Ecclesiae
459 3481 647 3567 columnas,
687 3500 772 3569 qnae
819 3489 1000 3568 temporum
1044 3479 1184 3566 injuriae
1227 3476 1488 3560 succubuerant,
1536 3493 1577 3540 ox

137 3600 285 3668 tenebris
321 3602 463 3689 eruisse,
510 3610 543 3669 et
576 3603 605 3669 si
637 3603 716 3691 quid
751 3623 792 3670 ex
836 3622 875 3670 eo
910 3600 1082 3667 Ecclesiae
1123 3607 1158 3667 et
1193 3601 1355 3666 scientiae
1392 3598 1577 3664 catholicae

137 3723 292 3790 utilitatis
319 3729 353 3790 et
381 3722 567 3811 splendoris
595 3723 744 3811 accedit,
777 3722 876 3809 illud,
913 3720 1002 3811 quod
1029 3723 1125 3789 unice
1153 3724 1356 3810 aspiramus,
1396 3718 1576 3807 praemium

132 3847 201 3929 jam
231 3845 400 3911 consecuti
428 3862 549 3912 sumus.

180 4180 349 4251 hochstet
382 4179 641 4259 intellectori,
665 4186 713 4247 15.
729 4186 808 4248 Julii
822 4184 1049 4249 nncccxnl.

1094 4576 1107 4598 κ
1168 4506 1264 4593 Fr.
1291 4503 1528 4591 Sausen.
