3254 5190
389 279 778 339 nrsroraasuaoaruca
797 282 941 341 amaa.
1323 288 1398 377 ²17

73 458 215 519 inritatam
227 460 375 538 interpres
386 459 476 519 vertit
484 477 575 539 snpra
587 478 652 539 cap.
701 461 829 521 ttoncoa
844 458 888 521 Et
904 458 1027 539 quidem
1042 456 1162 521 Graeca
1175 449 1399 537 κατηρτισμένα

75 545 233 621 ostendat,
254 546 346 607 etiam
361 544 504 625 reprobos
518 544 653 625 benigni·
701 546 855 626 significat
864 544 1014 607 interdum
1024 544 1207 626 perlectaac
1225 545 1287 607 anis
1301 545 1399 625 parti·

79 634 232 713 patientia
252 631 313 695 Dei
334 633 512 713 plerumque
532 632 654 693 invitari
701 632 758 694 bus
772 631 918 707 absoluta,
930 629 1399 713 sivecoagmentatautquidam

73 720 230 793 ritsntiarn,
242 727 273 781 et
278 720 406 800 proinde
414 717 653 799 reprobationem
701 720 803 782 vertit
815 719 929 783 Verum
944 738 982 781 ea
993 718 1169 799 significatio
1182 739 1243 781 non
1258 720 1399 779 convenit

73 814 167 881 utare,
185 826 246 886 qno
260 806 360 867 miuus
374 806 511 867 converti
525 806 653 884 possint
700 805 771 866 buia
780 805 850 867 lolo.
865 805 964 869 Sentit
977 806 1056 867 eninr
1069 803 1232 885 Apostolus
1247 804 1311 866 irae
1324 824 1399 866 vasa

73 892 221 973 rpmbatio
237 892 314 954 nihil
330 892 478 954 subtrahit
494 891 532 951 de
546 901 652 972 poten-
700 902 806 973 parata
817 911 884 955 esse
897 891 937 952 ad
952 893 1094 967 exitium,
1109 891 1175 953 sive
1189 899 1354 973 apparata,
1365 898 1399 952 ut

73 978 185 1051 robati,
208 987 241 1040 ut
262 979 305 1039 ait
326 978 357 1040 S.
372 978 507 1040 Thomas
529 982 555 1039 1.
569 985 654 1059 parte
701 982 792 1042 vertit
804 980 959 1041 Erasmus.

83 1068 137 1129 23.
153 1074 208 1127 art.
224 1068 254 1127 3.
268 1065 308 1126 ad
323 1066 352 1125 3.
744 1067 807 1129 Sed
821 1086 880 1148 quc
896 1083 989 1127 seusu
1003 1083 1078 1125 vasa
1093 1065 1157 1125 irae
1167 1063 1396 1146 dieanturapta·

73 1150 118 1213 dit
131 1161 231 1213 antem
244 1151 409 1233 Apostolus
425 1149 464 1211 ad
480 1149 653 1231 exemplum
701 1160 742 1226 ta,
757 1152 788 1214 id
804 1162 866 1226 est,
880 1159 1060 1233 praeparata
1074 1150 1113 1211 ad
1127 1150 1291 1227 interitum,
1305 1169 1397 1231 quae·

73 1259 92 1300 ,ι
107 1235 234 1299 allatum
248 1238 288 1298 de
299 1240 466 1312 Pharaone,
477 1237 582 1318 populi
591 1237 653 1299 Dei
701 1238 792 1311 ritnr,
818 1259 886 1301 cum
911 1236 1134 1318 reprobationis
1160 1235 1280 1298 divinae
1305 1255 1397 1297 caum

73 1344 150 1399 tore,
171 1344 261 1406 quern
283 1345 344 1386 non
358 1326 459 1386 statim
475 1325 559 1386 Deua
575 1323 651 1384 occi·
700 1324 869 1388 finalisnon
885 1326 925 1387 sit
937 1325 1075 1386 interitus
1090 1331 1122 1384 et
1136 1323 1288 1387 damnatio
1303 1321 1397 1383 homi·

73 1410 84 1471 l
98 1413 183 1493 prins
197 1412 297 1474 multis
312 1431 432 1473 suorum
442 1410 542 1491 plagis
553 1410 652 1472 admo·
701 1432 780 1488 num,
795 1411 851 1474 sed
861 1410 1025 1473 declmtic
1032 1411 1171 1490 justitiae
1181 1409 1241 1470 Dei
1252 1409 1284 1469 in
1295 1428 1398 1471 eorum

77 1498 245 1559 tandemin
260 1500 409 1560 interitum
424 1497 573 1559 demersit
590 1498 651 1558 Ta·
701 1496 909 1573 damnatione,
929 1500 977 1558 uti
992 1497 1103 1559 dictum
1119 1504 1174 1559 est.
1196 1492 1306 1558 Graeci
1320 1503 1396 1556 trac·

73 1604 163 1665 toque
189 1584 308 1646 videtur
332 1587 459 1647 innuere
485 1584 541 1645 hac
566 1592 652 1666 parte
699 1593 811 1648 totores
826 1584 936 1660 dicunt,
951 1604 988 1646 ea
1001 1593 1178 1666 praeparata
1190 1600 1258 1645 ease
1268 1579 1307 1643 ad
1318 1582 1396 1643 inte·

73 1692 105 1732 m
120 1672 341 1751 reprobationis
359 1692 479 1734 causam
499 1671 619 1733 finalem
633 1690 653 1731 a
699 1673 798 1747 ritum,
812 1692 872 1735 nan
886 1692 906 1731 a
919 1671 998 1746 Deo,
1012 1670 1065 1731 sed
1076 1691 1095 1731 a
1106 1690 1139 1731 se
1148 1671 1231 1752 ipsis,
1245 1676 1397 1731 aeternam

73 1758 204 1820 lentibus
220 1760 382 1831 diversam,
397 1759 457 1820 etsi
479 1777 652 1837 nonaeque
700 1758 898 1839 perditionem
912 1759 970 1819 sibi
991 1754 1242 1839 praeparantibus
1264 1774 1318 1837 per
1340 1774 1397 1815 sua

73 1845 160 1907 alem.
173 1845 242 1905 Nou
256 1844 352 1905 solum
368 1847 445 1907 enim
460 1845 546 1906 Deus
560 1846 592 1905 in
606 1862 650 1903 re·
700 1854 833 1926 peccata,
848 1845 955 1925 quibus
971 1844 1053 1905 illam
1068 1851 1229 1906 merentur.
1240 1840 1291 1903 Sia
1306 1842 1396 1903 etiam

73 1931 232 2012 puniendis
247 1931 380 1993 ostendit
397 1932 545 2010 justitiam
566 1950 652 1991 suem
700 1942 855 2013 exponunt
869 1932 1008 2012 Aquinas
1023 1940 1056 1992 et
1066 1929 1241 2009 cajetanus.

73 2020 243 2089 atentiam,
263 2038 367 2080 verum
390 2019 482 2081 etiam
501 2019 532 2077 in
553 2018 589 2077 iis
613 2016 653 2077 ad
743 2019 856 2080 Verum
870 2020 896 2078 si
911 2018 1044 2098 phrasim
1057 2017 1136 2079 hanc
1151 2017 1325 2096 Scripturas
1346 2034 1396 2077 ex·

73 2105 172 2168 utiam
182 2105 403 2185 exspectandis,
416 2104 650 2185 lieetpoeniten·
699 2104 882 2186 pendamus,
903 2104 1050 2185 simulque
1070 2102 1260 2165 attendamus
1286 2101 1326 2162 ad
1351 2121 1398 2178 ea,

73 2214 99 2254 »n
114 2192 243 2266 acturis,
259 2193 436 2272 patientiam
451 2209 504 2252 sen
518 2191 652 2270 longani·
701 2212 782 2271 qnae
797 2191 980 2272 praecedunt
995 2200 1026 2251 et
1040 2197 1219 2272 sequnntur,
1240 2188 1337 2269 magia
1352 2189 1396 2249 vi·

73 2299 98 2339 n.
700 2277 820 2339 debitur
834 2277 910 2339 haec
924 2279 1038 2357 aptatio
1053 2297 1106 2337 sen
1129 2276 1321 2358 praeparatio
1344 2295 1396 2337 vs·

73 2386 90 2426 o
112 2364 256 2444 reprobos
278 2374 370 2425 vocat
391 2362 559 2445 Apostolus
579 2383 653 2425 vasa
700 2383 801 2426 sorum
815 2365 878 2425 irae
889 2366 920 2425 in
932 2365 1084 2425 interitum
1096 2365 1163 2425 Deo
1175 2361 1305 2423 attribui.
1316 2360 1396 2423 Nam

73 2460 90 2512 ot
111 2471 183 2512 mox
197 2451 310 2512 electos
324 2471 398 2512 vasa
420 2448 651 2525 misericordiae,
700 2471 775 2513 vasa
789 2471 851 2513 non
864 2471 884 2510 a
898 2470 932 2512 se
946 2452 1019 2532 ipsis
1035 2450 1131 2530 aptari
1145 2449 1292 2518 dicuntur,
1309 2448 1363 2509 sed
1377 2469 1397 2508 a

73 2558 116 2599 rus
132 2537 172 2598 ad
194 2539 380 2618 superiorem
402 2539 653 2618 comparationem
700 2537 803 2619 figulo.
826 2538 868 2598 ut
879 2537 942 2615 jam
958 2537 1079 2599 dixerat
1094 2535 1274 2619 Apostolus,
1296 2535 1396 2614 ipsum

73 2635 240 2685 tvasorum
260 2624 344 2702 ejus3
366 2634 515 2705 quatenus
538 2624 653 2685 seilicet
699 2624 824 2706 figulum
838 2623 939 2686 faeere
953 2645 1013 2687 non
1035 2625 1132 2686 solum
1155 2621 1307 2704 quaedam
1321 2640 1396 2683 vasa

73 2711 182 2791 probat
192 2711 285 2785 Deus,
297 2713 371 2771 utin
382 2712 419 2772 iis
430 2710 570 2772 ostendat
577 2712 651 2771 iram
699 2715 729 2773 in
745 2711 901 2786 honorem,
917 2711 1078 2773 sedetiam
1093 2710 1155 2771 alia
1177 2708 1396 2772 contumeliam.

73 2798 126 2858 bos
142 2807 243 2859 autem
259 2798 351 2879 eligit,
367 2801 442 2862 utin
455 2799 501 2858 eis
513 2795 652 2858 ostendat
699 2800 801 2879 Atque
816 2797 894 2859 idem
909 2797 1046 2859 derasis
1061 2795 1284 2859 misericordiae
1296 2795 1396 2858 statim

73 2886 298 2946 usemcordiam.
323 2883 413 2964 Quod
434 2886 513 2946 enim
529 2883 651 2963 Oajeta·
700 2886 832 2965 subjicit,
847 2884 948 2945 Deum
963 2904 1000 2945 ea
1014 2883 1248 2966 praeparassein
1259 2883 1396 2965 gloriam.

79 2972 136 3032 alii
157 2971 297 3032 nonnulli
322 2972 372 3032 hic
392 2979 551 3046 annotant,
576 2989 652 3030 vasa
741 2972 862 3033 Dicitur
876 2982 978 3032 autern
992 2972 1077 3033 Deus
1093 2991 1167 3032 vasa
1181 2973 1244 3033 irae
1255 2989 1396 3050 praepar

75 3056 302 3120 misericordias
313 3058 379 3133 dici,
394 3059 475 3141 quod
486 3057 579 3138 plena
591 3058 652 3117 sint
699 3079 767 3120 asse
783 3057 822 3119 ad
841 3059 1007 3130 interitum,
1030 3080 1089 3121 uon
1112 3059 1185 3139 q'uia
1203 3057 1397 3139 praeparavit

73 3146 79 3206 l
93 3144 318 3206 misericordiae
332 3145 468 3220 divinae,
484 3146 551 3206 Deo
567 3142 649 3205 vide·
699 3148 743 3207 eis
758 3153 897 3226 peccata,
913 3144 1024 3224 quibus
1039 3147 1191 3207 interitum
1205 3151 1394 3218 mererentur,

73 3252 122 3292 arn
141 3232 190 3292 vel
212 3233 449 3293 misericordiam
472 3233 505 3292 in
527 3250 564 3293 ea
585 3229 650 3291 tun·
699 3235 776 3295 aient
789 3233 985 3313 praeparavit
999 3231 1105 3294 electis
1119 3231 1198 3294 bona
1214 3252 1315 3313 opera,
1330 3230 1395 3312 qui·

73 3327 215 3399 tanquam
229 3321 262 3379 in
276 3339 350 3379 vass
364 3321 515 3399 subjecta,
541 3318 652 3397 legitur
699 3319 754 3381 bus
770 3319 895 3400 gloriam
906 3329 1171 3400 consequerentur,
1183 3317 1288 3380 eedem
1299 3316 1396 3380 Paulo

73 3458 75 3465 ,
89 3405 207 3487 aliquid
229 3405 290 3467 tale
313 3408 404 3467 etiam
427 3404 509 3488 apud
522 3407 650 3484 August
698 3416 778 3469 teste
792 3407 872 3487 Eph.
887 3409 934 3467 2:
957 3407 1064 3468 Oranti
1078 3408 1114 3467 ia
1129 3405 1277 3484 operibus
1292 3405 1395 3481 bonta,

73 3493 135 3554 157.
159 3492 198 3552 ad
220 3492 303 3573 Opt,
326 3492 454 3554 arbitror
469 3503 569 3554 tamen
584 3510 650 3552 esse
700 3514 782 3572 qaae
793 3496 1007 3571 praeparavit
1022 3496 1120 3570 Deus,
1143 3501 1181 3555 ιιι
1194 3497 1231 3553 a'ra
1245 3492 1309 3553 illis
1324 3508 1396 3553 cm·

85 3588 217 3641 mentem
232 3579 390 3659 Apostoli,
403 3583 451 3642 cni
473 3599 527 3642 vas
551 3581 582 3641 in
597 3598 648 3657 ge·
699 3582 850 3643 dolemus.
873 3580 965 3640 Hunc
982 3580 1060 3640 enim
1075 3600 1196 3642 censum
1209 3579 1394 3641 haereticum

73 3666 189 3747 gnificat
199 3667 437 3742 instrumentum,
448 3676 482 3727 ut
494 3664 649 3727 antedixi
698 3668 861 3748 pmdenter
885 3665 1017 3728 exclusit
1041 3667 1206 3746 Apostolus
1239 3665 1395 3728 addendo:

73 3753 223 3815 confirmat
238 3755 387 3832 expositio
397 3755 427 3814 S.
438 3756 584 3825 Thomae,
597 3752 650 3831 qui
698 3758 734 3816 io
756 3755 859 3815 multa
877 3757 1048 3831 patientia.
1069 3753 1149 3814 Nam
1172 3755 1198 3815 si
1219 3752 1305 3815 Deus
1327 3752 1396 3833 ipsa

73 3859 106 3901 se
121 3841 334 3919 interpretatur
350 3842 548 3903 instrumenta
559 3839 648 3919 justi·
697 3848 823 3923 peccata
838 3840 1008 3901 hominibus
1022 3848 1231 3922 praepararet,
1250 3860 1310 3899 non
1331 3859 1394 3900 rcc-

73 3926 375 3989 ribnsscilicetDeus
389 3930 481 3989 utitur
495 3926 534 3987 ad
550 3934 648 3986 osten·
699 3939 730 3989 te
757 3927 909 3988 diceretur
942 3948 1013 4006 erga
1044 3929 1178 3988 homines
1217 3933 1394 4008 peccatores

73 4014 187 4085 liram,
203 4011 233 4072 id
249 4021 310 4088 est,
332 4016 477 4094 justitiam
493 4012 650 4075 vindicati·
697 4017 740 4077 uti
765 4014 859 4075 multa
883 4014 1039 4095 patientia
1062 4013 1219 4095 Siquidem
1241 4013 1394 4093 patientia,

73 4100 234 4161 tsimiliter
248 4121 324 4160 vasa
337 4100 571 4172 misericordiae,
583 4101 648 4179 qui·
697 4101 817 4164 tametai
830 4101 1032 4183 metaphorice
1046 4101 1113 4162 Deo
1126 4099 1278 4174 attributa,
1290 4099 1394 4161 reterri

73 4207 189 4268 nquam
203 4187 421 4261 instrumentis,
444 4191 537 4249 utitur
561 4185 649 4247 Deus
699 4189 790 4251 debet
819 4187 859 4248 ad
880 4186 996 4269 aliquid
1022 4189 1090 4249 Deo
1113 4185 1286 4259 involitum,
1312 4184 1394 4267 quod

73 4296 88 4336 ι
102 4273 338 4335 misericordiam
352 4272 612 4338 manifestandam.
698 4274 824 4357 proinde
836 4275 922 4337 Dens
938 4277 1004 4356 ipse
1018 4294 1075 4335 nec
1089 4273 1196 4346 iaciat,
1211 4292 1268 4335 nec
1280 4270 1392 4335 facien·

75 4363 153 4423 itur:
183 4369 261 4438 apto
284 4365 320 4421 ta
340 4368 516 4424 interitum.
548 4364 647 4436 Apta,
699 4365 770 4425 dum
787 4373 937 4443 procuret,
952 4369 1187 4442 autpraeparet

73 4492 81 4523 ,
103 4456 228 4526 optata.
253 4447 342 4528 Quod
365 4460 397 4512 et
419 4453 450 4511 in
472 4446 649 4531 quibusdam
741 4448 804 4511 Sed
824 4468 1023 4532 praeparasse
1047 4447 1154 4509 dicitur
1172 4448 1239 4508 irae
1259 4466 1336 4509 vasa
1354 4446 1394 4508 ad

75 4535 198 4596 Latinis
213 4554 292 4608 mss,
302 4557 424 4618 proquo
433 4542 650 4599 commentator
698 4538 864 4612 interitum,
880 4537 953 4618 quia
967 4535 1026 4596 illis
1041 4533 1081 4596 ab
1095 4546 1219 4598 aeterno
1233 4553 1393 4617 praepara·

73 4629 265 4701 corporate.
288 4623 448 4685 Caeterum
462 4622 650 4703 Augustinus
697 4626 757 4698 vit,
780 4624 895 4699 idest,
919 4620 1146 4705 praeordinavit
1166 4630 1260 4705 atque
1284 4620 1394 4683 inlerre

73 4709 154 4793 legit:
165 4729 250 4790 quae
257 4712 402 4791 perfecto
411 4719 487 4774 root
494 4708 649 4789 cdpcrda'·
698 4711 851 4774 constitnit
865 4712 1032 4790 interitum,
1048 4710 1128 4771 sicut
1141 4730 1216 4773 vaaa
1229 4709 1394 4775 misericor·
