3254 5190
421 287 584 343 nerones
602 288 642 342 sn
661 286 812 341 normas.
830 289 914 343 rsns.
933 291 974 341 ει.
991 291 1033 342 22.
1397 296 1443 362 ὃς

69 463 210 526 indicit
227 484 294 544 cap.
312 467 340 524 7.
359 466 527 527 Peccatum
542 482 610 525 nort
629 482 701 539 cop·
751 464 858 523 testata
874 472 919 523 θεῖ
934 472 965 524 θῖ
979 463 1079 543 palam
1090 466 1281 541 annuntiata,
1301 486 1337 526 ac
1347 466 1447 544 reipsa

69 552 349 627 :subportemus
371 552 455 611 Nam
472 554 701 628 concupiscen—
750 549 883 611 exhibita
899 553 1060 630 omologo,
1078 551 1108 610 id
1125 562 1187 625 est,
1209 574 1268 612 non
1284 573 1339 633 per
1354 571 1446 631 opera

69 638 288 713 incedebam,
317 639 380 696 aiei
403 638 454 698 les
477 639 607 697 diceret:
633 656 701 697 noa
748 638 839 716 legis:
852 639 969 697 tametsi
978 638 1219 698 testificationem
1228 637 1448 716 habeatalege

69 729 209 802 upisces.
233 723 323 784 Unde
344 733 429 804 patet
443 724 509 783 falli
525 722 700 803 Origenem,
750 731 781 784 et
795 724 959 802 prophetis.
976 725 1004 783 A
1019 724 1087 804 lege
1103 725 1231 804 quidem
1247 724 1277 784 id
1293 735 1347 797 est,
1363 723 1447 785 exli-

69 812 170 912 legem
195 810 363 870 naturalem
385 811 423 869 ab
446 810 530 870 initio
553 812 700 871 mentibus
748 810 809 869 bris
822 810 909 887 legis,
924 811 1200 890 ubiscriptumest:
1213 813 1447 871 inseminctuo

69 900 149 959 buum
165 899 287 957 insitam
303 899 454 957 existimat
468 899 517 956 hic
529 898 699 976 significari.
752 896 976 957 benedicentur
992 906 1227 972 marcescentes.
1249 900 1277 958 A
1293 898 1447 978 prophetis

69 986 144 1045 srvis
160 985 241 1044 enirn
258 983 376 1044 Cainet
390 984 441 1044 alii
455 982 543 1044 multi
563 993 634 1044 ante
660 985 699 1043 le·
750 993 861 1054 autem,
885 984 915 1042 in
931 983 1040 1064 quibus
1055 984 1178 1063 legitur:
1200 989 1316 1047 ΙῙεεεῖιῖε
1332 1003 1369 1044 ce
1383 984 1446 1060 fide

75 1073 225 1151 scriptam
240 1070 399 1130 habuerint
414 1071 595 1149 agnitionem
610 1071 698 1129 male·
749 1071 838 1129 'civit

69 1177 143 1218 rum
158 1177 295 1232 suorum,
318 1157 525 1216 accusantibus
540 1158 620 1236 ipsos
637 1158 700 1216 suis
793 1154 952 1216 Sciendum
968 1165 1013 1216 est
1025 1159 1226 1236 Augustinum
1237 1157 1288 1216 lib.
1299 1159 1336 1217 de
1351 1159 1449 1235 gratia

69 1246 209 1318 cientiis3
226 1242 379 1303 obscurior
391 1255 488 1302 tamon
502 1252 530 1302 ct
543 1243 700 1324 imperfec-
750 1240 862 1303 Christi
875 1262 938 1322 cap.
952 1245 980 1301 8.
998 1252 1027 1301 et
1038 1242 1076 1302 de
1086 1244 1191 1322 spiritu
1204 1243 1330 1303 stlitem
1342 1263 1408 1322 cap.
1419 1247 1447 1305 9.

69 1342 134 1391 crat
148 1351 188 1390 ea
202 1331 317 1390 notitia
750 1329 835 1399 illud,
852 1332 920 1389 siae
936 1329 1012 1404 lege,
1025 1330 1154 1408 jungere
1167 1334 1365 1404 cumjustitic
1377 1331 1447 1403 Dei,

69 1438 119 1478 ssu
142 1418 245 1478 lumen
268 1418 406 1477 naturale
429 1417 552 1477 rationis
575 1419 618 1476 ita
632 1437 700 1496 pec·
752 1415 834 1496 quod
850 1423 880 1475 θῖ
896 1418 1030 1496 sequitur
1044 1416 1136 1496 Hngo
1152 1425 1265 1497 quaest.
1283 1419 1344 1491 87,
1359 1426 1393 1475 ut
1399 1419 1447 1495 ju·

71 1504 133 1565 tuit
145 1502 363 1577 obnubilatum,
379 1513 412 1562 ut
425 1502 526 1577 multa,
543 1523 618 1584 qnae
633 1523 700 1583 pec·
750 1503 833 1562 stitia
848 1502 908 1562 Dei
924 1505 988 1563 sine
1003 1503 1071 1583 lege
1086 1503 1286 1583 intelligatur,
1297 1524 1374 1584 quac
1389 1523 1448 1562 non

82 1599 176 1665 sunt,
199 1611 260 1651 non
281 1599 457 1670 putarentur
480 1610 547 1651 esse
562 1598 700 1670 pcccata3
751 1599 796 1649 θεῖ
818 1608 857 1650 ex
877 1588 955 1668 lege.
983 1589 1042 1650 Sed
1065 1609 1101 1648 ea
1123 1593 1301 1652 constructio
1320 1591 1451 1650 coactior

68 1697 229 1758 equoque
244 1676 327 1737 levia
340 1685 526 1758 paterentur,
542 1697 621 1757 quae
635 1698 701 1756 gra·
751 1686 804 1748 est,
821 1682 850 1735 et
864 1697 925 1735 non
939 1677 1116 1736 necessaria.
1133 1677 1212 1736 Nem
1226 1697 1331 1737 sensus
1345 1677 1450 1736 eodem

69 1775 140 1825 runt
157 1769 202 1826 At
217 1783 290 1823 vero
305 1784 361 1844 per
376 1765 472 1841 legem
488 1784 507 1822 a
521 1765 587 1824 Deo
601 1763 701 1823 datam
751 1760 857 1824 recidit
872 1783 938 1822 cum
956 1764 1143 1842 expositione
1158 1765 1242 1843 prius
1258 1764 1337 1824 data.
1351 1764 1450 1824 Minus

69 1851 153 1913 bulis
170 1852 347 1931 inscriptam
363 1850 455 1909 multo
478 1849 586 1911 clarior
609 1860 701 1930 atque
750 1871 821 1911 vero
844 1849 962 1930 placet,
988 1849 1069 1930 quod
1092 1850 1143 1910 alii
1166 1850 1286 1931 quidam
1302 1855 1369 1911 sine
1385 1851 1450 1926 leyc

69 1940 156 1999 retior
182 1940 309 1998 accessit
330 1939 448 2018 peccati
473 1940 620 2017 cognitio:
647 1957 702 1997 nec
752 1945 919 2018 exponunt,
936 1946 1077 1996 cessante
1093 1937 1170 2016 lege.
1193 1938 1263 1999 Non
1287 1940 1363 1998 enim
1388 1938 1452 2016 agit

69 2048 90 2086 n
115 2034 267 2105 quatenus
290 2033 390 2085 rectae
414 2026 521 2085 rationi
547 2032 702 2104 peccatum
751 2046 829 2085 nunc
843 2023 1007 2104 Apostolus
1023 2022 1061 2084 de
1077 2022 1152 2103 legis
1165 2033 1217 2084 sut
1229 2023 1373 2103 legalium
1386 2043 1449 2083 ces·

69 2122 164 2192 gnst,
188 2131 293 2172 verum
317 2113 406 2171 etiam
428 2131 487 2190 qua
512 2112 573 2171 Dei
588 2111 703 2171 offensa
751 2113 875 2183 satione,
891 2130 946 2171 nec
962 2119 1161 2189 opportunum
1178 2121 1258 2184 erat,
1285 2118 1450 2189 utageret:

69 2208 102 2259 et
127 2220 147 2258 a
162 2200 232 2258 Deo
248 2201 382 2276 graviter
396 2197 594 2276 puniendum:
620 2195 702 2277 quod
751 2198 805 2258 sed
820 2196 859 2257 de
876 2196 951 2276 legis
968 2197 1083 2256 effectu.
1099 2197 1198 2256 Docet
1213 2199 1299 2270 enim,
1316 2197 1387 2279 quid
1400 2196 1450 2256 lex

69 2305 158 2366 nque
174 2305 229 2365 per
244 2285 339 2345 solam
355 2292 477 2345 naturae
493 2283 593 2363 legem
605 2284 702 2363 pauci,
751 2285 865 2366 possit,
882 2282 955 2363 quid
979 2303 1038 2342 non
1053 2284 1162 2362 possit:
1179 2294 1334 2362 peccatum
1351 2293 1449 2344 osten·

69 2373 150 2433 inisi
163 2371 350 2451 imperfecte,
363 2377 500 2450 poterant
512 2389 700 2451 cognoscere.
750 2371 823 2432 dere
852 2372 1002 2450 potuisse,
1029 2369 1179 2448 justitiam
1209 2379 1362 2449 praestare
1390 2391 1450 2431 non

69 2460 141 2541 iqua
156 2458 186 2517 si
201 2457 240 2518 de
255 2458 325 2537 lege
341 2466 467 2517 naturae
483 2466 598 2536 partem
625 2456 702 2516 hanc
751 2477 856 2537 posse,
873 2456 1004 2534 ideoque
1020 2457 1084 2515 sine
1100 2476 1136 2516 ea
1148 2456 1294 2534 justitiam
1312 2476 1378 2516 esse
1389 2477 1449 2516 ma·

69 2546 215 2625 preteris,
232 2565 292 2603 non
303 2543 430 2624 perinde
439 2550 543 2603 contra
552 2542 702 2604 Judaeum
750 2543 922 2604 nifestatam
937 2551 968 2604 et
984 2541 1156 2602 exhibitam.

69 2631 120 2704 bit,
135 2633 192 2711 qui
206 2630 308 2691 dicere
323 2631 450 2710 poterit:
463 2638 492 2688 et
504 2632 529 2689 si
540 2651 593 2710 per
604 2631 701 2708 legem
793 2630 887 2690 Porro
904 2650 940 2689 es
961 2626 1164 2689 manifestatio
1187 2648 1239 2690 seu
1258 2628 1452 2689 manifestata

69 2738 122 2778 rae
137 2726 255 2777 tantum
271 2719 388 2796 peccati
412 2717 543 2794 cognitio
564 2717 617 2789 sit,
640 2715 702 2794 legi
751 2717 894 2777 exhibitio
902 2716 1253 2796 justitioeDeisinelege
1265 2718 1451 2794 potisslmnm

69 2825 97 2865 ur
111 2803 247 2877 divinae,
261 2825 351 2884 quam
361 2804 425 2882 ipse
437 2805 559 2883 accepit,
575 2803 701 2882 emplius
750 2803 830 2863 facta
846 2812 892 2862 θεῖ
907 2804 937 2862 in
953 2803 1152 2862 conversione
1163 2801 1328 2881 gentilium,
1345 2805 1396 2882 qui
1407 2803 1449 2863 le·

76 2889 280 2950 trstsueudum.
304 2890 445 2950 Sentinnt
467 2890 621 2950 nobiscnm
639 2891 700 2949 Au·
751 2910 819 2969 gem
835 2910 895 2948 non
906 2897 1100 2969 acceperant,
1113 2909 1239 2969 quorum
1250 2899 1348 2949 tamen
1357 2909 1449 2948 verae

69 2978 138 3037 inus
151 2976 204 3036 lib.
217 2974 256 3034 do
269 2977 414 3057 spiritual
429 2975 516 3036 litera
529 2997 593 3055 cap.
611 2977 655 3048 8.,
672 2983 703 3035 et
746 2977 884 3057 justitiae
891 2975 1111 3036 attestabantur
1117 2985 1240 3038 externa
1248 2978 1351 3055 signa;
1363 2984 1452 3054 prout

69 3072 250 3123 :tentatores
266 3062 329 3122 fere
344 3082 455 3122 omnes.
750 3063 883 3124 Cornelii
898 3063 1077 3123 centurionis
1089 3070 1119 3122 'et
1130 3062 1255 3123 aliorum
1269 3061 1407 3142 exempla
1418 3063 1449 3121 in

69 3155 90 3210 l.
117 3151 214 3210 Nunc
229 3157 336 3209 autem
351 3152 417 3208 sine
430 3151 495 3221 lece
503 3151 630 3224 justitia
641 3151 703 3210 Dei
750 3150 833 3210 Actis
850 3157 1076 3209 commemorata
1097 3170 1151 3208 nos
1167 3149 1284 3209 docent.
1308 3149 1396 3210 Unde
1420 3156 1451 3209 θῖ

69 3238 216 3313 ιε’[αῖαῖα
225 3244 285 3296 cst:
301 3236 496 3312 testificatae
508 3237 574 3311 lepe
588 3244 703 3311 etpro·
752 3235 868 3297 Galatis
881 3235 990 3294 dicitur
1006 3254 1070 3313 cap.
1087 3235 1116 3294 3.
1133 3238 1185 3297 Ec
1206 3236 1353 3312 operibns
1375 3237 1451 3312 lepis

69 3327 107 3383 ξε.
121 3322 287 3402 Postquam
297 3322 428 3382 ostendit
436 3342 473 3381 ex
483 3320 552 3401 lege
560 3343 621 3382 non
636 3341 703 3382 esse
751 3326 900 3399 spiritum
916 3323 1091 3396 accepistis,
1108 3340 1153 3380 aa
1169 3342 1206 3383 es
1221 3323 1336 3383 auditu
1351 3322 1450 3399 fidei?

69 3410 155 3481 tiam,
172 3408 281 3469 docere
296 3429 374 3468 nunc
388 3410 498 3488 incipit,
514 3408 641 3469 andeca
653 3429 703 3489 pe·
795 3412 845 3469 22.
868 3410 1006 3471 Justitio
1020 3410 1195 3468 autcmDei
1201 3428 1260 3484 per
1268 3408 1362 3483 fidem
1370 3414 1451 3473 Jcsa

69 3517 91 3557 a
105 3497 157 3569 sit,
171 3515 280 3575 nempe
292 3515 331 3554 ex
341 3493 400 3554 fide
412 3496 436 3555 J
437 3514 490 3555 esu
502 3493 621 3555 Christi.
635 3494 703 3573 Qua
754 3497 870 3556 Christi
890 3497 926 3553 ia
950 3512 1056 3552 orienes
1077 3500 1105 3551 ct
1127 3513 1223 3570 super
1246 3514 1368 3572 omnes,
1395 3499 1450 3571 qui

69 3583 214 3642 eversari
236 3580 384 3640 cardinem
407 3580 554 3641 Paulinae
570 3580 703 3661 disputa·
753 3583 888 3642 credunt
903 3584 937 3640 in
954 3600 1034 3662 curn.
1058 3578 1175 3641 Graece
1196 3602 1256 3640 non
1279 3581 1399 3642 additur
1414 3586 1450 3643 irs

69 3668 199 3728 biuhac
208 3667 347 3747 epistola,
360 3668 488 3727 diximus
497 3668 589 3728 initio.
598 3671 702 3743 Nunc,
753 3688 825 3728 eum
832 3692 844 3745 ,·
861 3668 933 3727 satis
949 3674 1048 3724 tamen
1060 3664 1246 3746 intelligitur.
1261 3666 1340 3727 Nam
1353 3677 1383 3727 et
1393 3670 1449 3749 Sy·

69 3762 246 3833 &ternpore
257 3752 492 3833 praedicationis
501 3755 703 3833 evangelicae,
754 3775 804 3815 rus
821 3756 965 3834 interpres
982 3751 1152 3812 addendum
1177 3754 1301 3832 putarit.
1337 3753 1450 3815 Cohae-

69 3861 158 3903 asmc
184 3848 307 3913 ouum,
336 3839 365 3899 id
390 3843 544 3920 estatqui,
571 3851 601 3900 at
620 3861 702 3917 vergi.
752 3850 819 3900 rent
833 3840 908 3900 hacc
931 3838 1025 3898 rerba
1049 3839 1250 3923 superioribus
1273 3843 1452 3921 epanalepsi

69 3930 148 3990 enim
163 3927 309 4007 accipitur
324 3925 480 3998 interdum,
507 3937 615 3986 utnon
632 3936 704 3987 tcm-
757 3926 896 4006 quadam,
913 3935 1082 4005 exponente
1098 3946 1216 3986 causam
1230 3945 1266 3985 ac
1276 3927 1395 3988 modum
1403 3929 1451 4007 ju-

69 4062 72 4081 ,
93 4013 151 4075 sed
162 4015 401 4093 assumptionem
416 4013 467 4072 rel
483 4014 703 4092 adjunctionem
753 4015 855 4073 stitiae
867 4014 933 4084 Dei,
950 4032 1040 4091 quem
1053 4013 1140 4085 dixit,
1157 4013 1366 4093 acquirendae.
1379 4015 1452 4075 Sen-

69 4100 160 4162 ificet.
174 4098 262 4173 Vide,
278 4120 358 4179 quae
373 4099 550 4160 adnotamus
569 4100 608 4159 ad
631 4098 703 4160 illud
753 4121 803 4159 sus
820 4101 897 4159 enim
914 4108 975 4157 est:
984 4101 1111 4177 justitia,
1129 4101 1267 4178 inquam,
1282 4101 1357 4172 Dei,
1374 4121 1452 4181 quae

69 4191 149 4249 .11.
172 4189 267 4247 Nunc
291 4195 399 4246 cutem
419 4188 581 4247 meliorem
605 4207 704 4263 appe·
753 4195 800 4246 est
815 4208 868 4264 per
883 4184 971 4246 fidem
980 4184 1452 4266 JosuChristi3idqncinomnes

69 4276 241 4339 tJuetitia
257 4274 331 4349 Dei,
348 4272 378 4332 id
390 4281 443 4346 est,
461 4295 497 4332 ca
505 4274 630 4352 justitia,
647 4293 705 4354 qua
754 4282 783 4333 et
798 4292 888 4352 super
904 4292 1008 4331 omnes
1024 4273 1180 4332 credontes
1193 4273 1223 4331 in
1235 4270 1393 4332 Christum.
1410 4272 1453 4332 Hi

69 4381 101 4421 su
127 4361 197 4421 Deo
223 4361 294 4439 quis
323 4361 423 4438 justus
451 4369 503 4419 θεῖ.
538 4360 707 4420 Praecessit
755 4362 831 4418 enim
847 4379 949 4418 omncs
960 4361 1166 4437 justificantur,
1183 4358 1369 4418 siveJudaoi
1385 4361 1453 4430 sint,

69 4470 100 4509 s:
116 4450 170 4510 Ee
186 4447 337 4524 operibus
353 4447 428 4521 lepis
440 4446 706 4521 conjicstificabi·
756 4446 820 4506 sive
835 4446 972 4524 gentiles.
991 4443 1065 4505 Cum
1083 4445 1156 4505 dicit
1167 4447 1312 4525 justitiam
1329 4445 1389 4505 Dei
1401 4446 1452 4505 ha·

69 4539 178 4597 omnis
198 4552 276 4594 caro
289 4551 399 4594 coram
414 4534 479 4593 illo.
492 4534 589 4606 Nunc,
603 4534 706 4613 inquit,
755 4532 817 4591 leri
834 4531 1005 4610 perfidem,
1022 4541 1126 4611 aperte
1143 4532 1290 4612 significat
1305 4534 1453 4610 justitiam

69 4622 117 4685 tis
130 4623 202 4696 Dei,
212 4621 338 4700 justitia
352 4639 432 4694 vcra,
449 4642 507 4701 qua
522 4623 553 4680 in
565 4620 626 4680 Dei
638 4640 706 4680 con·
755 4640 815 4678 non
831 4638 897 4679 esse
913 4620 1007 4697 ipsam
1023 4618 1127 4694 fidem3
1144 4618 1225 4699 qnod
1234 4618 1340 4678 volunt
1351 4620 1453 4680 heera-

69 4718 106 4773 tu
120 4718 152 4772 et
160 4707 284 4790 judicio
291 4707 373 4788 justi
385 4707 445 4767 sint
455 4707 599 4780 homines,
615 4707 706 4767 manif
755 4707 814 4766 tici.
839 4706 982 4766 Doctrina
1000 4707 1077 4765 enhn
1089 4705 1228 4786 Apostoli
1242 4715 1289 4767 est
1297 4728 1352 4787 per
1364 4705 1452 4767 fidem

1198 4804 1248 4869 ὁὶ
