3254 5190
487 281 653 341 mistum
671 281 710 335 tu
729 278 882 337 nortun&
915 279 999 337 isan
1016 280 1080 334 Μ.
1138 224 1141 229 ⁴
1429 287 1500 353 163

53 457 138 519 ldcm
153 457 237 519 anim
249 458 282 519 in
294 456 411 521 Graeco
423 457 604 519 rombulum
617 448 756 536 φρόνημα
804 458 914 532 icitur,
932 456 1180 537 interpretantur:
1191 453 1291 534 Igitur
1303 456 1398 536 quiin
1413 474 1500 516 carne

54 545 215 624 ropetitur,
226 542 309 623 quod
319 546 469 625 interpres
484 545 677 625 supravertit
689 563 756 625 pru·
805 552 877 603 aunt
892 551 949 605 etc.
970 542 1078 603 Potest
1092 543 1173 603 onim
1187 541 1262 602 hacc
1276 562 1363 621 para,
1377 553 1412 601 ut
1427 539 1502 614 dixi,

54 630 206 703 dentiam,
240 651 321 691 nunc
347 632 533 711 sapientiam.
567 632 609 695 Et
635 629 757 710 quidem
805 627 891 690 velut
906 627 1057 690 conclusio
1074 649 1112 690 ex
1128 627 1333 709 superioribus
1349 625 1461 690 inferri.

55 717 263 797 Hieronymus
286 716 432 781 adversm
453 717 668 791 Jouiniauum,
690 716 757 777 loco
850 721 878 778 9.
910 717 969 777 Vos
985 724 1092 776 autam
1107 718 1143 777 in
1159 734 1255 779 carna
1271 734 1338 777 non
1354 719 1435 791 catii,
1450 715 1503 777 aad

55 824 147 884 supra
162 805 270 876 citato,
284 804 358 883 legit
372 803 465 866 semel
481 813 512 865 et
526 806 651 865 iterum:
671 804 757 864 Pru·
806 806 844 863 in
858 804 982 878 spiritu.
995 801 1369 883 Baptizatos'alloquitur‚
1388 810 1421 863 et
1435 821 1501 865 een·

56 891 168 951 tentia
191 893 302 952 cornia
321 892 496 951 inimicitia
515 898 558 952 ιιι
579 894 616 951 in
642 893 758 966 Deum,
807 909 858 951 aus
875 898 935 949 eat:
951 889 1029 962 Vos,
1047 890 1113 968 jam
1128 888 1277 968 baptizati
1294 899 1326 949 et
1339 909 1394 968 per
1409 887 1503 969 Spiri-

56 986 87 1037 ut
100 986 149 1039 eat
164 979 198 1039 iu
207 974 334 1039 Graeco.
352 976 479 1039 Tertull.
495 980 586 1039 etiam
601 976 651 1039 lib.
665 974 759 1037 dere
806 984 871 1036 tum
886 983 1022 1037 sanctum
1037 976 1145 1049 renati,
1157 996 1217 1037 non
1229 977 1304 1036 estis
1316 974 1430 1037 subditi
1441 995 1503 1036 car·

56 1074 183 1124 annect.
199 1065 299 1124 carnis
313 1064 499 1127 inimicitiam
518 1063 602 1144 legit.
629 1062 759 1124 Accedit
808 1063 846 1136 ni,
862 1070 897 1121 ut
911 1063 1038 1145 sapiatis
1054 1082 1100 1135 ea,
1114 1081 1193 1145 quae
1209 1062 1307 1123 carnis
1323 1071 1400 1135 suut,
1416 1071 1504 1123 etse·

58 1151 102 1211 bis
119 1158 229 1211 textus
240 1148 393 1230 Syriacus,
405 1151 462 1211 imo
475 1158 760 1213 etveteresuostrse
809 1146 938 1209 cundum
954 1169 1074 1210 carnem
1089 1147 1267 1227 ambuletie;
1283 1149 1338 1210 sed
1350 1149 1424 1209 eatis
1436 1147 1504 1208 sub·

57 1234 300 1308 concordantiae,
316 1257 395 1317 quae
408 1239 451 1298 sic
464 1236 593 1299 habent:
619 1237 759 1297 inimici·
809 1233 865 1295 diti
880 1236 1011 1317 spiritui,
1026 1244 1059 1295 ut
1073 1237 1200 1315 sapiatis
1215 1256 1261 1308 ea,
1287 1255 1367 1317 quae
1381 1234 1505 1314 spiritua

59 1328 103 1384 tiu
119 1330 166 1385 cst
181 1326 221 1384 in
236 1325 352 1384 Deum.
380 1323 492 1385 Similis
516 1324 666 1385 sententia
679 1320 760 1402 apud
808 1330 893 1395 eunt,
920 1331 951 1384 ιι
977 1322 1142 1384 secuudum
1167 1323 1308 1403 spiritum
1333 1322 1503 1385 ambuletis.

57 1410 213 1473 iacobum
225 1429 292 1490 cap.
304 1413 350 1471 A:
377 1412 516 1489 Nescitis,
529 1414 606 1489 quio
617 1412 760 1471 amicitia
808 1409 899 1470 Sicut
925 1410 1020 1481 enim,
1045 1410 1131 1487 quod
1152 1417 1266 1470 natum
1282 1418 1326 1471 cet
1341 1427 1379 1471 aa
1393 1426 1502 1482 cucata,

59 1499 155 1573 bujuc
180 1496 299 1559 mundi
313 1499 449 1559 inimico
464 1505 508 1559 eat
522 1498 608 1561 Dei?
634 1494 761 1569 Graece,
809 1513 885 1556 curo
901 1503 952 1570 ιιι,
967 1499 1024 1571 tto,
1040 1496 1125 1573 quod
1140 1503 1256 1558 nutum
1271 1505 1314 1557 ιιι
1327 1499 1502 1575 caspii-itu,

59 1586 231 1645 inimicitia
246 1584 318 1645 Dei
808 1585 939 1658 spiritua
953 1590 1011 1658 act,
1028 1583 1120 1645 Joun.
1137 1583 1166 1643 3.
1182 1584 1279 1645 Recte
1293 1582 1422 1644 dicimur
1449 1579 1504 1659 (ait

97 1672 196 1733 Porro
228 1688 334 1732 sensus
354 1670 443 1750 hujus
472 1670 530 1731 ioci
552 1679 671 1751 apertus
698 1679 761 1740 est,
808 1668 873 1731 Leo
889 1689 975 1730 serm.
992 1676 1019 1730 1.
1036 1668 1075 1730 de
1084 1678 1241 1731 resurrect.
1254 1666 1356 1746 Dom.)
1370 1671 1400 1729 in
1412 1687 1503 1729 carna

60 1759 254 1839 prudentiam
270 1759 367 1819 carnis
379 1777 446 1819 ease
456 1758 605 1818 inimicam
616 1756 693 1831 Deo,
708 1755 760 1816 vol
809 1776 870 1819 non
885 1776 965 1830 osae,
988 1761 1014 1819 ci
1034 1756 1182 1817 carnalos
1203 1756 1294 1820 nobis
1315 1776 1384 1819 non
1399 1757 1503 1817 domi·

61 1846 248 1907 inimicitiam
261 1842 408 1905 ιᾶιιιιιιι
420 1844 527 1918 Deum,
542 1845 614 1925 quia
626 1863 681 1924 per
693 1863 760 1905 eam
808 1853 929 1906 nentur
944 1845 1084 1924 affectus,
1101 1851 1131 1904 ct
1142 1847 1255 1906 manto
1267 1851 1335 1920 ojus
1345 1847 1393 1903 rei
1404 1843 1503 1921 depo·

60 1934 146 1995 bomo
163 1931 363 1992 constituitur
383 1930 451 1993 Deo
476 1932 629 2006 inimicus,
655 1938 761 2011 utpote
808 1936 915 1995 nimus
930 1934 1213 2008 nuncupationem,
1227 1936 1316 2007 cujus
1324 1933 1504 2007 consequi-

60 2019 213 2081 voluntati
226 2037 263 2076 ac
277 2018 340 2098 legi
355 2019 422 2099 ejus
437 2020 613 2093 contrarius,
628 2027 661 2080 ιιι
673 2015 761 2077 docet
808 2039 883 2081 mur
900 2020 1103 2081 uoluntatem.

60 2104 226 2184 aetiologia
242 2103 411 2185 subjuncta.
851 2107 885 2167 Si
900 2113 1008 2168 tumen
1023 2107 1162 2182 Spiritus
1177 2107 1239 2166 Dei
1253 2105 1376 2165 bobitct
1390 2109 1426 2166 in
1447 2122 1504 2164 vo·

99 2195 181 2269 Lepi
199 2196 288 2252 enim
301 2193 362 2253 Dei
377 2210 444 2253 non
454 2200 497 2252 cst
509 2192 655 2268 subjectu.
667 2188 760 2251 Grae·
809 2193 862 2255 bia.
884 2191 1014 2254 Habitat
1032 2191 1165 2272 Spiritus
1186 2202 1308 2253 sanctus
1331 2194 1363 2252 in
1386 2191 1505 2253 homine

60 2302 103 2343 ee:
132 2272 195 2357 οὐχ
231 2271 440 2337 (interiecerat
450 2320 460 2354 ,
492 2297 561 2338 non
586 2277 760 2352 nuttam.
809 2301 864 2361 per
877 2277 967 2340 fidem
982 2281 1085 2340 vivam
1102 2288 1131 2341 ιι
1146 2279 1272 2339 caritate
1286 2278 1456 2352 formatam,
1473 2287 1505 2337 ιι

61 2362 223 2448 Quomodo
244 2364 334 2425 etiam
349 2364 432 2444 apud
447 2364 664 2445 Hieronymum
686 2363 761 2442 legi·
809 2387 865 2447 per
884 2386 978 2447 opera
1001 2367 1073 2426 inde
1092 2365 1295 2446 procedentia.
1318 2364 1384 2425 Nec
1407 2363 1505 2425 solnm

60 2465 112 2527 tur,
128 2464 163 2515 et
178 2454 214 2513 in
227 2449 347 2513 Latinis
363 2451 542 2530 quibusdam
555 2472 625 2512 mss.
647 2450 762 2530 Figura
810 2456 842 2514 in
855 2454 970 2524 muna,
992 2472 1096 2514 verum
1116 2454 1208 2513 etiam
1223 2453 1253 2512 iu
1269 2471 1393 2532 corpore
1415 2450 1505 2511 homi·

61 2541 207 2601 carmonis
223 2546 272 2597 ost
286 2536 433 2599 Hebraeis
449 2537 614 2609 familiaris,
631 2556 694 2617 qua
707 2536 761 2596 mi·
810 2541 858 2600 nis
870 2540 948 2619 justi
962 2537 1099 2600 babitare
1123 2539 1238 2600 dicitur.
1260 2539 1340 2600 Nam
1364 2546 1395 2599 et
1416 2557 1505 2599 mem·

62 2647 114 2687 uus
128 2625 245 2687 dicitur
260 2632 291 2685 et
303 2623 373 2705 plus
400 2625 584 2704 intelligitur.
607 2623 686 2684 Nam
701 2642 761 2682 non
809 2628 864 2687 bra
878 2636 981 2687 nostra
996 2624 1140 2705 templum
1163 2634 1234 2685 sunt
1254 2625 1385 2706 Spiritus
1408 2624 1506 2686 sancti

63 2724 179 2775 tautum
195 2730 257 2771 non
273 2711 431 2790 subjicitur
446 2709 508 2791 legi
521 2711 583 2772 Dei
602 2708 762 2790 prudentia
810 2719 826 2773 1
845 2710 914 2773 Gor.
932 2713 976 2786 6.,
990 2732 1099 2792 nempe
1114 2722 1264 2793 quatenus
1279 2714 1397 2774 animae
1411 2712 1504 2792 impe·

63 2800 174 2871 maia,
190 2795 248 2857 sed
263 2800 353 2859 etiam
367 2807 530 2879 repugnat,
557 2806 587 2860 st
602 2804 764 2876 propterea
808 2801 862 2875 rio,
878 2819 939 2879 quo
956 2806 1108 2878 reguntur,
1124 2798 1163 2859 ad
1173 2801 1327 2879 piaopere
1337 2807 1505 2861 moventur.

64 2896 108 2947 ιιι
117 2883 283 2947 inimicitia
292 2886 324 2945 in
335 2880 646 2963 ipsumlogislatorem
653 2882 761 2942 Deum.
840 2885 901 2947 uod
913 2906 967 2947 noe
979 2884 1133 2960 habemus,
1148 2889 1293 2947 nioman
1299 2930 1309 2961 ,
1323 2883 1440 2947 Graece
1451 2892 1506 2956 ιιι,

101 2974 168 3035 Nec
182 2973 393 3048 enimpotcat.
417 2969 561 3043 Subaudi‚
577 2967 690 3048 subjici
699 2967 762 3048 legi
810 2989 913 3051 scnsp.
944 2972 1004 3033 Pro
1027 2993 1086 3053 quo
1110 2974 1203 3033 etiam
1226 2973 1432 3052 Hieronymus
1455 2968 1505 3030 ad·

64 3059 137 3134 θείς
162 3056 262 3118 veluti
284 3058 311 3119 si
331 3056 430 3119 dicus:
452 3058 556 3119 vitium
576 3057 671 3116 virtus
695 3074 762 3116 esse
809 3080 916 3121 versun
931 3060 1086 3121 Jovinian.
1109 3059 1197 3139 legit,
1221 3068 1254 3120 ut
1268 3079 1332 3134 not,
1346 3062 1373 3118 ιι
1388 3066 1504 3118 tamen

64 3166 121 3206 non
132 3153 251 3225 potest,
265 3164 323 3205 nec
338 3143 484 3205 inclinare
495 3142 534 3203 ad
546 3163 590 3214 oa,
605 3161 684 3223 quae
695 3147 764 3201 aunt
810 3145 1004 3225 Quamquam
1015 3146 1066 3206 alii
1076 3144 1241 3207 exGraeco
1250 3156 1368 3207 vertere
1376 3144 1505 3205 malunt:

63 3231 197 3293 vinoun
230 3229 270 3291 Id
295 3231 375 3292 enim
400 3238 526 3290 nabutae
552 3229 616 3308 ejus
643 3229 762 3289 omnino
810 3231 1288 3310 muidcmvelquundoquidcm
1299 3235 1430 3310 spiritua
1445 3231 1508 3292 Dei

64 3317 244 3379 contrarium
257 3327 311 3377 est
333 3315 585 3397 HincApostolue
596 3314 763 3394 intelligen·
810 3319 983 3379 habitatin
999 3319 1096 3394 vobio,
1111 3326 1146 3380 ut
1160 3339 1256 3381 sermo
1272 3319 1324 3394 ait,
1347 3340 1407 3381 uon
1422 3315 1506 3377 dubi·

63 3404 132 3465 dum
143 3405 310 3485 relinquit,
325 3403 476 3474 homines,
488 3400 631 3483 q1¹²mdlu
643 3401 765 3481 sapiunt
811 3407 910 3478 tantis,
936 3404 989 3465 aed
1004 3405 1209 3467 ratiocinantis
1224 3425 1291 3466 cum
1305 3404 1506 3473 affirmatione,

65 3512 107 3564 aa,
120 3511 205 3572 qnae
220 3491 318 3551 caruis
330 3498 414 3562 sunt,
429 3490 497 3550 Deo
508 3486 615 3566 subjici
626 3506 763 3567 nonpos·
811 3494 899 3574 quusi
914 3491 1009 3552 dicat:
1032 3489 1286 3570 Quandoquidem
1303 3493 1367 3570 jam
1382 3491 1506 3572 spiritus

63 3598 102 3639 ce
118 3574 217 3658 Quod
231 3585 263 3636 et
277 3575 430 3655 significet
443 3577 544 3636 verbis
561 3575 763 3653 sequentibus:
812 3580 873 3640 Dei
889 3580 918 3639 iu
933 3575 1019 3639 vobis
1034 3577 1160 3650 habitat,
1176 3588 1339 3658 propterea
1355 3580 1386 3639 in
1401 3578 1508 3659 spiritu

103 3664 572 3745 8.Quioutcminourncsunt,
586 3663 764 3739 Dcoploce·
813 3668 895 3726 eatis.
924 3664 1028 3745 Atque
1049 3685 1170 3727 sensum
1192 3665 1271 3725 hunc
1293 3663 1385 3727 tradit
1406 3662 1505 3725 Theo·

64 3746 765 3830 ccnonpocsunt.Incarueesseidvocat,quod
811 3752 979 3834 phylactue.

64 3858 155 3919 supra
169 3833 339 3899 secundum
359 3856 478 3898 carnem
501 3854 582 3906 osae,
606 3855 670 3896 cum
691 3834 764 3896 alibi
855 3836 917 3900 Sed
932 3837 1085 3899 sciendum
1101 3847 1159 3914 est,
1177 3839 1268 3900 etiam
1283 3837 1371 3910 inira,
1387 3857 1452 3898 cum
1465 3837 1507 3897 di·

64 3924 203 3987 incarne
219 3942 297 3994 esse,
313 3924 426 3997 vivere,
440 3920 603 3994 ambulare,
630 3923 669 3981 ait
681 3924 765 3983 vive·
813 3927 903 3985 citur:
918 3924 953 3985 Si
968 3933 1075 3986 tamen
1091 3927 1318 4002 compotimur,
1334 3931 1370 3986 ut
1385 3932 1415 3983 ct
1429 3943 1507 3985 con·

65 4030 95 4071 ro
108 4007 763 4082 vinhrcmornltutucor.10.,Ga1.2.
811 4010 1045 4089 ploriflccmur,
1074 4012 1181 4073 haberi
1196 4009 1326 4072 eandem
1350 4009 1508 4072 dictionem

66 4107 94 4157 et
105 4097 187 4160 Phil
204 4100 230 4157 1.
254 4096 383 4157 Sensus:
399 4095 462 4176 Qui
473 4097 553 4157 carui
565 4095 676 4156 subditi
687 4104 765 4167 eunt,
813 4089 918 4175 εἴπερ,
938 4097 989 4159 ubi
1005 4097 1236 4159 conditionalem
1251 4117 1317 4158 ease
1332 4116 1507 4171 sennonem,

65 4182 214 4265 capiendo
230 4203 280 4255 aa,
302 4204 382 4264 quae
397 4192 466 4245 runt
480 4182 586 4254 carnia,
600 4181 631 4242 id
647 4190 700 4254 eet,
714 4182 765 4243 ho·
813 4185 887 4245 satie
917 4204 963 4244 res
993 4187 1061 4267 ipsa
1088 4185 1231 4265 loquitur.
1268 4184 1312 4245 Iit
1337 4182 1508 4261 hujusmodi

66 4273 160 4333 mines
176 4270 323 4343 maala,
339 4269 411 4332 dum
426 4269 503 4331 talea
520 4277 602 4338 aunt,
617 4269 685 4329 Deo
700 4269 764 4348 pla·
812 4291 917 4332 sensus
943 4273 1033 4332 otiam
1059 4272 1130 4333 huic
1156 4272 1222 4331 loco
1243 4270 1354 4350 optimc
1369 4269 1506 4350 quadrat.

66 4378 133 4421 cura
147 4378 211 4421 non
225 4366 367 4438 possunt,
390 4358 464 4438 qnia
486 4376 540 4435 per
561 4355 645 4416 illam
668 4356 764 4416 caruis
811 4358 890 4418 Nam
906 4358 964 4419 etsi
979 4359 1017 4420 de
1027 4359 1178 4431 Romanis,
1190 4357 1221 4418 id
1232 4364 1287 4431 est,
1302 4356 1507 4419 EcclesiaRo·

66 4444 258 4525 prudentiam
268 4445 336 4506 Doo
349 4446 570 4506 constituuntur
582 4443 701 4503 inimici.
715 4442 765 4503 Sic
812 4465 965 4505 munorum
990 4467 1051 4506 non
1078 4444 1239 4505 dubitabat
1263 4444 1443 4523 Apostolus,
1467 4465 1507 4505 an

68 4531 221 4595 ediverso
235 4530 377 4595 Jomnoa
395 4535 421 4590 1.
446 4530 533 4610 epist
557 4531 585 4589 3.
610 4548 690 4603 eum,
713 4531 766 4610 qui
812 4531 941 4610 Spiritus
955 4533 1015 4593 Dei
1030 4533 1060 4593 iu
1075 4531 1134 4591 iilis
1149 4531 1309 4604 babitaret,
1325 4551 1401 4611 quos
1423 4532 1507 4592 initio

65 4631 154 4681 natue
170 4628 275 4682 estex
289 4619 375 4689 Deo,
402 4624 494 4696 negat
519 4635 608 4696 posse
628 4636 766 4695 peccare,
814 4618 957 4678 salutavit
972 4618 1097 4680 dilectos
1111 4618 1181 4691 Dei,
1196 4627 1321 4679 vocatos
1336 4628 1466 4694 sanctor,
1479 4626 1509 4677 et

65 4704 249 4771 Particulam
265 4697 319 4781 δὲ,
335 4712 462 4779 umam,
488 4702 611 4785 quidam
632 4722 689 4783 per
704 4692 765 4779 οὖν,
814 4705 922 4784 quibus
945 4707 1047 4766 scribit
1067 4724 1133 4784 cap.
1160 4703 1223 4764 15.:
1247 4705 1357 4767 canto
1377 4724 1447 4768 aunt
1469 4706 1507 4765 dc

1225 4809 1302 4871 11⁸
