3254 5190
447 286 608 341 semotas
624 287 643 341 l.
660 285 700 340 All
719 283 905 343 conminus
931 284 1016 340 lm.
1031 285 1116 338 t.—t.
1425 286 1497 357 555

77 462 122 519 inc
154 460 349 521 vehementer
381 460 615 541 displicuerunt:
651 464 757 542 ntique
803 470 929 543 quanter
952 482 988 521 ac
1010 480 1064 541 per
1089 463 1204 540 species
1230 466 1421 541 peccatorum
1446 456 1496 520 de·

75 553 180 627 propter
196 545 443 621 incredulitatem,
454 550 708 619 murmurationes,
724 558 755 609 et
803 548 907 608 clarat.

76 632 124 693 alia
136 641 277 711 peccata,
300 634 410 712 quibus
425 637 499 695 ham
515 635 575 696 Dei
594 636 754 697 adversum
853 636 893 695 Ut
915 653 982 695 nost
1003 637 1099 693 amns
1119 636 1372 709 concupiscentes
1393 629 1496 691 malo·

76 730 359 797 ”provocaverunt
375 721 420 781 nti
433 741 504 781 mox
519 724 673 802 speciatim
689 724 756 802 ipse
803 740 884 783 rnna
921 720 958 781 Iu
974 720 1092 783 Graeco
1115 720 1290 799 expressius
1309 717 1495 798 significatur

77 804 173 865 Paulas
201 804 342 885 explicat.
380 808 461 868 Bene
488 818 590 869 antem
620 808 696 870 dicit
719 811 755 869 in
803 828 896 869 caum
912 807 1026 868 finalis:
1049 808 1093 867 ad
1114 810 1171 868 boc
1185 814 1221 866 nt
1236 825 1294 866 nos
1316 824 1384 865 nost
1399 806 1496 864 asans

76 892 214 968 natm,
230 890 260 952 id
276 902 329 963 ost,
345 914 433 975 qnam
445 893 598 974 plurimis:
614 896 754 977 quoniam
803 897 1021 970 concaspitores
1035 896 1205 953 malornm.
1230 892 1298 972 Qua
1312 900 1399 972 parte
1413 896 1496 950 notat

79 979 257 1039 sexcentis
285 978 420 1040 millibus
450 982 545 1042 altero
574 982 756 1061 egressionis
804 982 834 1041 in
849 980 1010 1043 Corinthiis
1026 981 1298 1060 concupiscentiam
1313 978 1417 1058 gulae:
1437 996 1498 1055 qua

78 1084 139 1125 tuno
152 1067 182 1125 in
199 1084 352 1126 nnmerum
368 1067 481 1143 relatis,
497 1068 555 1129 dno
571 1078 684 1129 tantum
696 1066 754 1128 Ca·
803 1068 945 1128 titillante
972 1069 1137 1129 miscebant
1161 1086 1195 1126 se
1221 1066 1318 1145 epulis
1348 1082 1498 1126 sacrorum

79 1148 113 1209 leb
123 1162 151 1211 st
160 1151 267 1223 loeus,
281 1162 349 1232 post
361 1172 471 1213 annum
484 1155 754 1234 quadragesimum,
803 1155 971 1233 gentilium.
993 1156 1112 1215 Dicitur
1125 1162 1224 1212 autem
1244 1154 1325 1213 mals.
1341 1150 1498 1228 concupis·

79 1246 141 1297 terra
153 1240 302 1318 promissa
316 1242 405 1318 potiti
420 1250 504 1300 sant:
523 1244 636 1303 caeteri
653 1260 755 1302 omnes
803 1260 883 1313 cere,
910 1244 1093 1321 quicumque
1119 1241 1169 1301 vel
1194 1260 1257 1300 rem
1284 1238 1422 1299 illicitam
1443 1254 1498 1295 seu

81 1323 264 1385 heolitudine
275 1345 330 1404 per
341 1346 435 1387 annos
448 1327 648 1408 quadraginta
662 1328 755 1388 variis
803 1327 982 1405 prohibitam
1005 1328 1203 1406 concupiscit,
1226 1335 1260 1385 nt
1282 1326 1370 1406 primi
1389 1342 1496 1404 paren·

81 1409 354 1489 phgicacmortibns
364 1415 513 1473 exstincti.
539 1415 623 1495 Lege
631 1415 754 1475 Numer.
804 1426 866 1489 tes;
888 1414 940 1473 vel
962 1433 1024 1474 rem
1048 1415 1160 1474 licitam
1175 1412 1254 1473 male
1277 1420 1369 1493 atque
1384 1409 1497 1483 illicite,

81 1500 570 1579 ep.1c.ssne.11incs0qunur:
802 1509 837 1559 nt
859 1500 1018 1562 Israelitse
1045 1503 1075 1561 in
1099 1498 1233 1560 deserto:
1261 1499 1299 1559 de
1320 1498 1429 1579 quibus
1451 1514 1497 1557 se·

109 1584 185 1645 Nam
198 1590 354 1662 prostrati
368 1594 444 1647 sant
459 1591 494 1646 irs
510 1588 639 1648 deserto.
677 1588 755 1667 Syn·
803 1590 918 1667 quitur:

82 1668 236 1732 ndochicns
257 1691 362 1732 sermo.
408 1673 485 1734 Nam
501 1674 540 1734 de
554 1675 755 1735 cadaveribus
846 1675 933 1735 Sicut
954 1682 983 1733 ct
1008 1674 1057 1733 illi
1079 1675 1318 1749 semeopierant
1357 1671 1427 1731 Nou
1448 1686 1497 1730 res

82 1756 311 1837 strumloquitur.
333 1760 468 1839 Respicit
479 1760 557 1821 eninr
569 1760 607 1821 ed
620 1759 661 1831 id,
673 1759 754 1839 qnod
802 1770 855 1819 aut
868 1768 974 1820 nature
990 1761 1082 1821 malas
1097 1767 1151 1818 ant
1166 1760 1346 1839 prohibitas,
1369 1757 1424 1819 sed
1445 1756 1496 1816 ho·

82 1842 170 1903 dicitnr
184 1864 221 1903 ac
235 1846 381 1924 repetitur
397 1846 486 1905 Num.
506 1849 553 1906 14.
585 1850 627 1908 In
641 1847 754 1908 solitas·
803 1866 858 1907 nus
879 1847 1038 1926 licitasque
1060 1846 1138 1906 male
1160 1855 1192 1906 et
1206 1845 1387 1919 inordinate3
1414 1842 1499 1903 velut

82 1927 295 2004 diasy'cccbnsst
306 1932 467 1992 cadavera
480 1941 589 1993 crura.
614 1936 665 1995 Sic
676 1934 754 1994 Heb.
804 1952 923 2004 carnes,
938 1934 1051 2013 pisces,
1067 1952 1218 2012 pepones,
1234 1950 1417 2004 cucumeres,
1431 1950 1498 2011 por·

83 2020 101 2075 1
121 2014 157 2077 de
178 2016 300 2077 iisdem:
327 2037 465 2095 qcsornm
491 2022 651 2081 macera
676 2039 755 2097 pso·
803 2040 861 2091 ros,
878 2019 958 2091 allia,
971 2039 1080 2097 caepe:
1096 2038 1155 2079 nou
1168 2019 1303 2078 conteuti
1315 2019 1391 2091 cibo,
1406 2036 1499 2097 quem

82 2107 161 2162 cato
174 2112 250 2163 suat
264 2107 301 2163 iss
315 2106 447 2165 deserto.
485 2106 534 2166 Ex
557 2108 603 2167 bis
626 2108 754 2185 intelligi
803 2105 861 2166 illis
876 2106 961 2165 Dens
983 2116 1065 2167 tauto
1088 2106 1232 2166 miraculo
1255 2104 1380 2166 caelitus
1398 2106 1496 2164 mitte·

81 2188 310 2269 tsltApostolus‚
326 2193 415 2252 etiam
430 2192 517 2253 nobis
533 2194 605 2254 nihil
621 2194 753 2273 prointu-
802 2192 863 2251 bat.
879 2194 1017 2272 Respicit
1028 2194 1107 2253 euim
1119 2190 1283 2271 Apostolus
1293 2190 1333 2251 sd
1346 2191 1501 2251 historiam

82 2292 142 2349 run,
167 2276 250 2357 qnod
274 2297 329 2356 per
355 2276 506 2340 Christum
533 2300 551 2340 e
577 2279 755 2341 daemonnm
803 2277 891 2337 Num.
911 2284 973 2347 11.,
996 2279 1047 2337 nbi
1063 2278 1235 2357 hujusmodi
1256 2278 1500 2357 concupiscentia

81 2364 204 2425 mirate
229 2363 349 2424 liberati
379 2374 410 2425 et
435 2366 583 2447 baptismo
609 2366 755 2441 mundati,
803 2374 833 2425 et
846 2364 938 2445 plaga
949 2365 1110 2425 subsecuta
1121 2364 1307 2436 describitur,
1322 2384 1421 2443 eaque
1436 2372 1498 2423 tam

81 2452 251 2531 nouusque
280 2450 389 2510 Christi
427 2454 620 2513 sacramentis
650 2452 755 2514 relecti
803 2454 918 2531 gravis,
940 2459 975 2511 ut
989 2450 1055 2512 loco
1071 2472 1179 2513 nomen
1197 2452 1376 2512 remanserit
1389 2452 1497 2526 scpul-

80 2550 176 2612 tsuua,
201 2538 229 2599 si
250 2537 408 2597 Israelitas
433 2540 585 2618 peccando
608 2540 753 2601 fuerimus
803 2557 859 2597 cra
885 2542 1163 2615 concupiscentiae.
1196 2537 1359 2617 Significat
1386 2546 1496 2612 atrum,

80 2620 176 2685 usitati.
199 2622 275 2685 Ideo
291 2626 444 2705 seqnitur:
802 2624 952 2699 intusum,
974 2635 1010 2686 ut
1031 2637 1062 2686 et
1084 2646 1139 2687 nos
1155 2624 1262 2685 similia
1280 2626 1447 2707 patiamur,
1470 2624 1498 2685 si

804 2712 941 2773 similiter
962 2722 996 2774 ut
1018 2712 1062 2773 illi
1084 2713 1229 2772 malorum
1250 2712 1497 2793 concupiscentes

109 2798 237 2859 dilate
259 2807 365 2858 autern
387 2802 422 2857 in
445 2800 550 2875 figura
572 2803 662 2875 facta
681 2810 755 2862 anat
802 2798 955 2859 nonnus.
972 2800 1090 2859 Similia
1099 2799 1173 2869 dico,
1182 2800 1271 2877 juxta
1278 2800 1499 2879 proportionem

79 2886 168 2943 scari
203 2882 319 2945 Graeco
335 2884 373 2943 sd
389 2886 528 2945 verbnm:
544 2889 754 2947 Haerentem
803 2906 964 2965 poenarum
980 2886 1072 2965 lrnjns
1086 2887 1214 2959 saeculi,
1229 2904 1297 2945 cum
1311 2888 1418 2967 poenis
1432 2906 1498 2946 sse

77 2968 180 3041 tresue
193 2977 323 3031 nocuas
330 3018 340 3046 ,
358 2972 407 3031 vel
421 2975 689 3051 constristemini,
706 2976 754 3035 vel
804 2974 862 3033 culi
878 2973 979 3031 futuri.
1018 2972 1096 3032 Nam
1119 2984 1151 3033 et
1167 2972 1277 3053 plagae
1290 2972 1497 3035 Isrsiilitsrum

77 3054 149 3127 iuda
158 3066 242 3118 arnt.
264 3060 305 3118 Et-
316 3059 372 3117 boc
384 3058 448 3119 iere
460 3058 548 3120 modo
560 3061 652 3120 citant
666 3063 754 3122 istam
803 3059 918 3137 figurae
940 3060 1062 3119 fuerunt
1084 3080 1264 3140 poenarum,
1290 3078 1367 3140 quas
1383 3060 1500 3137 indiget

77 3146 237 3205 mundam
254 3144 426 3224 Cyprianus
449 3149 534 3226 epist.
560 3146 608 3206 77.
632 3146 671 3206 ad
689 3149 753 3207 Me·
803 3147 887 3206 Dens
904 3148 955 3218 iis,
978 3148 1029 3227 qui
1044 3155 1113 3225 post
1127 3147 1308 3224 baptismum
1324 3166 1362 3206 ac
1376 3166 1499 3207 mensae

77 3246 164 3305 geum,
178 3241 212 3291 et
227 3234 412 3310 Augustinus
428 3232 494 3293 libr.
511 3236 539 3292 4.
556 3242 660 3293 contra
674 3236 754 3293 Fan·
803 3232 1499 3312 Dominicaeparticipationem,sdpriorsvitis

78 3324 136 3377 sum
150 3338 215 3398 esp.
233 3323 261 3379 2.
278 3318 328 3378 nbi
345 3319 420 3398 legit
434 3323 554 3393 nostri,
578 3331 609 3379 et
632 3320 683 3381 lib.
707 3326 754 3382 16.
803 3319 914 3397 relapsi
928 3320 1051 3380 inerint.

78 3420 125 3483 up.
141 3406 189 3465 28.
205 3404 336 3485 aliisque
352 3406 441 3478 loris,
464 3410 495 3467 in
518 3407 626 3487 qnibns
645 3408 754 3487 legitur
847 3411 875 3465 i.
892 3408 998 3483 ll'equs
1012 3407 1206 3466 idololatrae
1218 3408 1415 3483 efficiamini.
1433 3408 1498 3467 hlu-

78 3496 247 3552 nosmet
258 3501 287 3551 et
297 3493 378 3571 apud
390 3492 504 3553 Bedam
516 3497 547 3553 in
560 3494 754 3555 collectaneis
802 3502 847 3552 tat
876 3513 1035 3573 personam
1061 3513 1143 3553 more
1170 3493 1322 3554 Hebraeis
1350 3492 1498 3556 familiari.

77 3590 105 3635 tr
124 3578 299 3658 Augustino.
338 3581 427 3658 Legit
456 3579 494 3639 cd
524 3582 604 3642 hunc
634 3581 753 3641 modurn
802 3580 880 3638 Nam
895 3583 976 3660 prius
992 3580 1128 3641 dixerat:
1158 3584 1198 3642 Ut
1220 3600 1288 3641 non
1302 3585 1400 3643 simut
1420 3602 1498 3643 coss·

78 3662 148 3723 darn
161 3666 292 3726 nortun
308 3665 358 3725 lib.
375 3666 412 3726 de
429 3685 537 3726 cousus
557 3670 663 3728 militis
687 3688 753 3747 cap.
802 3670 991 3742 cupisceatss
1007 3670 1175 3729 malornm.
1198 3668 1287 3727 Hanc
1305 3669 1499 3729 mutationem

78 3746 97 3805 l·
125 3751 204 3813 Alibi
230 3770 305 3813 vero
328 3753 428 3826 aliter,
455 3764 488 3814 nt
509 3754 573 3814 libr.
598 3757 627 3814 5.
650 3762 753 3815 contra
800 3772 904 3813 rursus
919 3755 1136 3815 observareest
1152 3753 1397 3834 insequentibus.
1421 3756 1495 3817 Sen-

76 3830 239 3899 llsrcionem
254 3860 320 3919 cap.
339 3840 365 3898 7.
389 3842 594 3901 Hacccntcm
609 3844 752 3917 exempla
802 3860 868 3899 sus:
896 3840 945 3900 Ad
970 3840 1131 3915 idolorum,
1159 3852 1190 3902 et
1211 3844 1332 3902 omnino
1353 3841 1497 3903 falsorum

77 3922 148 3985 nto
159 3934 235 3986 snat
244 3928 343 4004 facta.
366 3926 477 3987 Sensus
489 3937 588 3988 tamen
601 3929 679 3989 idem
696 3938 751 3989 est.
801 3926 922 3986 deornm
938 3928 1050 3987 cultum
1066 3948 1105 3988 ne
1127 3928 1271 4001 redeatis3
1296 3930 1361 3987 sive
1378 3948 1417 3987 cx
1433 3930 1496 3988 ani·

76 4004 157 4085 daec,
178 4014 291 4093 inquit,
314 4033 394 4093 qnae
410 4017 638 4075 commemoravi
659 4017 751 4075 conti·
800 4033 849 4073 mo
863 4034 918 4093 per
934 4017 1126 4093 apostasiam,
1146 4017 1210 4075 sive
1224 4034 1316 4095 opere
1332 4014 1497 4093 qualicum-

75 4096 289 4177 siaepstribns
304 4102 428 4173 nostris,
451 4102 571 4161 inerunt
593 4105 660 4181 typi
684 4104 750 4182 qni·
800 4121 859 4179 que
881 4110 1005 4161 esterno
1027 4122 1083 4179 per
1109 4103 1344 4162 communionem
1368 4120 1433 4160 cum
1454 4102 1497 4161 in·

76 4178 127 4245 hur
140 4204 175 4245 sc
189 4187 323 4265 figurae,
339 4194 370 4245 et
384 4189 522 4268 exempla
537 4208 656 4258 eornm,
673 4208 752 4269 qnae
800 4187 938 4247 fidelibus
961 4188 1044 4248 idola
1067 4187 1220 4267 falsosque
1244 4188 1317 4247 deos
1340 4206 1380 4247 ox
1397 4189 1497 4247 animo

76 4266 139 4343 iuni,
154 4274 318 4335 satiatura
329 4282 398 4333 sunt
410 4277 488 4335 circa
500 4295 565 4349 nos,
581 4277 635 4355 qni
650 4296 751 4336 snmus
800 4274 974 4346 colentibus,
990 4274 1203 4357 propterquod
1218 4274 1294 4335 infra
1310 4275 1397 4335 dicit:
1413 4276 1496 4337 Nelo

76 4354 197 4439 tdscripti
212 4364 244 4421 in
260 4360 403 4440 populum
418 4361 492 4421 Dei:
515 4370 545 4421 et
564 4364 606 4421 ita
622 4362 750 4440 quidem,
801 4362 1296 4437 consociastisridasmoniosstm.
1312 4362 1402 4421 Hunc
1413 4364 1494 4423 enim

76 4444 144 4507 rtet
164 4457 296 4507 nostram
318 4446 498 4519 doctrinam,
524 4452 750 4509 instructionem
798 4450 992 4526 posteriorem
1008 4448 1127 4508 mrrdum
1143 4447 1335 4509 idololatriae
1346 4450 1377 4508 in
1392 4468 1495 4509 conse·

76 4534 248 4596 tmuium
262 4532 420 4595 referenda
437 4537 510 4610 sint3
536 4545 569 4595 nt
586 4536 663 4596 infra
678 4536 751 4595 dicit
798 4534 958 4614 quentibus
968 4536 1052 4596 obeo
1062 4535 1142 4595 loco:
1158 4536 1321 4611 anitcah
1332 4536 1496 4597 idolorum

76 4634 132 4681 m
149 4624 198 4681 11.
236 4622 366 4697 Scripta
387 4631 592 4683 enatantem
616 4624 659 4682 cd
677 4640 749 4682 cor·
796 4624 939 4696 namra,
969 4624 1103 4702 apertius
1130 4624 1257 4705 exponit
1282 4642 1318 4682 se
1346 4621 1493 4702 prohibet

76 4710 227 4783 milonem
241 4716 395 4769 nostram.
430 4710 523 4791 Quod
538 4719 568 4771 et
582 4710 630 4773 bic
645 4728 746 4773 conse
795 4708 909 4771 Addidi
921 4712 1089 4791 generatim
1101 4709 1141 4773 de
1151 4708 1323 4777 ialsisdiist
1337 4728 1408 4771 nam
1421 4728 1489 4799 spe·
