3254 5190
511 279 674 334 mrsrome
692 280 732 333 en
750 279 901 334 memus.
936 279 1020 333 vers.
1038 280 1062 333 s.
1451 289 1497 356 33

53 455 208 516 manifeste
232 457 301 534 jam
316 456 480 535 Apostolus
496 457 621 536 opponit
635 476 758 536 opereu-
807 476 880 516 eam.
904 455 1011 515 Fidem
1028 475 1099 516 vero
1115 456 1250 535 intellige
1265 466 1443 534 sperantem,
1457 455 1500 517 di·

53 556 107 602 tem
124 543 274 602 eredenti.
298 541 388 602 Unde
410 542 509 622 liquet
530 563 597 602 eum
619 544 709 602 etiam
727 544 756 600 in
806 544 958 621 ligantem,
970 544 1168 615 invocantem,
1180 543 1377 616 obedientem,
1390 544 1505 605 utalibi

55 629 261 708 superioribus
277 629 465 690 intellexisse
482 639 670 710 operantem,
698 650 757 688 nou
808 629 999 689 declaratum.
1015 629 1104 689 Unde
1118 631 1308 709 Augustinus
1324 639 1439 690 trectm.
1454 632 1504 691 29.

55 716 139 783 iilum,
156 717 214 794 qui
231 715 336 785 credit,
353 725 405 775 aut
416 715 521 777 exfidc
532 725 687 794 operatum
704 713 757 774 sed
807 718 839 776 in
853 717 877 776 J
879 735 1022 786 oannem,
1047 737 1113 775 cum
1137 716 1302 777 adduceret
1323 718 1401 777 haue
1423 716 1504 797 Apu·

56 803 99 883 qui
113 811 267 880 operatur
282 821 345 862 nou
361 802 486 863 credens
502 804 534 862 in
549 822 628 874 eum,
640 803 697 881 qui
708 804 756 879 ju·
807 803 875 861 stoli
891 803 1088 862 sententiam:
1113 804 1261 863 eredenti
1281 808 1316 863 in
1340 824 1409 863 earu
1417 849 1427 878 ,
1449 807 1504 880 qui

57 889 163 947 subeat
180 887 347 958 hominem,
374 888 483 960 idest,
502 889 651 967 justitiam
668 889 706 947 ab
722 908 756 947 eo
802 890 955 964 justificat
971 891 1107 964 irapinrn
1134 899 1190 948 etc.
1227 891 1311 968 (raia
1326 899 1381 962 eet,
1398 892 1502 969 iuquit,

57 996 105 1035 nnn
121 983 326 1052 exspectans.
352 973 454 1054 Quare
469 975 545 1035 fides
560 973 600 1033 ad
615 974 647 1034 id
661 993 756 1053 genus
807 976 932 1035 eredere
948 979 984 1033 in
1000 977 1095 1035 enen?
1112 977 1277 1037 Credendo
1293 996 1414 1051 amare,
1433 995 1501 1036 ere·

58 1080 175 1140 operum
197 1081 263 1120 uon
286 1062 433 1140 pertinet,
464 1061 517 1121 sed
532 1063 570 1121 iis
587 1063 757 1141 opponitur.
807 1062 912 1122 dendo
929 1062 1070 1136 dilipere,
1088 1063 1244 1123 eredendo
1260 1067 1295 1122 in
1311 1068 1454 1137 enmtre,
1477 1071 1506 1122 et

57 1147 124 1207 liam
144 1148 207 1226 qui
224 1146 326 1207 credit
340 1148 371 1206 in
388 1167 463 1221 eum,
479 1149 533 1227 qui
544 1148 756 1227 justificatim·
807 1154 873 1223 ejus
887 1149 1034 1208 menbris
1049 1152 1263 1224 incorporari.
1286 1151 1429 1230 Denique
1454 1149 1505 1208 ad·

58 1236 142 1313 pum,
166 1234 195 1292 si
211 1233 329 1306 credit,
352 1243 387 1292 ut
403 1244 535 1314 oportet,
558 1236 647 1295 etiam
662 1235 756 1312 ipsam
806 1235 863 1307 dit,
888 1255 952 1293 eam
978 1235 1104 1314 intelligi
1120 1235 1224 1308 fidem,
1248 1257 1326 1314 quse
1341 1258 1396 1315 per
1413 1235 1504 1294 dilec-

60 1319 150 1391 idem,
168 1339 257 1399 quae
269 1320 497 1398 justificationis
512 1323 628 1381 initium
646 1330 708 1391 est,
725 1341 757 1378 se

61 1405 142 1466 eredit
158 1405 280 1466 habere
297 1427 336 1466 ex
352 1408 443 1486 ipsius
455 1408 655 1485 justificantis
666 1407 755 1467 bene·

62 1493 124 1553 laio.
137 1495 291 1569 Impium
298 1503 389 1552 vocet
399 1503 583 1573 peccatorem
597 1496 626 1553 in
637 1513 756 1572 genero.

63 1580 124 1640 Suet
138 1581 222 1640 euim
240 1579 349 1639 eadem
364 1579 428 1640 fere
443 1582 474 1639 iu
485 1582 649 1660 scripturis,
664 1581 757 1639 maxi-

62 1670 139 1734 mein
161 1665 380 1745 disputatione
399 1667 529 1727 Paulina
552 1669 590 1726 de
608 1667 757 1746 justifica-

62 1756 136 1826 tione,
151 1763 296 1833 quatuor
312 1756 388 1812 ista:
405 1746 601 1831 ἁμαρτωλὸς,
627 1745 756 1829 ἀσεβὴς,

65 1831 168 1915 ideae,
187 1831 324 1916 ἄνομος,
342 1839 372 1900 id
388 1850 450 1913 est,
465 1851 621 1922 peccator,
637 1841 757 1919 impius,

64 1928 190 2005 ujustrm,
206 1928 351 2006 iniquus.

93 2014 184 2074 Porro
207 2013 309 2086 fides,
333 2034 395 2093 qua
418 2016 488 2092 quis
511 2013 608 2072 credit
627 2014 657 2071 iu
680 2032 758 2084 eum,

64 2103 102 2180 pi
115 2110 316 2182 peccatorem
328 2100 493 2180 justificet,
518 2108 549 2159 et
564 2100 601 2159 ab
619 2120 653 2158 eo
666 2101 757 2177 justi·

64 2188 116 2246 em
130 2208 189 2267 per
203 2186 367 2247 Christum
384 2196 549 2265 exspectat,
565 2189 696 2266 reputari
713 2187 757 2245 di·

64 2275 123 2333 eitur
136 2272 179 2334 ad
191 2273 373 2352 justitiam,
389 2294 447 2332 nou
464 2276 537 2351 quia
548 2274 608 2333 Dei
620 2273 757 2352 benigni-

63 2370 175 2439 tstepro
195 2360 326 2443 justitia
349 2368 519 2440 reputatur,
542 2379 610 2419 cum
634 2379 694 2418 non
720 2361 759 2419 eit

62 2446 182 2523 justitia,
211 2445 471 2525 quemadmodum
498 2447 617 2505 sectarii
644 2445 758 2519 volunt,

63 2551 129 2592 nm
146 2553 188 2593 ex
199 2533 264 2591 hoc
277 2532 344 2591 loco
355 2532 434 2593 male
447 2532 599 2593 intellecto
608 2533 758 2610 justitiam

63 2628 280 2691 mtruentes,
306 2639 397 2697 quam
411 2627 522 2679 vocant
537 2621 757 2697 imputativam.

63 2705 134 2766 lacet
147 2708 235 2767 enim
251 2705 329 2764 baec
341 2704 419 2765 salsa
429 2707 589 2784 reputatio.
601 2706 666 2764 Nec
677 2726 758 2773 vero,

63 2796 119 2871 quis
134 2801 301 2872 reputatur
323 2813 378 2871 pro
396 2794 536 2870 justitiae
560 2792 758 2871 perfectione,

806 1323 914 1382 tionem
932 1329 1080 1400 operatur.

850 1409 969 1468 Dicitur
984 1417 1083 1466 sertem
1093 1408 1176 1467 Deus
1192 1409 1315 1488 impium
1328 1408 1504 1487 justificare,

808 1517 867 1555 uon
876 1495 939 1554 sola
948 1496 1124 1554 remissione
1133 1504 1331 1573 peccatorum,
1346 1515 1424 1572 quae
1438 1495 1505 1553 dric-

808 1583 886 1641 trina
902 1591 948 1640 est
963 1581 1198 1654 baereticorum
1221 1582 1275 1642 sed
1291 1581 1376 1641 donis
1392 1583 1504 1659 gratui-

807 1670 846 1728 tis
863 1678 893 1727 et
916 1666 1157 1746 gratificantibus
1181 1679 1309 1727 mentem
1333 1669 1398 1746 ejus
1422 1688 1506 1727 reno·

807 1754 922 1824 vando,
954 1773 1082 1832 quorum
1112 1757 1239 1833 primum
1264 1766 1310 1814 est
1332 1758 1398 1835 ipsa
1421 1753 1504 1815 fides.

808 1840 898 1901 Unde
921 1843 1061 1920 quumvis
1085 1842 1222 1901 alisolute
1239 1862 1324 1901 nemu
1333 1843 1437 1920 justus
1453 1851 1507 1901 aut

804 1929 984 2007 justificatus
1000 1927 1059 1988 dici
1082 1927 1203 1996 debeat,
1224 1931 1397 2009 priusquam
1422 1949 1504 1988 acco·

808 2016 886 2094 perit
900 2023 1091 2093 peccatorum
1108 2017 1313 2075 remissionem
1330 2026 1361 2077 et
1373 2017 1507 2095 spiritum

808 2102 982 2181 adoptionis
1008 2102 1134 2161 filiorum
1160 2102 1237 2173 Del,
1261 2110 1360 2162 tamen
1385 2102 1504 2161 inchoa·

808 2191 892 2248 tione
907 2188 1036 2266 quadem
1052 2189 1123 2247 talis
1140 2189 1286 2247 interdum
1303 2191 1370 2268 quis
1386 2188 1506 2263 dicitur,

808 2295 875 2334 cum
891 2275 1023 2351 primurn
1038 2274 1145 2346 eredit,
1170 2295 1206 2334 ce
1220 2274 1365 2335 videlicet
1379 2274 1454 2346 fide,
1470 2274 1507 2334 de

808 2381 870 2440 qua
886 2381 964 2419 nunc
979 2362 1088 2439 agitur.
1105 2361 1152 2419 Ita
1164 2363 1352 2439 Augustinus
1364 2380 1506 2420 enarrans

807 2449 858 2508 Pe.
884 2445 954 2505 110.
975 2449 1161 2521 Jeetitiarn,
1187 2449 1301 2526 inquit,
1325 2449 1417 2506 horreo
1439 2466 1507 2506 non

809 2540 980 2610 operatur,
997 2535 1062 2592 nisi
1072 2536 1272 2610 instificetur.
1289 2535 1426 2595 Crederes
1444 2553 1506 2593 an·

810 2628 871 2680 tene
888 2623 923 2678 in
947 2639 1034 2693 enne,
1059 2624 1114 2696 ‹pni
1131 2621 1284 2696 justificat
1305 2624 1460 2696 impium,
1484 2639 1505 2678 a

809 2708 870 2783 lide
888 2709 1000 2781 incipit
1017 2704 1147 2785 (operari
1159 2704 1341 2785 justitiam),
1363 2714 1400 2766 nt
1423 2707 1507 2767 buna

811 2813 908 2870 opera
924 2812 992 2852 non
1006 2794 1249 2869 praecedentia,
1273 2796 1357 2870 qnod
1379 2796 1507 2868 meruit,

63 2897 141 2957 quam
158 2889 231 2939 erat
247 2878 407 2938 habiturus
419 2879 517 2948 homo,
530 2881 556 2937 si
569 2900 629 2938 non
641 2898 758 2958 peccas·
811 2883 864 2940 sed
881 2884 1121 2956 consequentia,
1143 2882 1227 2958 qnod
1244 2885 1377 2957 aceepit,
1403 2889 1507 2939 osten-

63 2976 110 3039 ¹²²3
125 2964 211 3045 quod
230 2967 326 3024 sentit
340 2965 432 3044 Hugo
448 2966 621 3025 Victorinus
640 2972 757 3043 quaest.
809 2969 899 3026 daret.
915 2967 1001 3026 Haec
1014 2968 1073 3028 ille.
1088 2968 1255 3047 Namquod
1269 2969 1307 3029 de
1319 2967 1508 3029 confessione

65 3054 135 3123 ron,
157 3050 320 3131 siquidem
342 3071 398 3111 nee
418 3072 455 3111 ee
470 3053 620 3131 reputatio
636 3053 757 3111 veritati
808 3062 1017 3134 peccatorum,
1042 3075 1120 3133 quae
1142 3055 1211 3114 fidei
1233 3075 1331 3114 comes
1354 3064 1413 3125 est,
1437 3053 1505 3113 sub·

62 3138 265 3218 responderet:
289 3136 346 3197 sed
364 3139 452 3216 juxta
468 3137 657 3218 supradicta,
685 3139 759 3216 qnia
805 3142 926 3219 jungit:
949 3142 1101 3200 Nondum
1117 3142 1245 3220 quinem
1262 3161 1340 3217 opus
1356 3149 1399 3200 est
1410 3142 1507 3214 justi·

63 3224 123 3286 ides
138 3244 219 3284 vera
237 3226 359 3303 justitie
382 3233 442 3296 est,
467 3225 571 3285 saltem
594 3223 757 3284 secuudum
808 3232 890 3302 tiae,
914 3227 967 3286 sed
983 3226 1088 3285 delicti
1103 3228 1315 3302 improbatio,
1340 3250 1400 3287 non
1416 3234 1507 3305 negat

62 3310 284 3371 inchoationem.
309 3312 387 3370 Nam
403 3310 550 3389 ejusmodi
566 3310 640 3370 fides
656 3331 674 3369 a
689 3330 758 3389 pec·
809 3333 873 3374 eam
891 3332 967 3391 opus
984 3331 1051 3371 esse
1062 3314 1199 3390 justitiae
1212 3314 1378 3386 inchoatae,
1395 3313 1449 3372 sed
1456 3314 1506 3391 ju-

62 3407 152 3458 astore
180 3406 334 3476 concepta
360 3399 479 3456 initium
501 3407 548 3457 est
567 3399 706 3475 justitiae
730 3406 758 3455 et
808 3401 910 3462 stitiae
926 3398 1113 3477 simpliciter,
1130 3418 1290 3477 quamnon
1302 3400 1393 3458 habet
1405 3401 1438 3469 is,
1457 3401 1504 3457 cui

62 3485 260 3544 manationis
277 3484 357 3560 ejus,
381 3483 547 3562 etquidem
574 3484 651 3558 tale,
676 3483 758 3563 quod
808 3485 941 3546 nondum
967 3492 1038 3544 sunt
1067 3485 1194 3544 dimissa
1219 3494 1351 3563 peccata.
1381 3486 1505 3565 Alioqui

63 3569 146 3647 ἰμιω
160 3571 315 3648 justitiam
327 3570 553 3649 apprehendat,
577 3579 607 3630 et
629 3591 667 3631 ex
689 3591 758 3649 quo,
807 3581 998 3652 peccatorum
1011 3572 1226 3630 contessionem
1239 3574 1507 3650 inter-operaboua

64 3656 135 3717 nne
149 3659 281 3727 semine,
296 3662 361 3715 tota
372 3657 494 3735 justitia
509 3659 721 3735 progermiuct.
809 3668 839 3718 et
854 3658 1000 3717 salutaria
1016 3657 1229 3717 numerandam
1246 3677 1321 3729 esse,
1348 3658 1428 3716 idern
1444 3661 1504 3717 Aur·

95 3743 129 3802 ln
157 3744 287 3802 homine
315 3752 417 3802 autem
444 3744 529 3820 justo
552 3742 658 3803 eadem
682 3743 757 3803 fides
808 3747 948 3823 gustinus
972 3753 1097 3803 testatur
1116 3754 1200 3803 tract.
1228 3747 1274 3803 12.
1299 3764 1390 3823 super
1413 3746 1506 3806 doun-

64 3828 230 3908 dupliciter
246 3824 377 3906 *justitia
398 3837 457 3901 est,
488 3830 565 3888 sicut
585 3838 615 3888 et
638 3839 759 3889 caetera
808 3853 883 3901 nem,
900 3831 947 3888 his
964 3831 1079 3890 verbis:
1096 3833 1174 3892 Onne
1192 3835 1309 3906 ceperit
1325 3832 1381 3889 tibi
1393 3832 1506 3906 displi-

65 3911 132 3975 buu
143 3917 301 3993 justarum
317 3935 424 3993 opera3
439 3915 589 3994 quomodo
601 3917 691 3976 etiam
707 3916 758 3974 illa
807 3937 875 3977 aere
883 3963 893 3991 ‚
909 3919 995 3992 qnod
1009 3919 1111 3994 fecisti
1118 3963 1128 3991 ,
1153 3919 1227 3976 inde
1243 3921 1405 3992 incipiunt
1421 3919 1505 3978 hona

65 3998 129 4062 tter
143 4001 307 4068 Abrahae.
323 4021 383 4081 que
399 4001 510 4062 divinis
527 4004 681 4078 promissis
697 4021 757 4061 cre·
808 4024 904 4080 opera
931 4012 1003 4078 tna,
1031 4008 1108 4079 qnia
1135 4024 1264 4065 accusas
1288 4005 1378 4063 mala
1406 4024 1505 4080 opera

65 4084 159 4159 debat,
182 4087 362 4166 simpliciter
380 4089 501 4166 justitia
524 4098 601 4160 erat,
618 4090 757 4148 nimirum
808 4099 871 4150 tna.
890 4093 1024 4150 initium
1037 4110 1170 4165 opernm
1182 4093 1505 4168 bonoraneconfeeeio

66 4175 194 4248 malis,
210 4175 250 4233 ab
267 4175 418 4234 habituali
434 4185 466 4235 et
481 4175 658 4234 inhaerente
670 4177 757 4252 justi·
808 4186 996 4253 ascoperam
1014 4180 1182 4237 malorum.
1199 4180 1283 4239 Haec
1300 4177 1348 4236 ibi.

66 4260 292 4340 tiapoeedens.
320 4261 398 4320 Erat
419 4262 500 4322 enim
524 4282 599 4341 opus
617 4264 758 4339 justitiae
850 4265 1030 4325 See-einana
1058 4268 1258 4339 propositum
1284 4268 1408 4338 pratiae
1436 4267 1505 4323 Dei.

66 4343 123 4407 Dec
137 4349 356 4427 gratissimum,
372 4348 452 4407 Nam
468 4357 498 4407 et
513 4369 606 4427 opera
618 4349 759 4426 justitiae
807 4350 895 4408 Haec
910 4351 1047 4409 cletusula
1069 4372 1129 4409 non
1153 4359 1200 4411 est
1220 4353 1250 4409 in
1273 4361 1357 4410 textu
1382 4351 1506 4422 Graeco,

67 4435 167 4509 emin
188 4437 220 4495 iu
242 4436 338 4495 sacris
359 4434 455 4493 literis
466 4435 588 4511 justitia
604 4443 756 4494 vocantur.
807 4457 909 4514 neque
942 4440 1084 4515 Syriaco.
1114 4437 1168 4496 sed
1197 4458 1294 4517 neque
1317 4440 1346 4496 in
1370 4437 1507 4496 omnibus

69 4516 109 4578 tn
122 4529 224 4582 autem
246 4521 332 4580 Deus
355 4522 452 4599 ipsam
467 4520 558 4580 iidem
576 4530 697 4599 reputat
719 4521 758 4580 ad
807 4525 957 4602 reperitur
984 4525 1119 4596 Latinis,
1146 4526 1267 4584 tametsi
1293 4532 1507 4584 conrineutator

67 4603 210 4680 iustitiam,
227 4616 261 4666 ut
275 4607 351 4668 nibil
367 4608 434 4667 siue
451 4626 488 4666 ea
502 4607 700 4685 adjustitiam
715 4629 758 4666 re·
808 4608 905 4680 Amb,
922 4610 1068 4688 Pelagius
1085 4621 1115 4670 et
1130 4609 1271 4670 Sedulius
1286 4611 1393 4688 legunt
1409 4620 1438 4670 et
1453 4630 1503 4669 ex·

70 4702 158 4767 patet,
184 4693 239 4755 sed
267 4701 389 4754 caetera
418 4713 473 4772 per
496 4714 561 4754 eam
584 4703 613 4753 et
635 4703 759 4774 propter
807 4705 933 4775 ponunt.
963 4698 1013 4756 Ex
1028 4717 1086 4776 quo
1108 4706 1240 4770 constat,
1269 4706 1419 4756 vetustam
1440 4715 1506 4755 esse

1245 4787 1300 4860 Β*
