3254 5190
471 261 634 316 mutonis
652 263 670 317 l.
689 262 729 317 ln
747 261 935 319 CORINTHIOS.
957 264 1033 319 VEliS
1051 265 1077 318 S.
1096 264 1136 318 1⁰.
1432 270 1503 341 535

73 435 182 499 taline
196 436 287 512 locis,
309 438 399 500 baum
422 458 513 520 opera
534 440 579 500 uti
602 438 642 507 ad
659 440 761 519 fruges
809 446 873 501 est:
887 438 937 503 An
951 442 1052 521 potins
1064 440 1298 502 existimandum
1314 448 1369 515 est,
1384 442 1504 502 omnino

73 520 189 602 sedibus
205 524 401 589 triturandas.
424 525 486 606 Qui
501 545 573 586 vero
589 528 759 587 tenaciores
807 545 860 589 seu
880 525 1092 608 principaliter
1114 528 1171 587 hoc
1190 528 1290 597 Deum
1313 528 1505 608 praecepisse

73 618 159 683 nant,
174 609 271 671 bobus
287 630 340 673 crs
354 611 546 691 obligabant,
561 631 600 675 ne
614 611 652 674 da
666 614 757 692 frugi·
807 622 930 693 propter
945 634 999 674 nos
1015 615 1176 695 Evangelii
1191 612 1366 675 ministros?
1393 623 1428 675 nt
1440 615 1505 692 jam

73 714 121 769 rus,
137 715 216 776 quas
230 698 373 773 terebant,
389 697 479 760 edere
496 707 629 779 possent
667 698 758 782 Quod
806 699 990 779 explicatum
1006 710 1060 762 ast
1285 729 1286 732 ¹

73 790 123 843 ras
135 781 346 845 inclementiae
368 785 570 864 cujusdam‘et
584 785 757 864 injustitiae,
848 789 932 849 Nam
943 795 1080 864 propter
1094 806 1153 849 uos
1168 788 1287 863 scripta
1302 793 1385 847 sunt.
1411 784 1502 847 Grac·

73 886 149 947 qnam
179 869 233 931 lex
263 869 388 931 inhibet.
435 871 647 933 Hebraismum
677 879 756 945 nota,
805 891 872 933 curn
887 873 1011 936 verbum
1022 864 1155 951 ἐγράφη,
1173 892 1241 933 cum
1256 875 1295 934 sit
1309 871 1425 932 numeri
1440 872 1501 933 sin·

73 953 169 1031 babis
182 975 239 1038 pro
255 955 364 1032 bauto.
802 958 937 1037 polaris,
975 962 1086 1020 rectius
1124 968 1224 1021 vertas
1257 961 1410 1036 scriptam
1440 965 1503 1019 cst:

100 1041 266 1119 quuid
293 1044 332 1103 de
361 1043 456 1105 bobus
482 1062 561 1105 cura
592 1055 635 1106 eat
661 1049 755 1109 Deo?
804 1043 1053 1124 quemadmodum
1082 1045 1173 1126 paulo
1210 1054 1281 1107 ante
1322 1036 1500 1120 γέγραπται.

73 1122 198 1189 bmnium
227 1128 351 1208 quidem
381 1136 413 1191 st
440 1131 625 1210 singularum
653 1154 754 1195 rerum
803 1131 885 1191 Nihil
902 1132 980 1192 enim
1003 1139 1063 1205 est,
1086 1131 1168 1212 quad
1192 1139 1280 1211 cogat
1303 1140 1355 1192 aut
1374 1130 1500 1193 suadeat

73 1230 158 1277 turm
171 1222 205 1277 et
214 1215 440 1294 providentiam
452 1216 544 1277 habet
553 1219 647 1294 Dens,
663 1221 753 1287 ctiam
801 1217 956 1297 pluraliter
971 1218 1157 1279 vertendum.
1182 1217 1261 1277 Nam
1273 1216 1311 1278 de
1325 1216 1432 1277 eodem
1448 1215 1500 1276 ad·

73 1299 296 1380 ¹urparticulari,
322 1309 453 1365 testante
475 1302 645 1384 Scriptura,
671 1306 753 1387 qnod
804 1303 861 1365 buc
876 1305 1047 1371 testimonio
1062 1305 1236 1385 Scripturas
1251 1304 1398 1385 loquitur,
1423 1302 1498 1364 affir-

73 1383 281 1467 lidsapientia
305 1391 436 1466 attiapit
458 1409 478 1451 a
499 1389 565 1466 flue
587 1410 685 1469 usqua
707 1394 753 1453 ad
800 1411 886 1452 mans
909 1389 939 1453 id
961 1391 1043 1472 quod
1066 1392 1302 1473 interrogatione
1324 1390 1497 1471 quaerebat,

73 1470 152 1546 biam
171 1475 320 1551 fortiter,
345 1483 375 1535 et
390 1477 531 1553 dispartit
544 1482 659 1539 amnia
677 1498 751 1541 sua·
801 1496 838 1539 an
854 1484 976 1558 propter
991 1498 1046 1538 nos
1062 1478 1118 1538 hoc
1134 1477 1244 1538 dictum
1260 1486 1349 1539 esset

73 1560 147 1634 dur,
164 1560 236 1641 Sap.
254 1565 282 1623 8.
305 1560 388 1623 Hinc
400 1565 542 1642 scripturn
559 1574 619 1627 est:
636 1567 750 1627 Homi—
844 1567 1004 1644 Quoniam
1020 1564 1108 1627 debet
1123 1568 1159 1626 ia
1171 1584 1224 1641 spa
1237 1566 1378 1642 quierat
1389 1582 1494 1631 arare.

73 1651 310 1722 metiumauta
320 1650 458 1711 moabie
468 1653 618 1727 Domine,
636 1652 749 1714 Psalm.
799 1650 842 1710 Iu
863 1671 934 1728 spe,
962 1651 993 1712 id
1015 1661 1075 1727 est,
1102 1671 1170 1711 cum
1192 1671 1260 1732 spe,
1286 1650 1494 1713 Hebraisrnus.

73 1730 110 1791 ii.
128 1742 158 1792 et
179 1735 301 1795 iterum:
328 1738 389 1816 Qui
405 1737 462 1796 dat
478 1742 633 1811 jumentis
649 1759 750 1800 escam
799 1737 886 1799 Haec
902 1758 981 1797 nova
995 1741 1148 1800 sententia
1163 1746 1224 1813 est,
1248 1757 1309 1818 qua
1329 1737 1368 1798 ad
1386 1736 1495 1799 thesim

73 1819 207 1895 burum,
224 1821 334 1883 Psalm.
353 1825 423 1885 146.
444 1824 550 1904 ,Quare
562 1833 593 1885 et
607 1826 645 1885 de
661 1845 748 1907 peco-
797 1823 991 1905 probandam,
998 1825 1323 1905 Scripturaeraticnem
1331 1824 1493 1907 subjungit.

73 1903 136 1965 nbus
155 1908 198 1967 ita
219 1910 369 1989 praecipit
384 1909 615 1975 Ecclesiasticus
638 1932 704 1992 cap.
722 1918 749 1974 7.
797 1910 856 1971 Ubi
872 1910 996 1973 verbum
1011 1912 1101 1972 debet
1111 1913 1157 1971 sic
1170 1931 1296 1994 expone,
1312 1914 1338 1972 ei
1351 1911 1494 1988 debetur;

73 1990 174 2052 Puera
189 1994 247 2054 tibi
260 1997 359 2057 suut?
382 1997 509 2056 attende
524 1999 597 2059 illis.
633 1999 749 2079 Ipsum·
797 1997 944 2077 quomodo
961 1998 1069 2080 siquis
1088 1999 1184 2059 dicat:
1207 1999 1275 2079 Ego
1299 1997 1394 2060 debeo
1416 1998 1495 2079 putri

73 2078 212 2154 quondan
236 2090 433 2162 praecaptum
456 2102 510 2143 seu
533 2083 594 2144 Dei
617 2105 672 2147 seu
695 2086 748 2146 Sa·
797 2083 957 2147 succedere
979 2086 1010 2145 in
1033 2084 1234 2154 haereditata,
1258 2085 1319 2144 tale
1343 2094 1391 2146 est
1411 2105 1448 2145 ac
1468 2085 1494 2144 si

73 2163 168 2239 pientia,
184 2166 286 2229 datum
305 2169 417 2231 homini
436 2168 474 2228 de
485 2171 631 2247 Jumentis
654 2179 685 2231 et
697 2191 748 2252 pe·
796 2169 923 2230 diceret:
951 2171 1121 2232 haereditas
1143 2172 1238 2252 patris
1259 2171 1332 2231 mihi
1355 2169 1491 2232 debetur.

73 2251 178 2328 toribus,
192 2256 302 2334 arguit,
318 2255 370 2317 illa
387 2256 454 2317 Doo
471 2276 559 2316 curae
575 2276 649 2318 esse.
794 2257 891 2336 Igitur
907 2276 1012 2318 sensus
1028 2265 1088 2318 est:
1108 2257 1266 2338 Siquidem
1283 2267 1313 2317 et
1328 2257 1425 2329 homo,
1441 2258 1492 2337 qui

99 2337 163 2399 Nan
177 2341 271 2420 igitur
286 2341 423 2403 absolute
434 2361 536 2403 cnram
548 2342 638 2403 boum
653 2344 746 2405 aDeo
795 2351 870 2415 arat,
885 2345 989 2404 meritc
1004 2356 1110 2422 sperat
1125 2344 1262 2404 fructum.
1301 2344 1379 2403 Nam
1403 2342 1490 2427 debe·

73 2435 185 2486 amovet
198 2427 382 2507 Apostolus,
403 2427 458 2489 sed
473 2428 555 2508 quod
570 2429 653 2504 dicit,
669 2431 747 2492 hanc
794 2436 843 2489 tur
865 2431 894 2489 ei
915 2451 970 2509 pro
994 2450 1049 2489 suo
1065 2431 1182 2491 labore:
1208 2430 1335 2510 proinde
1350 2428 1489 2490 fraudan-

73 2528 168 2571 snsum
183 2513 288 2575 habet:
315 2515 395 2576 Num
411 2517 478 2575 Deo
491 2536 565 2576 cura
581 2526 627 2577 au
642 2516 679 2577 de
694 2518 745 2578 bo·
794 2514 851 2576 dus
866 2537 926 2593 npn
943 2525 988 2577 est
1004 2537 1059 2596 spe
1074 2517 1190 2579 fructus
1206 2516 1277 2578 inde
1295 2515 1489 2597 percipiendi.

73 2615 116 2670 tua
129 2607 164 2659 ut
176 2609 301 2680 propter
316 2602 383 2662 illus
399 2603 451 2662 dat
473 2601 644 2664 hominibus
659 2624 745 2684 prae·
793 2601 883 2663 Hanc
905 2604 983 2663 enim
1005 2623 1091 2684 spem
1114 2605 1247 2685 explicat
1269 2603 1314 2678 id,
1341 2602 1424 2684 quod
1445 2623 1489 2664 se·

73 2694 153 2764 epte,
175 2705 212 2747 ac
226 2709 287 2749 non
301 2691 400 2769 potins
415 2699 539 2769 propter
554 2693 635 2771 ipsos
650 2691 743 2752 homi·
793 2690 905 2769 quitur.

73 2769 127 2833 ras?
149 2773 228 2834 Nam
242 2784 435 2857 praeceptum
456 2775 537 2836 istud
553 2776 591 2838 ds
610 2798 660 2839 ore
674 2778 745 2839 bovi
835 2777 880 2836 Et
894 2779 949 2853 qui
965 2780 1109 2853 triturat,
1126 2780 1161 2839 ia
1177 2799 1231 2856 spe
1243 2781 1369 2857 sauctus
1382 2781 1488 2855 perci·

73 2858 198 2920 ritnrsnti
221 2881 281 2922 non
305 2862 481 2943 obligando,
504 2885 563 2923 non
586 2865 676 2926 boum
690 2866 744 2926 sed
788 2864 911 2938 piendi.
936 2861 1054 2925 Graeca
1069 2872 1139 2925 sunt
1152 2865 1332 2939 obscuriora,
1349 2868 1393 2925 sic
1408 2867 1488 2925 enim

73 2946 201 3007 ominum
224 2968 316 3011 causa
339 2951 441 3011 datum
456 2958 518 3026 ast,
545 2959 609 3010 tum
630 2960 664 3011 ut
687 2953 743 3013 cle·
793 2949 921 3011 habant:
946 2953 989 3013 Et
1003 2954 1059 3029 qui
1075 2956 1217 3028 triturat,
1236 2956 1303 3029 spei
1317 2971 1392 3013 suae
1407 2971 1487 3029 par-

73 3033 176 3093 ientiae
194 3042 224 3093 et
238 3034 417 3098 humanitati
430 3046 645 3112 assuescerent,
661 3039 742 3103 unde
790 3041 887 3113 ticeps
909 3056 971 3099 asae
992 3041 1029 3098 ira
1050 3058 1113 3115 spe.
1151 3040 1266 3119 Supple
1286 3040 1380 3099 debet.
1418 3036 1487 3098 Hoc

73 3118 204 3181 clomcn:
220 3124 318 3183 Nevit
324 3129 429 3199 justus
436 3129 657 3198 jumentorum
668 3145 743 3187 sua·
790 3126 869 3185 enim
881 3123 1073 3204 repetendum
1086 3145 1124 3185 ex
1136 3127 1266 3186 membro
1277 3124 1486 3205 praecedente.

73 3225 120 3267 um
134 3210 280 3270 animas:
303 3215 422 3272 viscera
443 3218 549 3270 autem
569 3214 743 3288 impiorum
790 3210 916 3272 Sensum
933 3231 1005 3271 vero
1022 3212 1098 3272 bene
1109 3211 1237 3271 reddidit
1249 3214 1407 3292 interpres.
1430 3213 1487 3272 Est

73 3295 190 3355 nedelis
206 3294 350 3358 Proverb.
380 3301 444 3369 12„
467 3305 530 3356 tum
552 3301 688 3378 proprie,
711 3308 744 3360 nt
791 3305 892 3357 autern
906 3297 1092 3378 hujusmodi:
1115 3299 1157 3357 Et
1172 3298 1276 3367 homo,
1297 3301 1351 3379 qui
1366 3299 1486 3359 triturat

73 3380 128 3441 uod
145 3380 183 3442 de
205 3383 300 3443 bobus
321 3385 517 3465 praecipitur,
541 3385 744 3464 intelligerent
791 3384 894 3463 fruges
910 3404 997 3455 suas,
1021 3384 1049 3444 id
1063 3384 1132 3464 jure
1148 3384 1221 3445 facit
1237 3407 1303 3446 cum
1321 3406 1374 3465 spe
1390 3387 1484 3464 perci·

73 3469 106 3530 ibi
128 3468 225 3529 multo
247 3473 342 3551 magis
365 3470 586 3532 observandum
606 3493 678 3551 erga
693 3473 742 3532 hc·
791 3470 895 3551 piendi
910 3469 1042 3531 fructum
1057 3482 1227 3552 speratum,
1242 3474 1298 3533 hoc
1313 3484 1367 3546 cst,
1384 3472 1487 3533 utendi

73 3558 156 3619 lines:
182 3555 297 3631 idest,
323 3579 361 3618 ne
382 3579 451 3629 ecs,
472 3577 596 3636 quorum
620 3569 744 3620 utuntur
792 3558 939 3619 frumento
956 3559 1078 3638 apulea
1094 3569 1248 3637 separato:
1270 3580 1369 3641 neque
1391 3559 1430 3621 ab
1451 3579 1487 3619 ea

73 3663 152 3723 pera,
167 3640 343 3705 fraudarent
359 3644 624 3707 alimoniadebita.
648 3647 743 3707 Maxi·
793 3664 846 3724 spe
875 3645 1079 3724 prohibendus
1110 3655 1163 3704 est
1201 3648 1309 3728 ltaque
1338 3657 1426 3718 nota,
1457 3646 1486 3705 in

73 3749 96 3792 a
107 3749 182 3790 vere
198 3730 238 3790 ad
254 3731 501 3812 significandum,
517 3732 589 3811 quid
604 3735 744 3795 ministris
793 3731 910 3795 Graeco
926 3752 1010 3811 spem
1027 3733 1116 3811 priori
1131 3733 1196 3793 loco
1211 3736 1283 3813 poni
1306 3755 1359 3812 pro
1375 3754 1407 3794 re
1424 3753 1487 3812 spe·

73 3816 133 3878 urbi
147 3814 245 3878 divini
260 3828 403 3899 tanquam
414 3818 511 3879 bobus
524 3820 554 3878 iu
570 3840 640 3880 arca
652 3820 744 3881 domi·
792 3828 872 3879 rata:
889 3817 1139 3897 quemadmodum
1152 3829 1182 3880 et
1193 3821 1266 3882 alibi
1283 3819 1439 3893 interdum,
1454 3827 1489 3878 ut

73 3906 114 3967 ica
125 3904 332 3967 triturantibus
343 3905 490 3967 debeatur
500 3906 538 3967 ab
552 3906 621 3981 illis,
637 3908 745 3988 quibus
794 3905 861 3967 Gal.
878 3905 906 3965 5.
930 3907 983 3967 Es
997 3906 1059 3982 tide
1071 3924 1157 3982 spe-m
1168 3910 1312 3982 iustitiae
1328 3913 1488 3983 exspecta-

73 3992 227 4053 dnistram.
249 3992 287 4053 Id
302 3995 380 4054 enim
396 3992 536 4074 estquod
552 3995 701 4072 sequitur:
794 4012 873 4067 mus,
901 4000 932 4052 et
959 3993 1020 4052 Tit.
1050 3996 1078 4051 2.
1108 3996 1335 4071 Exspectantcs
1362 3994 1488 4059 beatam

92 4080 142 4140 10.
169 4081 223 4140 Au
245 4098 314 4141 uara
335 4088 468 4157 propter
486 4098 544 4140 uos
558 4084 667 4157 utique
689 4084 746 4141 boe
794 4098 888 4157 spem.
916 4079 1060 4139 Erasmus
1077 4079 1120 4139 ita
1135 4084 1239 4142 vertit:
1263 4084 1307 4143 Et
1321 4082 1377 4159 qui
1392 4083 1488 4140 tritu·

73 4167 151 4229 icit?
165 4164 299 4227 Graece:
323 4172 378 4228 Aa
391 4175 525 4245 propter
540 4186 597 4228 uos
613 4171 745 4229 omniuo
793 4174 848 4226 rat
862 4166 917 4226 sub
933 4185 997 4242 spe,
1013 4169 1081 4241 spei
1094 4186 1169 4227 suaa
1178 4172 1341 4245 particeps
1356 4186 1417 4229 esse
1434 4166 1489 4227 de·

73 4254 150 4316 icit?
165 4253 284 4333 absque
298 4273 367 4316 uau
383 4261 413 4314 et
427 4257 501 4314 boc.-
527 4274 605 4335 quae
620 4255 747 4315 voculae
795 4253 861 4328 bet,
885 4251 1029 4314 videlicet
1051 4263 1188 4314 extrema
1202 4255 1351 4334 particula
1372 4257 1409 4314 iu
1424 4273 1488 4331 spa,

73 4342 140 4403 tan
156 4340 188 4400 in
203 4341 304 4401 multis
319 4342 434 4402 Latinis
456 4362 492 4401 ac
518 4341 651 4421 probatis
666 4341 745 4415 cndi-
794 4342 845 4411 vel
859 4341 915 4401 sub
930 4360 983 4416 spe
990 4385 1001 4415 ,
1022 4339 1146 4402 redacta
1161 4341 1199 4402 ad
1214 4343 1340 4403 verbum
1357 4345 1491 4403 triturat

73 4426 134 4493 bus
149 4445 211 4487 ncn
227 4427 383 4490 habentur.
419 4429 572 4491 Posterior
593 4429 747 4510 adscripta
795 4430 879 4500 initio
895 4430 1036 4509 positum.

73 4512 170 4577 bistur
191 4534 212 4574 a
225 4514 378 4576 nonnullis
401 4517 440 4577 ad
461 4516 663 4596 supplendam
680 4536 744 4578 sen·
838 4517 1008 4598 Sequuntur
1029 4515 1087 4577 hoc
1110 4514 1329 4596 Oajetaauset
1344 4516 1404 4591 ,alii
1428 4517 1490 4597 qui·

73 4620 133 4665 tm:
159 4602 280 4665 unani
306 4610 337 4664 st
355 4604 393 4671 ,in
416 4601 541 4669 Graecis
559 4602 745 4684 ¹quibusdam
795 4601 866 4665 dam
880 4604 1074 4695 recentiora.
1096 4603 1157 4671 Sed
1170 4624 1279 4669 severa
1299 4606 1492 4675 cnacticrest

73 4696 143 4773 une
167 4688 199 4751 in
224 4687 310 4772 Syris
334 4690 462 4770 legatum.
499 4690 612 4755 Senem
642 4700 747 4754 autem
795 4691 962 4763 uranio:
985 4711 1043 4761 nec
1065 4691 1227 4775 respondet
1241 4693 1333 4776 priori
1347 4690 1488 4767 membro,
