3254 5190
92 274 164 343 123
616 262 849 319 COMMENTARIUS
867 261 897 316 ut
916 263 984 317 cAP.
1002 265 1040 318 u

89 441 171 500 Psal.
195 440 261 513 50.,
285 453 316 501 et
331 458 416 499 serm.
436 444 483 503 12.
500 439 539 499 de
554 438 656 500 verbis
670 439 786 519 Apost,
835 442 968 499 mortuis
984 445 1134 501 viventes.
1166 442 1236 517 Vos,
1260 439 1375 502 Graeca
1390 432 1517 509 ἑαυτοῦ(

90 538 119 589 et
133 527 210 588 alias
229 546 328 606 saepe.
834 528 1039 605 vosmetipsos.
1056 527 1126 600 Sed,
1142 527 1247 606 iuquit,
1262 527 1414 601 exhibete,
1429 528 1517 589 suta

133 614 314 674 Hincetiam
325 621 417 691 patet,
429 612 785 687 onraddideritmortali,
836 633 871 671 ac
887 611 958 672 date
973 633 1027 673 vos
1042 615 1123 693 ipsos
1146 623 1240 688 totos,
1263 617 1366 693 quanti
1390 615 1483 687 eatis,
1503 614 1517 675 i

90 700 208 761 scilicet
242 699 281 760 ad
311 698 555 778 significandum,
585 702 691 761 vitium
721 700 785 771 hoc,
834 697 1009 779 obsequium
1024 701 1099 773 Deo,
1115 703 1191 760 sicut
1205 701 1306 761 iacere
1320 703 1517 761 conveniteor

90 785 173 867 quod
189 795 342 866 peccatum
356 795 460 858 vocat,
475 789 627 866 propriam
642 807 678 846 ac
696 786 787 847 fixam
835 785 888 863 qui
902 794 1028 865 peccato
1043 789 1150 846 mortui
1161 788 1228 865 jam
1242 788 1350 848 vivunt
1365 807 1435 847 cum
1447 785 1517 849 chri

89 874 200 934 hahere
215 872 315 932 sedem
339 873 371 932 in
393 892 517 951 corpore
540 881 642 933 nostro
658 872 785 944 mortali,
835 880 896 943 sto,
930 871 1118 932 similitudini
1140 874 1363 934 resurrectionis
1384 874 1453 952 ejus
1468 895 1517 934 cor

90 981 146 1020 nec
161 961 218 1018 nisi
235 980 288 1038 per
302 970 427 1019 mortem
443 959 532 1036 hujus
548 960 680 1040 corporis
702 957 785 1017 futu·
836 958 963 1018 formati.

88 1068 169 1119 rum,
192 1053 225 1104 ut
246 1047 284 1106 ab
301 1067 336 1105 eo
360 1045 439 1106 malo
466 1045 630 1106 liberemur.
657 1045 787 1123 Propter
878 1046 921 1104 Et
933 1045 1073 1105 membra
1084 1054 1185 1105 castra
1197 1050 1444 1121 arnsajustitiao
1454 1049 1517 1108 Da

90 1132 171 1214 quod
187 1133 229 1191 ait
251 1134 280 1192 in
304 1132 365 1192 fine
388 1133 494 1210 capitis
519 1133 687 1211 sequentis:
710 1133 786 1210 Quis
835 1130 1424 1194 scilicetexhibete.Sensus:1⁴}tideo
1446 1154 1517 1195 meu

89 1240 138 1279 mc
154 1218 300 1278 liberabit
315 1219 353 1278 dr
369 1236 501 1294 corpore
517 1223 627 1279 mortis
642 1218 756 1292 buius?
834 1218 890 1277 bru
903 1226 1005 1277 vestra
1020 1219 1161 1279 exhibete
1176 1219 1253 1293 Deo,
1268 1220 1353 1281 velut
1363 1240 1456 1292 mma,
1472 1223 1517 1302 qui

133 1303 265 1388 Quidam
279 1306 396 1386 peccati
410 1305 529 1364 nomine
544 1326 602 1364 non
631 1305 784 1384 coucupis-
834 1305 890 1363 bus
913 1306 941 1364 ei
963 1304 1114 1377 militetis,
1135 1307 1180 1382 ,ad
1203 1306 1374 1367 exercenda
1395 1307 1517 1385 justitia

91 1394 221 1453 centiam
236 1391 293 1452 hoc
308 1391 383 1464 loco,
399 1389 453 1451 sed
464 1400 621 1471 peccatum
632 1394 662 1452 in
674 1410 785 1470 genere
835 1411 943 1470 opera,
965 1411 1045 1464 quae
1068 1386 1153 1451 vohis
1170 1394 1301 1473 imperat
1324 1392 1469 1454 Nondum
1484 1393 1516 1454 hi

89 1479 206 1541 malunt
220 1478 365 1558 intelligi,
381 1476 518 1558 idemque
530 1479 649 1558 proprie
664 1476 785 1537 dictum.
831 1477 981 1554 justitiam
996 1487 1028 1537 ut
1039 1477 1188 1539 dominam
1200 1481 1324 1559 opponit
1335 1490 1472 1562 peccato,
1483 1499 1517 1540 ae

89 1565 168 1627 Nam
182 1567 248 1625 fieri
263 1586 323 1625 non
346 1572 459 1644 potest,
483 1572 517 1623 ut
538 1564 609 1623 dum
632 1583 732 1624 sumus
755 1564 785 1623 in
835 1565 949 1636 Deum,
965 1572 999 1622 ut
1013 1563 1167 1639 ostendat,
1190 1587 1250 1626 nou
1264 1566 1350 1627 aliud
1366 1586 1436 1628 essa
1446 1567 1517 1644 jnst

89 1653 208 1713 mortali
224 1672 363 1731 corpore,
387 1670 544 1711 careamus
559 1660 698 1730 peccato,
719 1669 784 1732 pos·
836 1651 895 1710 tiae
911 1671 1050 1728 regnum,
1073 1651 1155 1712 aliud
1171 1652 1247 1728 Dei3
1268 1674 1325 1713 uec
1351 1652 1438 1713 aliud
1448 1654 1517 1732 just

91 1759 195 1801 sumus
209 1748 312 1799 autem
328 1740 426 1798 iacere
449 1758 513 1797 cum
535 1736 595 1798 Dei
614 1738 727 1818 gratia,
753 1743 786 1794 ut
835 1739 894 1796 tiae
910 1738 1050 1809 militare,
1067 1738 1150 1798 aliud
1167 1739 1241 1800 Deo.
1265 1738 1429 1801 Caeterum
1444 1741 1475 1800 iu
1490 1758 1517 1800 ae

89 1835 246 1906 peecatum
261 1827 291 1885 in
306 1825 392 1886 nobis
406 1845 466 1885 non
480 1832 594 1903 regnet.
627 1824 739 1883 Verum
755 1823 785 1882 hi
834 1824 994 1906 quentibus
1016 1833 1119 1903 aperte
1141 1835 1354 1905 comparantur
1376 1836 1517 1908 peccatur

90 1933 152 1973 non
176 1913 318 1973 videntur
344 1912 417 1971 satis
443 1909 609 1971 advertisse
631 1909 670 1971 ad
693 1909 786 1968 verba
835 1919 866 1969 et
876 1911 995 1988 justitia
1006 1920 1149 1990 tanquam
1160 1910 1309 1988 dominae,
1322 1933 1393 1974 suos
1405 1924 1517 1994 utraqu

89 1998 219 2061 Consilii
233 1996 404 2058 Tridentini
415 1997 481 2057 loco
488 1998 553 2076 jam
564 1995 703 2068 indicato,
718 1998 783 2077 qui·

89 2086 145 2147 bus
161 2086 286 2157 dicitur,
312 2084 493 2164 Apostolum
513 2084 609 2162 ipsam
630 2084 784 2162 concupis·

90 2175 219 2235 centiam
248 2170 410 2251 aliquando
440 2169 594 2251 appellare
622 2178 785 2248 peccatum.

89 2261 152 2320 Ubi
166 2256 379 2339 proculdubio
394 2258 553 2336 respicitur
563 2254 602 2317 ad
615 2265 707 2336 eaput
718 2257 746 2316 6.
756 2256 783 2313 7.

90 2355 121 2406 ct
135 2347 164 2406 8.
181 2345 268 2424 hujus
283 2346 323 2405 ad
345 2345 498 2405 Romanoa
520 2343 683 2423 epistolae,
704 2360 784 2421 quaa

89 2431 231 2493 etiamad
248 2432 410 2510 marginem
426 2429 489 2489 illic
506 2430 644 2490 annotari
661 2428 767 2488 solent

135 2520 183 2579 13.
206 2518 267 2580 sat
282 2538 382 2594 neque
397 2518 565 2578 exhibeatis
579 2515 721 2575 mambra
734 2532 786 2574 oe·

89 2613 155 2666 stra
178 2623 272 2665 arma
295 2606 476 2680 iniquitatis
495 2610 633 2679 peccato.
656 2603 719 2662 Sed
742 2621 785 2660 re·

90 2690 224 2752 dundare
235 2687 363 2750 videtur.
387 2690 465 2750 Nam
478 2688 594 2749 Graece
605 2695 720 2747 tautum
732 2697 786 2759 est,

90 2797 192 2855 neque
219 2777 358 2837 exhibete
379 2776 520 2836 membra
542 2783 599 2833 etc.
624 2774 788 2833 Tertullia-

90 2882 280 2943 unaquoque
295 2865 390 2923 citans
406 2862 486 2921 hunc
502 2861 598 2920 locum
613 2880 674 2920 non
689 2859 787 2930 addit,

91 2960 121 3012 et
132 2950 171 3009 ad
183 2969 303 3010 sensum
310 2970 370 3008 non
385 2948 466 3008 iacit
489 2948 623 3007 Tantum
639 2949 717 3007 enim
734 2967 785 3006 ex·

89 3037 183 3117 plicat
198 3036 376 3117 Apostolus,
404 3032 484 3114 qnod
506 3035 642 3113 proxime
659 3032 784 3093 dixerat.

89 3124 206 3204 Neque,
223 3123 334 3201 inquit,
352 3121 509 3193 exhibete,
525 3121 636 3191 sistite,
653 3122 683 3179 in
700 3120 784 3179 obse·

90 3210 192 3289 quium
207 3208 278 3268 date
297 3208 428 3268 membra
449 3208 581 3286 corporis
604 3209 696 3266 vestri
718 3226 785 3286 pec·

91 3304 166 3367 cato,
182 3294 213 3354 id
229 3303 279 3366 est,
296 3294 406 3366 fomiti,
421 3301 454 3354 ut
466 3296 525 3353 sint
541 3296 735 3353 iustrumenta
749 3312 786 3351 ac

90 3381 174 3442 velut
187 3401 277 3454 arma,
293 3381 402 3461 quibus
413 3392 537 3460 peccato
549 3379 691 3451 militetis,
708 3381 785 3457 inju-

835 2016 940 2057 servos
953 1999 1015 2057 suis
1031 1996 1179 2077 obsequiis
1194 1999 1328 2059 addictos
1343 1999 1500 2060 hahentes

881 2087 929 2143 14.
952 2086 1120 2144 Peccatum
1136 2088 1220 2145 enim
1237 2087 1323 2146 vobis
1345 2103 1415 2147 non
1431 2086 1517 2147 dorni

835 2170 975 2230 nabitur.
999 2169 1132 2250 Quidam
1146 2177 1339 2252 praeceptive
1362 2179 1517 2254 exponunt

835 2276 902 2318 non
910 2257 1139 2332 dominabitur,
1153 2257 1184 2317 id
1196 2270 1325 2332 estnon
1338 2261 1517 2320 dominetur

836 2343 985 2404 idiotismo
1000 2344 1169 2418 Hebraico,
1189 2355 1223 2405 ut
1238 2347 1276 2406 sit
1290 2348 1434 2428 repetitio
1449 2366 1517 2427 prae

836 2430 925 2510 cepti,
940 2450 1000 2509 quo
1016 2428 1214 2509 supradixit:
1237 2434 1311 2493 Non
1333 2451 1410 2508 erpo
1426 2451 1517 2509 reatu

834 2523 997 2593 paccatum
1009 2519 1045 2577 in
1058 2526 1161 2578 vostro
1172 2519 1304 2579 aromati
1314 2537 1461 2595 corpore.
1474 2518 1517 2579 Al

836 2602 1004 2681 intelligunt
1020 2605 1211 2664 enunciative
1227 2604 1347 2677 dictum,
1362 2604 1457 2685 idque
1471 2624 1517 2665 rec

836 2690 902 2748 tius.
919 2686 1055 2748 Occurrit
1070 2691 1149 2749 enim
1161 2690 1274 2750 Paulus
1287 2692 1460 2770 objectioni,
1473 2710 1515 2771 qu

836 2775 938 2835 dicere
952 2777 1018 2854 quis
1034 2785 1150 2856 posset,
1172 2788 1330 2856 peccatum
1353 2797 1421 2838 esse
1443 2777 1517 2838 domi

836 2883 918 2933 nam,
941 2881 1021 2941 quac
1043 2882 1099 2922 sna
1114 2862 1276 2941 tyrannide
1290 2873 1408 2945 premat
1424 2886 1460 2925 ac
1475 2864 1517 2925 sih

836 2948 949 3008 acrvirc
966 2958 1052 3026 cogat
1069 2946 1209 3023 homines,
1228 2962 1425 3031 posteaquam
1441 2968 1517 3012 seme

835 3036 866 3094 iu
881 3032 1022 3093 mundum
1045 3036 1182 3110 intravit3
1206 3036 1337 3116 ideoque
1361 3058 1422 3097 non
1445 3057 1517 3117 poss

835 3120 1029 3191 nonfacere,
1056 3141 1135 3200 quae
1158 3122 1272 3183 Paulus
1294 3125 1450 3203 praecipit.
1474 3124 1517 3184 Re

835 3206 961 3286 spondet
982 3215 1098 3281 autem,
1121 3208 1223 3270 fideles
1245 3208 1283 3269 ab
1301 3230 1338 3270 ea
1353 3212 1517 3291 peccatity

835 3291 960 3353 ranuide
973 3291 1118 3354 liberatos
1130 3315 1196 3356 esse
1208 3316 1263 3375 per
1275 3294 1388 3357 Christi
1398 3300 1517 3376 gratian

834 3389 867 3438 ut
877 3380 941 3456 jam
959 3388 989 3438 et
1004 3381 1149 3459 deinceps
1164 3390 1316 3461 peecatum
1333 3385 1376 3443 eia
1399 3404 1461 3445 non
1483 3382 1517 3445 do

90 3470 193 3528 stitiae
208 3487 309 3546 opera,
325 3466 363 3527 ad
380 3487 459 3547 quae
474 3487 527 3527 suo
543 3467 669 3545 imperio
685 3474 787 3525 movet
834 3467 978 3540 minatum
994 3487 1030 3524 ac
1044 3467 1171 3547 proinde
1186 3470 1290 3529 merito
1306 3489 1338 3530 se
1353 3472 1392 3531 ab
1409 3471 1454 3530 eis
1475 3474 1517 3531 ax*

90 3575 127 3615 ac
141 3554 275 3635 impellit,
288 3565 474 3615 exercentes.
488 3554 607 3612 Perstat
618 3554 697 3612 enim
704 3553 785 3631 Apo·
835 3572 906 3632 gere
922 3562 1062 3631 tanquam
1081 3574 1143 3613 rem
1158 3554 1294 3628 facilem,
1310 3565 1342 3615 ut
1357 3556 1395 3616 de
1410 3566 1517 3618 caeter

91 3640 185 3701 stolus
200 3643 230 3701 in
246 3641 424 3719 metaphora
440 3639 564 3699 dominii
585 3648 615 3698 et
636 3640 784 3718 obsequii.
835 3637 964 3698 membra
976 3660 1031 3698 sua
1044 3639 1205 3700 exhibeant
1215 3663 1305 3714 arma,
1323 3665 1383 3703 non
1394 3651 1517 3720 peccate

90 3727 149 3789 Oui
162 3728 257 3808 probe
272 3728 366 3788 servit
381 3726 531 3787 Graecum
542 3725 666 3785 verbum
678 3740 785 3801 παρισ-
835 3722 889 3794 sed
904 3724 980 3784 Deo.
1002 3726 1114 3786 Probat
1129 3726 1207 3787 huuc
1222 3747 1356 3802 sensum,
1383 3728 1467 3808 quod
1490 3748 1517 3789 ae

91 3806 209 3888 τάνετε,
223 3815 302 3874 bene
311 3823 342 3873 et
353 3813 559 3892 significanter
570 3812 608 3873 ab
621 3813 787 3890 interprete
835 3814 949 3892 quitur:

90 3910 193 3962 nostro
215 3899 364 3961 redditum
380 3900 526 3974 exbibete,
543 3906 603 3958 tam
619 3899 680 3970 hic,
696 3918 786 3977 quam
878 3900 952 3958 Non
967 3902 1051 3959 enim
1068 3898 1124 3958 sub
1139 3900 1205 3974 leae
1222 3903 1301 3974 estis,
1318 3899 1371 3959 sed
1382 3901 1441 3961 tuh
1456 3920 1517 3979 pra

92 3989 122 4047 in
137 3996 224 4067 parte
249 3987 402 4066 sequenti;
425 3989 522 4046 miuus
537 3995 638 4044 autem
653 3984 729 4044 bene
747 3984 785 4044 ab
836 3987 890 4043 tia.
913 3984 1028 4064 Legem
1051 3985 1192 4065 intelligit
1209 3986 1391 4061 Mosaicam,
1417 3997 1453 4048 ut
1467 4008 1517 4070 pur

91 4075 234 4146 Erasmo,
265 4073 506 4133 accommodate.
542 4072 599 4130 Est
625 4073 704 4130 euim
729 4071 787 4130 lsoc
836 4072 891 4131 sim
907 4072 938 4129 in
954 4071 1009 4131 hac
1025 4072 1164 4151 epistola,
1187 4075 1358 4152 praesertim
1374 4077 1478 4154 capite
1492 4095 1517 4136 as

90 4159 214 4220 verbum
240 4159 279 4219 ad
302 4159 333 4219 id
355 4157 596 4240 exprimendum,
619 4156 700 4236 quod
723 4155 788 4216 vult
836 4159 956 4237 quenti3
983 4158 1036 4219 sed
1063 4179 1129 4219 eam
1151 4160 1246 4219 solam
1270 4170 1300 4219 et
1314 4179 1430 4240 puram,
1447 4160 1517 4223 utlt

91 4248 268 4327 Apostolus,
294 4265 399 4327 parum
425 4244 618 4305 commodum.
645 4241 736 4322 Quod
759 4251 789 4304 et
836 4254 980 4326 quantur,
1004 4244 1035 4304 id
1059 4255 1106 4305 est
1126 4247 1191 4305 sine
1205 4247 1304 4324 gratia
1319 4255 1348 4306 et
1362 4246 1432 4308 fide.
1455 4246 1517 4309 Nar

92 4334 156 4413 ipse
171 4335 317 4394 Erasmus
332 4330 503 4410 intelligens
524 4339 629 4410 postea
643 4349 721 4389 vers.
739 4333 787 4393 19.
837 4331 1029 4410 distinguitur
1054 4340 1157 4392 contra
1184 4333 1319 4412 gratiam.
1355 4333 1455 4412 Igitur
1480 4356 1517 4396 su

91 4420 182 4499 hujus
198 4440 273 4498 cap,
290 4439 327 4479 ac
342 4438 458 4479 rursum
473 4418 557 4477 initio
573 4436 640 4494 cap.
659 4417 717 4482 10..
732 4437 787 4496 pro
837 4418 906 4496 lege
918 4438 983 4478 essa
995 4415 1144 4490 dicuntur,
1156 4422 1208 4498 qni
1220 4419 1297 4498 legis
1308 4419 1464 4481 Mosaicae
1474 4441 1517 4483 aer

92 4507 197 4568 eodem
227 4505 344 4567 Graeco
374 4503 466 4565 verbo
500 4504 618 4584 reponit
646 4502 787 4564 Latinum
837 4506 931 4564 vitute
947 4512 1133 4585 premuntur,
1156 4507 1252 4584 gratia
1273 4507 1346 4580 Dei,
1369 4526 1460 4586 quam
1475 4528 1517 4569 uo

91 4593 247 4674 praebere,
264 4591 295 4651 id
311 4600 365 4665 est,
380 4590 529 4652 exhibere.
837 4600 1010 4670 agnoscunt,
1027 4592 1066 4652 ad
1082 4611 1148 4650 eam
1159 4590 1340 4671 implendam
1348 4614 1409 4654 non
1430 4593 1517 4674 adJ‘ut

135 4681 196 4741 Sed
223 4677 359 4740 orbitate
389 4697 440 4739 vos
468 4680 538 4738 Dae
565 4685 720 4754 tanquam
752 4695 789 4737 aa
839 4678 890 4738 Sic
904 4679 982 4738 enim
997 4687 1028 4739 et
1042 4678 1114 4738 abbi
1127 4678 1259 4758 phrasim
1274 4679 1368 4756 hanc,
1390 4700 1459 4741 esse
1479 4700 1516 4743 an
