3254 5190
137 275 184 342 14
651 261 1019 319 comummnsucse.
1037 264 1057 318 1.

136 442 189 504 sed
212 449 316 503 contra
337 441 452 522 potius:
475 439 622 521 quomodo
645 441 710 521 ipse
728 441 830 500 Domi·
880 438 1001 500 divinae
1024 439 1160 520 quidem,
1191 461 1256 502 cum
1279 441 1364 517 dicit,
1387 463 1408 502 o
1432 445 1578 524 Christo,·

134 550 190 590 nus
206 529 287 611 apud
302 529 393 590 Joan.
411 530 460 587 20.
488 529 628 591 Ascendo
644 529 687 586 ud
705 535 832 603 putrem
880 529 957 585 sicut
987 525 1096 586 dictum
1129 537 1205 599 erat,
1239 549 1259 587 o
1287 532 1401 590 Putre:
1431 532 1581 593 humanae

134 637 239 677 mcum
255 625 283 676 ct
302 624 430 692 patrem
446 623 593 687 uestrum.
624 615 741 693 Estque
757 614 832 673 haec
884 623 991 686 autern,
1015 615 1046 673 in
1069 616 1214 674 vocabulo
1231 617 1360 690 Domini,
1379 618 1470 696 juxta
1492 620 1582 678 ratin-

135 704 300 784 apostolica
332 700 481 762 salutandi
511 700 652 773 formula,
685 720 773 781 quam
801 702 832 759 in
882 721 950 758 nem
973 702 1164 779 assignatam.
1199 702 1278 763 Vide
1301 724 1378 783 quae
1400 714 1580 765 commenta·

135 790 270 850 omnibus
298 790 364 867 ejus
395 789 542 868 epistolis,
570 809 631 848 una
660 795 712 846 aut
740 786 832 845 altera
881 786 978 846 bimur
1000 786 1038 846 ad
1062 788 1134 847 illud
1149 789 1227 868 Eph.
1244 792 1272 848 4.
1304 792 1391 851 Unus
1406 793 1579 868 Dominus,

135 877 264 955 dempta,
286 876 391 936 videre
415 883 475 950 est;
503 895 562 955 qua
583 876 708 954 gratiam
731 892 832 953 preca·
883 892 966 933 unus
989 875 1084 932 Deus.

134 972 183 1023 tur
205 965 240 1023 iis
263 963 301 1023 ad
324 983 397 1043 quos
422 962 531 1034 scribit,
554 982 573 1020 a
595 960 662 1020 Deo
685 970 779 1039 patre,
803 966 833 1018 θῖ
926 962 955 1018 8.
978 961 1124 1021 Primum
1147 962 1274 1036 quidem
1295 967 1418 1037 oratius
1433 982 1494 1039 ayo
1509 965 1579 1023 Deo

137 1049 256 1110 Christo
278 1050 417 1110 Domino.
459 1051 557 1108 Patre
580 1055 700 1123 nostro,
724 1046 832 1120 idest,
881 1065 949 1105 mco
970 1065 1031 1121 per
1045 1052 1158 1110 Jcsum
1175 1049 1333 1108 Christum
1354 1069 1417 1126 pro
1434 1051 1579 1110 omnihus

135 1138 221 1216 cujus
244 1155 298 1195 nos
312 1136 366 1196 filii
383 1155 483 1194 sumus
505 1155 561 1215 per
581 1136 715 1213 gratiam,
739 1151 831 1211 aquo

136 1222 262 1304 proinde
286 1225 446 1300 gratiarum
470 1232 500 1281 et
520 1223 606 1301 pacis
629 1221 831 1280 accessionem

136 1313 241 1369 merito
264 1310 349 1368 vohis
372 1329 485 1388 precor.

179 1394 269 1477 Quod
283 1398 424 1476 sequitur,
441 1404 469 1455 ct
484 1398 625 1456 Domino
640 1399 723 1458 Jcsu
739 1394 832 1455 Chri-

136 1490 200 1559 sto,
230 1481 351 1562 quidam
379 1483 421 1543 sic
451 1489 620 1562 exponunt:
656 1502 674 1540 a
703 1480 831 1540 Domino

136 1571 214 1632 Jesu
236 1569 355 1630 Christo
376 1577 409 1628 ut
424 1569 558 1629 homine:
581 1569 692 1649 quippe
714 1567 765 1648 qui
780 1586 831 1625 nn·

135 1657 181 1717 bis
203 1656 257 1716 illa
278 1656 358 1716 hona
384 1675 439 1734 per
466 1675 550 1716 suam
580 1675 696 1715 crucem
719 1672 832 1735 prome·

136 1746 202 1804 ruit.
215 1744 328 1804 Sensus
341 1742 461 1823 quidem
473 1744 659 1803 verissimus:
670 1741 726 1802 sed
737 1742 832 1801 scien·

137 1830 207 1890 dum
231 1828 338 1890 estad
361 1830 496 1888 meritum
520 1826 633 1888 Christi
662 1830 832 1908 significan·

137 1917 206 1976 dnm
229 1916 370 1989 Paulum,
399 1917 456 1976 imo
479 1915 642 1996 Apostolos
665 1916 764 1978 dicere
786 1934 832 1973 so·

136 2005 207 2077 lere,
230 2007 266 2063 in
290 2004 424 2078 Christo,
448 2003 498 2063 vel
518 2022 579 2080 per
599 2005 779 2079 Christusn3
802 2011 834 2061 ut

137 2093 168 2150 in
191 2110 227 2149 ea
247 2098 332 2170 parte
361 2110 439 2171 quae
461 2089 510 2149 hic
537 2092 671 2170 proxime
694 2093 832 2173 seqnitur.

180 2177 290 2257 Itaque
312 2178 408 2256 magis
427 2187 554 2256 apparet
576 2179 654 2238 hunc
678 2198 743 2239 esse
766 2199 832 2239 sen·

138 2283 218 2323 snm:
240 2265 269 2324 A
291 2262 411 2323 Christo
434 2272 538 2324 autore
561 2272 591 2324 et
613 2264 762 2344 largitore,
785 2285 833 2325 ae-

138 2370 197 2431 que
218 2358 252 2410 ut
274 2351 373 2410 aDen
396 2358 490 2430 patre.
520 2350 609 2411 Unde
625 2351 734 2412 Graeci
758 2372 834 2412 com·

137 2446 320 2498 mentatores
343 2444 373 2497 et
398 2437 530 2518 Cyrillus
553 2437 603 2498 lib.
629 2442 677 2498 12.
702 2439 834 2498 thesauri

139 2545 203 2603 cap.
224 2528 250 2584 1.
275 2545 312 2584 ex
328 2524 373 2583 his
389 2523 528 2602 Apostoli
549 2524 650 2585 verbis
675 2524 835 2585 ostendunt

139 2609 252 2671 Christi
269 2610 453 2670 divinitatem
477 2620 507 2671 et
530 2631 596 2671 cum
618 2618 703 2691 patre
725 2632 834 2690 aequa·

140 2696 264 2757 litatem.

181 2784 294 2844 Verum
328 2782 432 2860 objicit
461 2783 607 2843 Arianus:
637 2784 670 2844 ei
701 2784 835 2845 Christus

139 2869 306 2949 aequaliter
334 2878 414 2929 esset
436 2868 521 2929 Deus
552 2890 618 2929 cum
644 2879 748 2950 patre,
775 2892 836 2930 non

139 2955 337 3035 distingueret
358 2956 520 3035 Apostolus
551 2975 715 3016 sermonem
736 2977 835 3034 suum,

139 3050 171 3101 ut
192 3052 308 3122 patrem
330 3041 450 3123 quidem
471 3043 570 3102 Deum
592 3054 729 3116 vocaret,
752 3043 835 3104 Chri·

140 3136 217 3188 stum
240 3137 339 3188 autem
361 3128 530 3189 Dominum.
576 3128 633 3190 Cui
656 3129 835 3210 respondeo:

140 3215 210 3276 Non
230 3216 326 3293 magis
349 3235 417 3275 esse
447 3235 635 3296 consequens
658 3235 696 3277 ex
718 3226 834 3297 aposto-

140 3302 198 3361 lico
220 3321 364 3373 sermone,
387 3301 536 3363 Christum
556 3325 616 3362 non
639 3322 706 3364 esse
720 3304 835 3380 Deum,

141 3408 238 3468 quam,
260 3396 375 3469 patrem
396 3409 456 3449 non
480 3408 546 3449 esse
561 3389 729 3450 Dominum.
752 3391 837 3451 Sicut

882 1133 980 1206 vobis,
1005 1132 1130 1206 Graece,
1153 1153 1258 1210 super,
1283 1145 1350 1195 aut:
1373 1138 1412 1196 dc
1431 1138 1580 1198 omnihus

882 1220 980 1295 vobis,
997 1219 1027 1278 id
1044 1229 1098 1294 est,
1115 1220 1153 1279 ob
1169 1220 1316 1282 beneficia
1331 1223 1417 1283 vobis
1433 1225 1578 1304 impensa.

881 1304 1054 1366 Notandum
1084 1307 1114 1366 iu
1137 1307 1232 1367 Paulo
1256 1310 1414 1388 Apostolo,
1445 1310 1527 1391 quod
1550 1312 1580 1371 in

881 1393 1015 1452 omnibus
1049 1393 1113 1453 fere
1147 1395 1207 1453 suis
1242 1398 1375 1475 epistolis
1409 1397 1580 1457 salutationi

881 1480 982 1538 statim
1005 1480 1158 1560 subjungit
1172 1484 1333 1560 gratiarum
1356 1484 1505 1543 actionem
1526 1505 1579 1562 pro

881 1566 1037 1626 beneflciis
1053 1587 1071 1626 a
1085 1567 1155 1627 Deo
1178 1567 1297 1630 collatis
1319 1571 1350 1630 in
1366 1591 1418 1630 eos
1441 1570 1480 1630 ad
1504 1589 1579 1652 quos

882 1653 992 1712 scribit.
1024 1653 1114 1732 Quod
1136 1662 1167 1714 et
1181 1654 1289 1715 Petrus
1311 1658 1384 1717 facit
1399 1658 1429 1716 in
1447 1662 1474 1717 1.
1493 1659 1579 1739 epist

881 1741 1008 1800 Faciunt
1031 1749 1129 1801 autem
1153 1740 1218 1814 hoc,
1242 1752 1303 1802 tum
1325 1754 1357 1803 ut
1375 1746 1502 1824 gratiam
1520 1744 1581 1805 Dei

882 1828 913 1886 in
929 1827 1065 1889 omnihus
1088 1829 1294 1889 commendent
1317 1829 1398 1907 (nam
1416 1835 1581 1911 gratiarum

882 1915 960 1974 actio
983 1916 1098 1994 gratiae
1128 1914 1275 1975 confessio
1304 1929 1404 1979 estet
1432 1940 1580 1979 commen·

883 1999 992 2079 datio).
1015 2011 1076 2062 tum
1099 2005 1170 2081 quia
1192 2011 1277 2081 grata
1298 2005 1464 2066 recordatio
1488 2006 1581 2066 bono·

882 2110 946 2150 rum
969 2098 1156 2168 acceptorum
1183 2089 1288 2168 dignos
1316 2094 1404 2153 efficit
1426 2091 1465 2151 ad
1488 2091 1582 2173 impe·

882 2174 1020 2236 trandum
1053 2177 1206 2254 ampliora.
1262 2177 1344 2238 Illud
1373 2199 1434 2256 per
1467 2184 1584 2243 Jcsum

884 2265 1053 2339 Christum,
1077 2261 1128 2322 vel
1143 2262 1181 2321 ad
1198 2265 1292 2341 ipsam
1311 2268 1473 2344 gratiarum
1488 2268 1581 2326 actio-

882 2369 952 2410 nem
975 2349 1112 2423 refertur,
1136 2349 1186 2410 vel
1207 2352 1306 2428 potius
1330 2352 1369 2412 ad
1392 2353 1422 2412 id
1445 2352 1527 2433 quod
1551 2355 1582 2412 in

883 2438 1046 2517 gratiarum
1068 2438 1187 2496 actione
1210 2439 1385 2512 continetur,
1410 2439 1440 2500 id
1463 2447 1519 2511 est,
1543 2439 1582 2497 ad

884 2522 1030 2584 beneficia
1051 2544 1104 2603 pro
1128 2522 1235 2603 quibus
1258 2526 1370 2602 gratias
1393 2528 1470 2606 agit,
1493 2525 1584 2607 quale

885 2619 931 2670 est
955 2609 1027 2671 illud
1051 2608 1131 2690 quod
1154 2609 1322 2688 subjungitz

929 2699 1012 2776 Qrsia
1045 2697 1122 2774 fides
1159 2704 1262 2756 oestro
1297 2703 1518 2758 annuntiatur
1547 2702 1585 2759 in

882 2787 1033 2844 aniverso
1055 2784 1186 2843 mondo.
1218 2788 1456 2861 Annuntiotor,
1481 2784 1584 2859 idest,

884 2869 1063 2948 divulgatur.
1110 2872 1152 2931 In
1175 2875 1325 2931 universo
1354 2874 1496 2948 mundo,
1525 2871 1582 2952 hy-

883 2956 1006 3037 perbole
1036 2965 1096 3028 est,
1131 2965 1190 3016 tam
1220 2957 1326 3036 vulgo,
1358 2978 1446 3038 quam
1476 2977 1584 3020 sacrae

884 3043 1054 3123 Scripturas
1076 3042 1274 3122 frequentata.
1303 3044 1381 3103 Nam
1397 3064 1502 3105 sensus
1520 3054 1584 3105 est:

882 3129 962 3189 fama
982 3128 1053 3189 fidei
1082 3138 1201 3190 vestrae
1229 3130 1352 3191 multum
1384 3131 1506 3212 lateque
1528 3151 1585 3211 per

883 3218 984 3277 vanas
1006 3215 1108 3275 mundi
1129 3225 1230 3296 partes
1254 3216 1433 3277 diffunditur.
1458 3219 1584 3278 Etenim

883 3303 1010 3364 Romani
1035 3303 1100 3380 jam
1129 3312 1199 3363 ante
1226 3303 1314 3363 iidem
1342 3303 1454 3365 Christi
1480 3324 1584 3365 susce·

883 3397 997 3469 perant,
1014 3389 1103 3469 idque
1115 3389 1206 3450 Petro
1217 3389 1364 3469 Apostolo
1376 3390 1583 3470 praedicante:

142 3476 219 3535 enim
242 3476 368 3535 alterum
391 3476 429 3535 de
452 3477 512 3536 filio
535 3484 624 3548 tacet,
647 3478 689 3535 ita
711 3485 741 3536 et
763 3478 835 3537 alte·
885 3473 1131 3556 quemadmodum
1160 3476 1216 3536 hoc
1244 3478 1310 3536 loco
1338 3486 1461 3538 testatur
1484 3476 1583 3559 Chry·

140 3582 205 3621 rum
228 3560 266 3620 de
288 3570 381 3642 patre.
418 3563 548 3642 Quodsi
564 3562 701 3642 depatre
723 3570 838 3623 tacetur
886 3571 1040 3622 aostomus.

141 3648 282 3722 alterum,
305 3649 370 3708 sine
392 3650 457 3726 ejus
479 3648 679 3729 praejudicio,
703 3670 756 3709 cur
777 3671 837 3710 non
929 3646 1087 3708 Caeterum
1110 3669 1170 3707 uon
1199 3657 1259 3708 tam
1280 3658 1403 3730 propter
1426 3653 1584 3712 annuntia·

142 3743 173 3794 et
195 3735 318 3794 alterurn
343 3735 381 3794 de
402 3735 488 3795 filio?
887 3737 996 3795 tionem
1018 3733 1097 3807 fidei,
1121 3754 1210 3814 quam
1232 3745 1353 3816 propter
1375 3738 1470 3816 ipsam
1493 3738 1586 3798 fidem

186 3822 316 3880 Tantum
346 3822 500 3883 reddenda
522 3823 609 3895 ratio,
644 3843 695 3882 cur
717 3823 838 3882 Domini
886 3824 1088 3881 annuntiatam
1119 3823 1232 3901 gratias
1253 3822 1321 3883 Deo
1346 3843 1379 3882 se
1409 3842 1500 3902 agere
1525 3826 1585 3905 sig-

84 3911 90 3922 ’
142 3908 320 3967 vocabulum
342 3911 462 3987 proprie
485 3909 603 3970 Christo
627 3909 745 3968 tribuat.
791 3911 839 3968 Ea
886 3908 987 3967 nificat
1002 3909 1172 3987 Apostolus.
1203 3909 1253 3969 Sic
1273 3911 1351 3969 enim
1376 3911 1407 3969 iu
1429 3910 1496 3970 aliis
1520 3915 1585 3992 epi·

142 3995 278 4053 nimirum
302 4002 362 4067 est,
386 3997 455 4074 quia
478 3995 614 4055 Christus
637 3997 665 4054 in
689 4006 839 4075 assumpta
887 3995 970 4054 stolis
993 4016 1046 4074 pro
1069 3994 1145 4067 tide,
1179 3999 1311 4069 caritate,
1335 3996 1419 4057 bonis
1442 3997 1587 4077 operibus

143 4101 233 4142 carne
256 4081 351 4160 pretio
383 4084 429 4141 sui
451 4084 603 4161 sanguinis
627 4102 681 4141 nos
706 4102 722 4140 θ
747 4084 838 4141 serui·
887 4089 917 4140 et
939 4082 1074 4160 profectu
1089 4083 1208 4161 pietatis
1225 4102 1332 4156 eorum,
1356 4083 1395 4143 ad
1417 4103 1492 4162 quos
1512 4087 1585 4145 scri·

143 4174 206 4227 tute
230 4165 342 4226 diaboli
365 4167 505 4240 redemit,
529 4169 645 4249 sibique
668 4168 840 4229 vendicavit
888 4167 938 4239 bit,
962 4169 1028 4228 Deo
1052 4171 1162 4247 gratias
1186 4170 1263 4248 agit:
1286 4171 1403 4230 tametsi
1421 4172 1487 4249 ipsa
1509 4192 1584 4250 quo·

68 4305 72 4313 .
142 4255 173 4313 in
203 4255 344 4333 populum
374 4255 570 4334 peculiarem
599 4257 682 4334 cujus
715 4254 840 4334 proinde
888 4274 946 4333 que
969 4255 1153 4314 annuntiatio
1170 4265 1200 4314 et
1223 4255 1380 4316 celebratio
1400 4256 1470 4317 fidei
1491 4257 1586 4321 bene·

143 4343 215 4420 ipse,
234 4349 379 4422 quatenus
395 4343 491 4414 homo,
507 4342 652 4402 Dominus
668 4343 758 4422 pleno
770 4342 839 4419 jure
888 4342 985 4400 ficium
1007 4343 1067 4401 Dei
1089 4350 1154 4400 erat
1183 4344 1345 4421 gratiarum
1375 4346 1493 4404 actione
1520 4345 1586 4426 dig-

143 4428 267 4487 effectus
290 4430 335 4487 sit.
370 4429 451 4489 Hinc
474 4431 584 4508 passim
606 4430 637 4488 in
659 4428 840 4508 Apostolicis
888 4448 967 4488 unm.
990 4429 1098 4508 Itaque
1114 4448 1218 4488 sensus
1231 4438 1288 4489 est:
1313 4428 1586 4510 GratiasagoDeo

142 4514 237 4574 literis
258 4516 378 4575 honoris
394 4534 482 4575 causa
497 4516 643 4575 Dominus
663 4514 840 4594 appellatur.
888 4535 942 4594 pro
965 4515 1024 4574 fide
1046 4523 1154 4590 vestra,
1178 4534 1255 4594 quae
1271 4523 1355 4576 tanta
1375 4527 1426 4590 est,
1451 4526 1484 4577 ut
1505 4519 1587 4580 fama

143 4601 200 4661 Est
223 4603 314 4680 igitur
337 4605 367 4662 in
396 4603 496 4662 verhis
518 4603 657 4682 Apostoli
679 4602 840 4661 insinuatio
889 4602 953 4678 ejus
964 4603 1136 4661 universum
1148 4602 1289 4661 mundum
1300 4613 1487 4684 pervagetur.
1504 4605 1587 4667 Hinc

145 4688 295 4770 quaedam
324 4691 477 4770 utriusque
508 4697 633 4749 naturae
655 4689 685 4749 in
707 4687 841 4749 Christo:
893 4707 1013 4768 quoque
1032 4687 1122 4765 disce,
1143 4688 1232 4749 fidem
1248 4709 1316 4750 esse
1330 4690 1439 4752 donum
1454 4691 1515 4753 Dei
1529 4714 1587 4774 per
