3254 5190
135 283 184 351 50
652 274 885 329 consumimus
904 275 935 329 m
954 275 1020 329 cnr.
1032 274 1060 328 u

176 450 237 513 Sed
252 471 332 512 nunc
354 450 393 512 ad
418 449 648 531 explicationem
663 458 765 512 textus
780 472 830 512 ve·
922 452 971 513 15.
988 452 1049 530 Qui
1062 451 1233 512 ostendunt
1243 452 1408 529 opuslecis
1420 455 1575 528 scriptum

132 541 258 599 niamus.
285 537 362 599 Onm
385 540 463 598 enirn
478 546 595 618 gentes,
618 539 733 618 inquit,
749 557 830 618 qnae
876 542 913 599 in
928 539 1074 599 cordibus
1088 543 1160 599 suis.
1171 540 1333 614 Scripusm
1348 539 1467 600 Graece
1484 553 1575 614 γραπ-

132 624 231 704 legem
246 626 387 705 scriptam
403 645 463 684 non
478 634 667 703 acceperunt,
683 626 828 686 naturali·
877 619 939 700 τὸν,
954 644 1070 699 nomen,
1087 646 1146 685 non
1163 626 1362 705 perticipium.
1383 625 1577 704 significatur

133 720 179 770 ter
194 732 230 771 sc
245 713 309 770 sine
324 711 391 790 lege
412 713 523 791 scripta
546 712 662 771 faciunt
677 731 727 784 ee,
751 732 830 792 quoe
876 713 956 773 enim
970 713 1013 771 its
1036 713 1176 792 scriptum
1200 721 1233 770 ut
1255 718 1441 792 permaneat
1466 712 1576 773 Osten-

133 807 203 857 sunt
217 797 293 877 legis
310 799 454 878 scriptae,
476 798 506 856 id
523 807 578 869 est,
594 818 647 871 ee,
664 818 746 877 quac
760 799 829 878 lege
877 799 959 860 dunt
973 797 1112 858 faciendo
1129 817 1183 871 ea,
1198 818 1280 879 quae
1299 799 1376 877 legis
1398 806 1483 871 sunt,
1511 818 1576 858 cum

133 884 270 963 decalogi
286 887 489 958 continentur,
512 886 543 944 bi
566 885 663 963 legem
687 887 829 965 scriptam
876 885 975 966 legem
989 906 1049 945 non
1065 887 1245 965 acceperint
1272 885 1333 945 Per
1357 885 1414 945 hoc
1429 886 1510 945 enim
1525 883 1576 944 de·

132 992 192 1031 non
216 970 363 1031 habentes
392 972 538 1051 sibiipsis
562 979 632 1033 sunt
656 971 720 1032 loeo
737 972 828 1051 legis;
877 971 1018 1044 claretur,
1034 971 1114 1052 quod
1130 974 1192 1048 ipsi
1207 972 1353 1032 cibisunt
1366 973 1427 1032 tes.
1442 970 1576 1051 Idipsnm

79 1106 83 1114 .
132 1057 204 1117 dum
219 1077 274 1117 sun
298 1067 404 1138 sponte
427 1078 464 1118 ec
485 1060 609 1139 proprio
625 1057 743 1136 judicio
764 1060 829 1118 sine
877 1060 965 1120 etiam
987 1060 1103 1138 signum
1126 1065 1172 1117 est
1196 1078 1248 1119 eos
1271 1077 1310 1117 ex
1336 1059 1436 1118 annno
1462 1058 1577 1132 iecere,

133 1152 258 1205 externo
274 1144 351 1225 legis
363 1145 501 1222 jubentis
523 1144 703 1205 adminiculo
726 1153 756 1205 et
775 1147 827 1204 im·
876 1155 1021 1226 tanquam
1036 1164 1111 1225 opus
1123 1145 1201 1223 legis
1215 1145 1361 1206 habentes
1377 1146 1524 1222 scriptum
1547 1153 1577 1204 et

131 1231 220 1312 pulsu
235 1231 347 1291 bonum
360 1239 540 1313 operentur:
557 1240 651 1310 etque
667 1232 723 1291 hoc
739 1241 828 1312 paeto
876 1234 1050 1313 impressum
1066 1232 1095 1289 in
1111 1231 1258 1292 cordibus.
1275 1232 1424 1311 Scriptum
1440 1239 1574 1290 autema

132 1317 300 1397 completur
314 1321 345 1378 in
362 1321 414 1390 eis,
431 1319 511 1398 quod
524 1318 594 1390 dixi,
604 1319 744 1394 foetores
754 1320 829 1394 lepis
877 1319 990 1400 Spiritu
1006 1321 1133 1391 Sancto,
1156 1327 1190 1376 nt
1212 1318 1360 1378 indicatur
1381 1318 1411 1376 in
1425 1318 1487 1378 fine
1503 1337 1576 1398 cup,

128 1405 308 1481 justificari.
332 1405 413 1465 Illud
429 1406 627 1464 naturaliter
641 1406 828 1485 Augustinus
875 1407 928 1466 ubi
950 1406 1201 1466 circumcisionem
1227 1406 1363 1466 nominet
1378 1405 1511 1480 cordis,
1536 1408 1574 1465 iu

132 1490 171 1552 de
187 1493 256 1571 spir.
273 1500 304 1551 et
318 1493 360 1551 lit.
378 1513 442 1573 cap.
460 1495 509 1552 27.
526 1493 655 1572 exponit,
671 1514 709 1554 ex
721 1502 829 1554 nature
877 1496 992 1570 spiritu
1008 1510 1075 1552 nou
1090 1494 1193 1552 litero.
1212 1492 1393 1572 Expressius
1406 1499 1507 1551 autem
1522 1490 1576 1552 sli-

130 1579 326 1659 pergratiam
342 1588 491 1659 reparata.
508 1580 569 1640 Alii
585 1581 628 1639 sic
641 1603 648 1639 ι
663 1582 828 1640 naturali·
876 1581 906 1640 bi
923 1580 1120 1659 significatur,
1146 1584 1214 1640 nti
1238 1578 1306 1638 Cor.
1327 1579 1373 1652 3.,
1393 1578 1446 1637 ubi
1470 1575 1573 1639 Corin·

130 1673 188 1742 ter,
202 1665 232 1726 id
245 1673 298 1737 est,
312 1665 389 1727 dncc
401 1686 437 1727 ac
447 1675 631 1727 monstrante
643 1669 711 1747 ipsa
721 1676 829 1727 nutura
876 1667 953 1726 thios
962 1676 1051 1726 micat
1059 1667 1225 1746 Epistolam
1233 1665 1351 1735 Christi,
1358 1667 1500 1744 scriptum
1507 1683 1576 1726 non

131 1773 183 1813 seu
198 1754 328 1813 neutrali
344 1755 456 1814 lumine
470 1755 609 1824 rationis,
634 1754 750 1834 absque
765 1775 826 1815 ma·
876 1762 1068 1831 atramento,
1084 1755 1138 1813 sed
1152 1757 1269 1830 spiritu
1284 1754 1345 1813 Dei
1361 1754 1438 1827 vivi,
1455 1770 1525 1812 mon
1540 1755 1576 1814 iu

130 1841 250 1920 gisterio
266 1839 343 1921 legis
358 1843 499 1920 scriptae.
521 1842 550 1902 S.
568 1841 701 1901 Thomas
717 1850 828 1901 utrum·
877 1842 993 1902 tabulis
1018 1842 1173 1918 lapideis,
1201 1842 1253 1900 sed
1276 1843 1312 1899 iu
1333 1839 1451 1898 tabulis
1471 1840 1577 1900 cordis

130 1947 191 2006 qne
206 1929 447 1988 commentarium
464 1927 570 1988 adfert.
878 1928 1069 1989 carnotibus.
1083 1927 1293 2008 Quopertinet
1301 1925 1374 1985 illud
1383 1927 1576 1987 derem.31.:

173 2014 240 2076 Nec
255 2035 327 2076 vero
343 2024 481 2094 pugnant
496 2017 526 2075 hi
542 2015 602 2073 duo
625 2034 740 2074 sensus.
768 2014 826 2073 Ne·
878 2015 970 2077 Dabo
985 2016 1082 2091 legem
1097 2033 1202 2074 meum
1216 2018 1252 2073 im
1268 2011 1438 2074 visceribus
1453 2031 1576 2088 eorum,

129 2120 189 2180 que
205 2102 282 2160 enim
299 2100 375 2162 dnce
391 2111 501 2162 nature
516 2109 643 2183 possunt
659 2111 765 2180 gentes
782 2121 828 2172 ea,
878 2110 906 2163 et
921 2107 956 2162 im
972 2102 1065 2162 corde
1084 2120 1194 2163 eorum
1208 2100 1344 2161 scribom
1359 2119 1438 2159 eum.

129 2206 209 2268 quoe
225 2186 303 2267 legis
319 2197 399 2263 sunt,
411 2187 520 2263 iecere,
533 2190 590 2248 nisi
603 2185 708 2247 eedem
721 2197 828 2248 nutura
918 2188 968 2249 Ad
994 2190 1074 2248 hunc
1097 2188 1217 2248 modum
1243 2187 1352 2247 diserte
1383 2188 1575 2267 scriptionem

128 2294 184 2354 per
199 2276 326 2354 gratiam
338 2275 428 2334 fuerit
443 2276 613 2336 reformata.
639 2272 736 2354 Cujus
751 2274 828 2334 ratio
876 2276 951 2336 hunc
966 2277 996 2334 in
1018 2275 1159 2336 cordibus
1183 2275 1308 2353 exponit
1330 2282 1361 2335 et
1380 2275 1492 2352 probat
1511 2272 1575 2333 Au·

129 2369 175 2420 est
198 2371 227 2421 et
250 2381 287 2420 ex
310 2370 395 2440 parte
418 2363 537 2422 luminis
560 2360 720 2436 neutralis,
747 2359 829 2441 quod
875 2363 1014 2442 gnstinus
1030 2362 1082 2421 lib.
1099 2361 1138 2422 de
1158 2363 1227 2441 spir.
1251 2369 1281 2419 et
1303 2361 1346 2420 lit.
1367 2379 1435 2439 cap.
1454 2363 1506 2420 26.
1534 2361 1576 2420 lu

127 2456 253 2528 peccato
265 2450 454 2508 obscuratum
467 2450 594 2521 comsit,
611 2467 669 2506 non
682 2456 828 2508 monstrat
875 2449 934 2508 hue
956 2451 1044 2508 etiam
1067 2446 1207 2527 Origenis
1228 2448 1472 2507 commentorium
1493 2467 1577 2527 spec

129 2535 228 2594 omnis
244 2533 364 2614 agenda
381 2543 408 2594 et
423 2535 565 2610 vitanda3
582 2542 613 2593 et
628 2551 668 2592 ex
683 2543 827 2615 partevo·
875 2545 952 2611 tare,
962 2536 1026 2614 jam
1038 2544 1107 2595 ante
1120 2534 1256 2594 diximus.
1268 2534 1316 2594 Ita
1328 2552 1449 2614 quoqne
1457 2535 1493 2595 Β.
1505 2536 1577 2594 Am·

128 2619 268 2693 luntatis,
292 2639 372 2700 queo
388 2640 426 2680 ex
441 2628 565 2701 peccato
583 2619 783 2682 infirmitatem
798 2628 828 2678 et
874 2623 990 2682 brosius
1006 2622 1190 2683 intellexisse
1205 2619 1325 2679 videtur
1339 2620 1390 2681 lib.
1407 2619 1445 2680 de
1457 2619 1577 2700 paedi-

127 2706 270 2765 malitiam
287 2709 441 2779 contraxit,
457 2716 491 2766 ut
505 2727 560 2767 nec
576 2727 612 2767 ee
625 2710 733 2781 omnia,
748 2726 827 2787 qnae
875 2729 908 2769 so
925 2729 989 2787 cup.
1008 2708 1046 2780 8,
1062 2727 1154 2790 quum
1177 2707 1272 2767 citans
1286 2706 1367 2767 hunc
1382 2706 1481 2766 locum
1494 2706 1576 2779 dicit,

127 2794 203 2851 ratio
219 2793 365 2852 naturalis
378 2793 498 2873 agenda
513 2792 687 2867 dictaverit,
715 2794 827 2871 eligere
874 2814 929 2855 nos
944 2794 1005 2853 Dei
1018 2801 1214 2873 praeceptum
1230 2792 1371 2853 cordibus
1393 2795 1505 2854 nostris
1529 2801 1572 2853 te·

127 2879 229 2958 possit,
241 2886 404 2957 antequam
416 2878 507 2939 fuerit
517 2879 708 2960 pergratiam
718 2887 825 2940 saneta
874 2901 946 2942 nere
960 2883 1134 2959 impressum
1150 2879 1254 2959 spiritu
1269 2880 1328 2940 Dei
1351 2880 1422 2938 vivi
1446 2880 1511 2940 Alii
1533 2880 1577 2940 in·

129 2973 223 3043 atque
239 2964 353 3043 adjutu.
368 2965 434 3026 Nec
450 2965 531 3025 aliud
546 2967 613 3025 vult
629 2968 825 3046 Augustinus,
873 2975 1076 3047 terpretsntur
1090 2965 1269 3046 Apostolum
1283 2966 1331 3025 hic
1346 2965 1428 3045 loqui
1451 2965 1491 3026 de
1508 2966 1578 3044 lege

127 3070 218 3131 quum
226 3061 362 3110 naturam
372 3052 763 3132 interpretaturrcpsratsm
770 3070 825 3131 per
873 3063 997 3115 naturae
1024 3056 1153 3114 omnium
1176 3052 1282 3113 animis
1301 3053 1461 3131 impressa,
1489 3053 1578 3131 cujus

127 3138 265 3216 gratiam.
278 3137 348 3196 Non
357 3138 433 3197 enim
443 3142 534 3198 sentit
543 3141 591 3199 hic
603 3142 823 3200 innominena·
874 3139 1023 3200 dictamen
1039 3139 1173 3220 appellet
1189 3157 1268 3215 optes
1282 3139 1358 3214 lepis
1373 3141 1529 3214 scriptum
1540 3142 1578 3199 iu

129 3232 214 3282 turae
226 3225 353 3303 gratiam
370 3224 481 3284 includi
495 3247 501 3282 :
515 3224 568 3286 sed
579 3233 683 3305 gentes
691 3227 730 3299 id,
743 3223 825 3306 quod
874 3227 1028 3287 cordibus.
1044 3226 1104 3287 Sed
1119 3227 1200 3306 prior
1215 3244 1319 3286 sensns
1334 3226 1431 3305 magis
1443 3234 1494 3285 est
1503 3245 1577 3307 epo·

128 3309 177 3369 bic
194 3308 317 3383 dicitnr,
332 3310 433 3371 iacere
453 3332 512 3371 non
532 3333 622 3392 posse
639 3313 824 3381 naturaliter,
874 3314 1003 3385 stolicus,
1020 3333 1109 3393 quem
1125 3322 1154 3372 et
1169 3310 1259 3371 tradit
1285 3311 1419 3372 Thomas
1441 3314 1474 3372 in
1497 3332 1578 3372 eom·

126 3394 157 3455 id
173 3404 225 3469 cst,
239 3407 452 3477 permaturum,
468 3399 526 3459 nisi
537 3399 634 3477 gratia
645 3408 823 3479 reparatum.
873 3401 1026 3471 mentatio,
1055 3419 1190 3478 eumque.
1210 3405 1331 3458 secutus
1358 3398 1381 3458 J
1383 3418 1497 3459 oannes
1524 3398 1577 3459 Vi·

169 3484 217 3541 Ex
233 3484 279 3542 bis
291 3485 355 3561 jam
379 3484 474 3563 liquet
479 3529 490 3561 ,
514 3487 544 3545 in
565 3484 664 3544 verbis
685 3482 824 3565 Apostoli
874 3488 1004 3566 gnerius.

126 3578 264 3631 naturam
279 3590 338 3629 non
353 3573 480 3649 gratiae,
495 3571 548 3631 sed
560 3573 620 3651 legi
632 3574 763 3653 scriptae
771 3592 822 3651 op·
920 3575 1147 3631 Testimonium
1162 3571 1311 3630 reddente
1334 3571 1398 3630 iltis
1409 3575 1577 3632 eemcicu·

126 3659 214 3736 poni:
232 3665 261 3714 et
276 3656 401 3736 proinde
418 3677 538 3718 cessare
554 3669 763 3738 argumentum
775 3677 823 3717 eo·
874 3663 920 3718 tio
950 3662 1102 3735 ipsorum.
1152 3661 1380 3718 Testimonium
1410 3658 1577 3734 reddente,

125 3762 206 3816 rum,
230 3744 281 3822 qui
303 3762 341 3802 ex
363 3743 513 3803 vocabulo
529 3747 725 3806 naturaliter
740 3744 822 3804 colli·
874 3745 989 3806 Gruece
998 3738 1272 3823 συμμαρτυρούσης
1280 3751 1483 3821 contestante,
1492 3755 1525 3805 ut
1534 3744 1577 3806 le·

126 3829 238 3907 gebont
251 3829 300 3887 hic
315 3829 493 3908 Apostolum
510 3851 601 3909 agere
625 3830 663 3891 de
685 3831 823 3912 gentibus
873 3833 916 3910 git
930 3832 1113 3911 Augustinus
1129 3833 1159 3891 in
1175 3832 1364 3911 expositione
1386 3832 1576 3911 quarundam

125 3914 303 3975 infidelibus.
320 3917 411 3989 Sunt,
435 3919 486 3997 qui
501 3938 605 3978 vocem
628 3919 825 3980 naturaliter
873 3939 956 3998 prop.
970 3918 1030 3979 Sed
1043 3919 1237 3999 compositum
1248 3917 1368 3977 videtur
1379 3920 1509 3998 positum
1521 3938 1577 3997 prs

125 4001 168 4062 sic
183 4011 352 4082 exponant,
368 4011 488 4082 sponte,
503 4004 645 4080 libenter,
662 4026 701 4066 ex
717 4006 823 4076 animo,
873 4005 1008 4084 simplici.
1030 4006 1229 4082 Testifieomte
1245 4023 1354 4064 eorum
1370 4009 1576 4066 mordentia

124 4097 158 4146 nt
173 4088 229 4149 hoc
245 4099 378 4169 opponat
394 4091 555 4169 Apostolus
571 4091 614 4149 illi
636 4093 739 4164 modo,
763 4111 823 4171 qno
872 4091 951 4149 Nam
962 4092 1025 4151 illis
1037 4094 1067 4152 in
1084 4092 1199 4152 Graeco
1215 4111 1274 4150 non
1292 4099 1345 4150 est.
1361 4089 1442 4151 Vide
1456 4099 1576 4166 tamem

125 4175 241 4237 Judaei
264 4176 319 4236 snb
341 4178 410 4256 lege
433 4178 587 4237 constituti
606 4178 704 4258 legem
724 4178 822 4237 obser·
873 4196 950 4256 queo
967 4188 1144 4238 annotamus
1160 4175 1576 4258 infreadilludcap.8.1prc

125 4272 207 4335 rant,
225 4283 332 4343 nempe
347 4265 494 4324 serviliter
510 4273 541 4323 et
553 4275 665 4325 coacte.
681 4266 770 4325 Retio
779 4263 822 4323 lo·
873 4267 958 4324 enim
969 4264 1577 4342 spiritustestimoniumredditspirittti

125 4351 252 4409 cutionis
267 4359 360 4428 patet,
373 4353 444 4430 qnia
456 4370 536 4430 quae
546 4351 677 4412 naturali
688 4352 762 4411 fiunt
773 4352 822 4409 im·
872 4358 993 4428 nostro,
1011 4353 1061 4412 nbi
1076 4352 1190 4413 (lraece
1198 4361 1244 4412 est
1252 4351 1331 4412 idem
1339 4351 1479 4427 verbum,
1492 4353 1575 4435 qnod

123 4436 220 4516 pulsu,
236 4446 341 4516 sponte
353 4447 384 4496 et
403 4458 462 4497 non
475 4446 578 4497 coacte
591 4439 673 4498 fiunt.
690 4438 765 4499 Mihi
774 4447 822 4521 tu·
871 4437 928 4496 hic.
950 4438 1010 4518 Qui
1026 4449 1142 4520 partem
1157 4438 1234 4499 hanc
1248 4437 1381 4498 referunt
1396 4438 1435 4497 ud
1451 4438 1575 4500 eosdem

123 4543 190 4583 men
208 4524 288 4603 quod
304 4525 386 4603 prins
403 4523 512 4584 dictum
528 4532 581 4597 est,
597 4527 693 4604 magis
709 4546 823 4605 germa-
872 4526 1012 4604 gentiles,
1036 4527 1151 4585 scilicet
1175 4546 1227 4598 en,
1251 4545 1329 4605 qnae
1343 4525 1422 4604 legis
1436 4535 1516 4598 sunt,
1531 4526 1573 4586 fa·

123 4628 193 4668 num
202 4609 329 4669 videtur.
342 4609 471 4691 Utrique
482 4613 584 4671 sensui
593 4611 670 4671 bene
684 4611 822 4691 quadrat,
872 4611 996 4685 cientes,
1013 4621 1169 4693 exponunt
1184 4613 1223 4673 ad
1239 4611 1320 4672 hunc
1331 4611 1467 4674 modum:
1481 4617 1513 4674 in
1528 4632 1575 4689 eo,

125 4693 207 4774 quod
222 4697 363 4776 sequium.
871 4696 1078 4778 quodieciunt
1093 4718 1139 4775 ea,
1155 4718 1234 4780 quse
1248 4697 1324 4780 legis
1338 4706 1426 4772 sunt,
1449 4721 1511 4762 non
1524 4720 1572 4762 ss·
