3254 5190
467 281 630 339 arramiet
647 283 666 337 l.
683 282 723 338 AD
742 280 929 337 CORINTHIOS.
955 280 1038 336 im.
1057 279 1083 335 5.
1099 279 1124 333 d.
1435 283 1507 355 533

75 457 219 521 standum
234 461 292 521 erit
306 459 435 532 dodana,
458 460 509 540 qui
523 479 558 520 se
571 459 696 521 fratrent
709 459 763 521 Ja·
811 456 907 520 nabas
922 458 1004 518 miasi
1017 456 1143 519 fuerunt
1157 456 1302 538 aSpiritu
1313 464 1425 527 saneto,
1442 455 1508 514 Act.

73 547 133 608 cobi
153 547 288 607 nominat
309 548 339 607 in
362 566 420 606 sna
442 546 595 626 Epistola,
618 567 675 607 nec
698 567 763 625 ger·
815 549 863 608 13.
897 544 957 604 Hic
983 544 1110 604 observa
1136 544 1225 604 Pauli
1253 541 1428 614 candorem,
1458 542 1510 619 qui

73 634 403 695 naunmneeuterinum
411 632 764 707 Jacobiiratremiuisse,
810 630 931 692 laudem
958 632 1036 690 hanc
1061 630 1261 691 abstinentiae
1287 650 1347 690 non
1372 628 1430 688 sibi
1453 627 1510 687 aoli
1581 688 1584 694 ,

73 719 120 781 ced
133 727 253 780 tanturn
269 739 305 781 ea
324 720 460 799 generali
476 722 607 792 ratione,
631 739 693 799 qua
707 720 763 779 fra·
811 718 966 790 vendicat,
991 716 1045 777 sed
1060 717 1228 778 Barnabam
1252 718 1317 795 ejus
1333 717 1510 794 participem

73 814 141 879 usa,
167 814 201 866 ut
223 818 295 866 ante
316 806 509 881 dictumest,
537 815 683 867 vocantur
696 825 762 887 pro·
812 805 984 864 libenterac
992 803 1250 883 spontedeclarat
1262 805 1331 864 Hoc
1341 800 1509 877 operandi,

73 893 178 972 pinqui.
811 889 843 953 id
870 900 933 962 est,
958 889 1106 962 faciendi,
1141 888 1221 971 quod
1247 890 1360 951 caeteri
1386 888 1510 959 iaciunt,

108 979 201 1039 Porro
223 977 310 1038 multi
333 976 473 1038 hocloco
497 979 586 1039 etiam
603 978 761 1051 Joannem,
811 976 936 1037 vivendi
963 996 1002 1037 ex
1022 977 1191 1056 Evangelio
1218 985 1249 1036 et
1273 976 1427 1036 mulierem
1454 975 1508 1032 cir·

74 1074 102 1125 et
122 1071 339 1145 consequenter
364 1063 486 1125 fratrem
511 1065 576 1144 ejus
604 1064 762 1136 Jaocbum,
810 1061 1019 1124 cumdueendi.
1057 1062 1108 1123 Sic
1133 1061 1199 1123 fere
1224 1063 1326 1123 Latini
1350 1068 1509 1141 exponunt,

74 1152 101 1212 iu
118 1150 228 1213 iratres
251 1151 373 1212 Domini
394 1159 564 1224 numerant,
586 1160 620 1210 ut
640 1151 762 1217 Haimo.
810 1171 846 1211 aa
861 1150 1034 1210 nominatim
1050 1158 1265 1210 commentator·
1283 1148 1420 1208 Ambroa.

74 1238 215 1318 Aonium
245 1235 478 1309 Carthasianus,
511 1238 642 1317 glossam
672 1239 761 1298 inter·
853 1238 896 1296 At
924 1233 1094 1309 sciendum,
1125 1237 1157 1296 in
1188 1234 1302 1297 Graeco
1326 1245 1357 1295 et
1382 1234 1509 1314 Syriaco

75 1322 206 1385 linulem
221 1323 332 1384 secun:
353 1332 383 1383 et
403 1322 450 1384 his
471 1324 653 1384 recentiores
672 1325 761 1385 Eras-
809 1322 870 1403 legi
893 1341 961 1383 non
983 1322 1148 1398 operandi.
1187 1323 1290 1402 Atque
1316 1323 1359 1381 ita
1381 1320 1509 1384 sertim

76 1428 143 1481 nus,
171 1408 364 1490 Gaiguaeus,
392 1408 627 1481 Hoimeieterns,
653 1411 761 1471 Tittel·
809 1417 944 1470 nostrum
974 1410 1166 1488 interpretem
1191 1409 1354 1469 verisimile
1369 1415 1422 1468 est.
1461 1406 1511 1469 Sic

77 1515 203 1570 mannus,
226 1495 436 1558 Guilliaudua:
459 1495 538 1556 addo
555 1499 644 1558 etiam
661 1495 761 1558 Calvi·
810 1497 888 1558 enim
922 1497 1011 1556 etiam
1046 1495 1236 1574 Augustinus
1268 1494 1319 1554 lib.
1350 1493 1389 1555 de
1418 1512 1510 1574 opere

78 1601 145 1643 nun.
167 1582 214 1644 Ac
225 1583 321 1644 simile
334 1581 503 1662 quidhabet
512 1582 761 1662 Theophylactus
809 1583 943 1644 monach.
965 1602 1029 1661 cap.
1048 1582 1075 1640 7.
1091 1590 1121 1641 et
1143 1581 1216 1660 legit
1237 1589 1267 1640 et
1284 1582 1419 1662 exponit.
1450 1577 1509 1640 Ou-

78 1667 252 1749 inPrologo
276 1689 368 1750 super
393 1670 594 1748 Evangelium
624 1670 760 1731 Joannia.
804 1670 858 1749 jus
873 1669 967 1730 verba
988 1668 1074 1729 Beda
1096 1687 1218 1749 quoque
1240 1669 1271 1728 in
1290 1688 1347 1729 sua
1369 1666 1509 1729 collecta·

79 1753 127 1816 Sed
150 1764 181 1816 et
204 1757 296 1836 vulgo
324 1764 454 1835 putatur,
480 1756 534 1816 hos
556 1756 632 1817 dnos
654 1755 761 1817 iratres
809 1776 868 1817 nea
883 1755 993 1816 rotulit
1029 1756 1075 1816 Ac
1098 1755 1235 1817 meminit
1255 1754 1348 1833 hujus
1370 1754 1509 1816 lectionis

80 1843 376 1921 cognationiafidueia
387 1862 476 1904 ausos
487 1851 591 1921 petere
606 1861 625 1902 a
640 1840 760 1904 Christo
809 1842 959 1922 glossator
975 1840 1187 1912 interlinealis,
1206 1843 1362 1921 inquiens:
1384 1841 1435 1902 vel
1447 1860 1510 1918 po-

78 1928 172 2004 prinas
189 1927 277 1990 aedes
294 1931 325 1989 in
341 1930 407 2008 ejus
424 1950 524 2010 regno,
545 1929 649 1988 Matth.
666 1931 716 1990 20.
809 1936 952 1991 natatem
967 1947 1035 1990 non
1051 1928 1226 2005 operandi,
1243 1929 1278 1988 id
1293 1937 1346 2003 eat,
1366 1929 1510 1990 nascendi

114 2014 222 2077 Verum
250 2015 328 2077 haee
354 2017 454 2096 opinio
481 2025 553 2077 nata
578 2015 695 2077 videtur
722 2035 761 2077 ex
809 2035 830 2076 a
844 2017 954 2076 labore
975 2033 1142 2076 manuum.
1182 2015 1269 2094 Quae
1292 2015 1398 2076 eadem
1417 2015 1511 2077 verba

79 2101 244 2182 amemphis
259 2123 315 2163 neo
329 2100 388 2162 fide
411 2101 509 2182 dignis
525 2103 672 2174 historiis,
694 2122 760 2183 per·
809 2103 886 2164 iuter
902 2103 996 2163 lineas
1012 2102 1124 2182 scripta
1141 2099 1269 2161 vidimus
1285 2102 1315 2161 iu
1331 2109 1507 2182 pervetusto

78 2185 119 2247 tin
140 2207 190 2264 ea,
210 2208 302 2268 quam
324 2189 413 2248 refert
436 2189 473 2250 de
495 2189 615 2269 Josepb
636 2190 701 2249 viro
724 2189 759 2249 B.
809 2189 914 2250 codice
930 2188 1095 2250 Laudensi.
1133 2187 1302 2267 Utramque
1316 2207 1391 2248 vero
1406 2188 1508 2250 lectio·

77 2269 177 2336 Minoo
207 2274 457 2355 Theophylactus
483 2275 549 2335 loeo
572 2275 637 2352 jam
664 2274 760 2334 dicte:
809 2295 877 2336 nem
903 2274 1002 2337 edient
1028 2282 1056 2334 et
1080 2276 1291 2355 interpretatur
1311 2274 1508 2336 Lombsrdua.

75 2362 170 2435 nuum
197 2361 294 2422 altera
318 2363 431 2440 passim
453 2370 591 2440 recepta,
625 2380 704 2441 quae
726 2361 760 2420 B.
809 2362 928 2441 Estque
951 2380 1059 2422 sensus
1078 2359 1213 2421 Graecae
1236 2361 1374 2422 lectionis
1392 2362 1507 2441 perspi·

76 2447 170 2507 Annae
185 2456 246 2507 tres
260 2447 338 2509 filiae
353 2448 510 2518 adscribit,
530 2467 657 2527 quarum
670 2467 761 2508 uuam
810 2468 892 2509 cuns.
912 2447 982 2520 Alii,
995 2448 1272 2527 inquitApostolus,
1281 2455 1510 2528 nonoperantur

75 2528 165 2593 dieunt
179 2533 275 2604 illam,
290 2553 371 2613 quae
387 2554 426 2595 ex
436 2533 594 2594 Zebedaeo
609 2533 633 2594 J
635 2535 760 2593 acobum
809 2535 964 2607 manibus,
984 2533 1035 2595 sed
1051 2536 1158 2594 vivunt
1173 2555 1210 2596 ex
1227 2533 1406 2615 Evangelio,
1421 2544 1507 2595 uten-

74 2626 102 2678 et
112 2619 257 2682 Joannem
273 2622 413 2700 suscepit.
452 2621 541 2681 Certe
563 2629 664 2701 patres
687 2622 760 2682 anti·
809 2630 854 2682 tes
866 2628 1018 2700 potestate
1029 2620 1088 2680 sibi
1100 2620 1171 2681 data
1183 2642 1201 2681 a
1213 2618 1338 2680 Christo.
1362 2621 1411 2680 An
1426 2620 1508 2683 solus

73 2706 183 2784 quiores
195 2706 285 2786 hujus
293 2709 479 2786 cognationis
489 2729 548 2768 non
557 2707 760 2768 meminerunt.
810 2727 866 2788 ego
883 2717 913 2769 et
927 2706 1084 2769 Barnabas
1099 2716 1278 2786 potestatem
1290 2728 1349 2767 non
1362 2708 1508 2788 operandi

73 2787 108 2852 lit
120 2792 240 2873 quidem
252 2793 441 2874 Epiphanius
454 2794 657 2874 utroqueloco
670 2813 761 2874 supra
808 2795 947 2856 manibus
963 2814 1022 2854 non
1038 2793 1197 2869 habemus,
1217 2802 1250 2853 nt
1265 2802 1296 2853 ct
1311 2792 1399 2855 nobis
1415 2794 1505 2857 liceat

73 2880 171 2954 uitato,
197 2879 309 2940 diserte
333 2889 435 2961 negat,
461 2882 612 2943 Joannem
640 2879 760 2942 Christo
810 2902 848 2943 ex
863 2880 1033 2961 Evangelio
1049 2881 1177 2941 vivere?
1204 2881 1330 2944 Constat
1352 2890 1452 2942 autem
1469 2901 1508 2943 ex

73 2963 156 3029 truse
171 2984 262 3026 earne
277 2969 488 3046 propinquum.
528 2966 627 3047 Quam
643 2975 759 3029 senten·
809 2969 877 3029 aliis
891 2970 973 3040 locis,
988 2966 1116 3027 Paulum
1132 2977 1289 3046 operatum
1305 2969 1399 3028 inisse
1413 2970 1506 3028 mani·

73 3054 252 3115 tiammerito
263 3054 392 3132 probant
403 3054 460 3114 hac
471 3062 573 3115 aetate
585 3055 642 3115 viri
651 3053 760 3114 doctis·
808 3055 881 3126 bus,
902 3055 1065 3136 praecipue
1080 3052 1232 3114 Corinthi:
1253 3074 1292 3115 ne
1312 3074 1373 3135 qua
1393 3074 1508 3114 remora

73 3140 131 3201 rimi
145 3139 235 3202 Corn.
251 3139 418 3200 Jansenius
435 3149 465 3201 et
479 3141 590 3201 Joann.
603 3140 760 3201 Hesselius
809 3142 895 3202 heret
923 3141 1092 3219 Evangelio
1123 3142 1264 3210 currenti,
1302 3145 1327 3201 si
1358 3151 1506 3220 sumptum

73 3225 171 3288 breuis
191 3225 230 3286 ad
253 3225 352 3287 locum
367 3228 472 3287 Matth.
490 3230 539 3288 20.
557 3238 713 3287 comment.
731 3235 762 3286 et
810 3231 960 3308 acciperet
975 3226 1013 3287 ab
1035 3227 1086 3299 iia,
1108 3228 1217 3307 quibua
1233 3225 1432 3307 Evangelium
1454 3230 1507 3289 mi·

73 3312 154 3375 loan-
170 3312 313 3375 Molanus
329 3313 379 3374 lib.
393 3315 421 3374 3.
438 3313 583 3375 historiae
593 3313 645 3374 SS.
658 3314 759 3392 imagi·
810 3315 964 3375 nistrabat.
988 3312 1088 3391 quue
1099 3312 1138 3373 de
1155 3315 1260 3392 sejam
1275 3334 1367 3393 supra
1378 3322 1506 3375 testatus

73 3419 132 3460 num
157 3420 224 3479 cap.
253 3404 302 3462 28.
347 3402 468 3461 Etenim
496 3401 762 3480 confrequentet
810 3408 856 3462 est
871 3421 934 3480 cap.
947 3403 976 3460 4.
993 3398 1110 3459 dicens:
1130 3401 1329 3462 Laboramaa
1340 3409 1507 3478 operantes

73 3486 167 3547 horum
187 3485 311 3546 fratrum
333 3489 443 3547 mentio
465 3489 517 3548 fiat
538 3489 568 3547 in
591 3488 761 3566 Scriptura,
809 3487 958 3548 manibus
972 3489 1097 3548 nostris.
1121 3486 1201 3547 Vide
1217 3507 1295 3567 quae
1311 3488 1372 3548 illic
1388 3509 1405 3548 a
1420 3489 1507 3550 nobie

73 3591 211 3654 nusquam
226 3580 326 3633 tamen
340 3572 422 3654 quod
442 3573 549 3636 fratres
565 3575 685 3634 Domini
700 3572 762 3633 fue·
811 3584 961 3636 annotata.
1000 3573 1125 3635 Sensum
1148 3574 1226 3634 bunc
1242 3576 1398 3636 confirmat
1412 3573 1506 3637 Grae·

73 3660 121 3720 rint
136 3658 302 3721 indicatur:
326 3663 386 3721 imo
401 3663 501 3742 potius
518 3671 654 3742 negatur.
685 3659 762 3721 Cum
811 3683 874 3736 cum
898 3660 1023 3722 verbum
1046 3652 1249 3738 ἐργάζεσθαι,
1277 3664 1425 3738 operari3
1448 3681 1507 3741 quo

73 3747 142 3808 mim
166 3748 247 3807 iuter
263 3748 424 3828 Apostolos
441 3748 552 3810 Christi
575 3748 634 3809 duo
654 3748 764 3808 fuerint
811 3748 971 3829 significari
990 3746 1067 3807 solet
1085 3767 1161 3828 opus
1180 3768 1339 3808 manuum:
1362 3757 1452 3828 atque
1471 3767 1507 3808 oo

73 3832 763 3914 iacebinonnterque,sedalteraddiscrimen
810 3836 922 3917 passim
947 3836 1042 3894 utitur
1057 3834 1230 3914 Apostolus,
1258 3855 1325 3896 enm
1353 3834 1391 3895 de
1418 3853 1508 3914 opere

73 3920 200 3994 alanus,
215 3921 306 3982 irater
320 3922 444 3983 Domini
459 3923 567 4002 legitur
582 3922 760 4002 appellatus.
810 3941 950 3983 manuum
966 3919 1107 4002 loquitur.
1133 3923 1219 3983 Haec
1235 3924 1364 3983 omnium
1379 3919 1507 3982 Graeco·

107 4009 137 4070 8.
160 4010 228 4069 Aut
254 4026 310 4085 eqo
335 4010 419 4069 solua
445 4018 474 4069 et
499 4010 669 4070 Barnabae
694 4026 763 4069 non
811 4030 875 4070 rum
897 4009 1045 4087 expositio
1069 4017 1124 4069 est
1157 4009 1268 4088 Itaque
1284 4009 1374 4068 miror
1391 4007 1508 4068 Draami

73 4094 762 4174 mtmmpotestatemnocoperandi?Grae·
810 4095 1034 4155 fluctuationem
1050 4097 1079 4156 iu
1094 4095 1350 4156 annotationibus:
1370 4093 1421 4154 ubi
1441 4113 1507 4154 cum

73 4196 115 4241 te:
130 4183 357 4259 Autaelusepe
368 4189 397 4242 ct
409 4183 588 4245 Barnabae.
612 4183 663 4243 Ita
670 4181 761 4242 dictio
810 4192 998 4262 praesentem
1013 4182 1110 4242 locum
1137 4183 1214 4243 bene
1237 4201 1276 4242 ex
1292 4180 1506 4260 Chrysostomo

73 4267 149 4330 retur
171 4268 356 4331 commodius
382 4272 471 4330 etiam
493 4270 661 4331 Barnabam
684 4288 760 4328 com·
811 4276 842 4330 et
866 4269 1099 4348 Theophylacto
1115 4269 1317 4348 exposuisset,
1340 4276 1445 4348 postea
1468 4265 1506 4328 ad

73 4354 236 4437 prehendit
273 4354 433 4417 Caeterum
448 4357 607 4418 Barnabae
621 4356 762 4431 meminit,
811 4356 960 4417 diversum
973 4354 1259 4427 sensumdelabitur,
1272 4364 1413 4437 tanquam
1424 4355 1506 4417 duu-

73 4439 149 4524 pued
164 4462 234 4505 eum
250 4445 281 4505 in
296 4443 647 4523 praedicandogentibus
661 4445 761 4505 Evan·
812 4444 867 4504 bus
892 4442 1114 4519 tornutionibus
1135 4435 1168 4502 oi
1195 4435 1238 4519 μὴ
1260 4445 1357 4504 unius
1379 4445 1445 4504 viee
1468 4445 1507 4502 tit

73 4528 154 4610 gotio,
168 4539 201 4593 et
214 4550 268 4612 per
278 4529 337 4591 boe
351 4531 382 4591 in
397 4530 579 4591 abstinentia
590 4540 762 4610 sumptuum
811 4531 925 4592 aomos
946 4530 1123 4610 Apostolus:
1154 4527 1235 4610 quod
1251 4527 1368 4592 Graeca
1387 4530 1507 4589 minime

73 4616 241 4694 {linctum
252 4617 408 4679 habuisset
419 4620 539 4678 socium.
555 4618 675 4679 Pariter
686 4619 763 4678 enim
810 4618 996 4699 permittunt,
1011 4616 1151 4678 obstante
1165 4615 1291 4676 articulo
1307 4617 1369 4693 τοῦ,
1385 4618 1506 4678 verbum

73 4701 105 4767 sd
116 4706 256 4787 panium
275 4706 500 4768 eonvemionem
514 4704 630 4768 Paulus
645 4714 676 4767 et
690 4705 764 4768 Bar·
811 4705 959 4767 inlinitum
967 4703 1191 4781 determinante,
1199 4703 1252 4764 τοῦ
1258 4695 1302 4784 μὴ
1309 4692 1505 4784 ἐργάζεσθαι,
