3254 5190
47 330 52 347 .
92 282 164 349 124

89 459 164 520 osto,
180 460 212 509 ut
231 449 375 530 deinceps
395 471 413 510 a
432 451 552 529 peccati
568 448 784 508 consuetudine

87 556 210 615 prorsus
231 536 332 608 alieni,
355 555 551 596 exerceamus
574 555 666 614 opera
688 554 784 595 novae

88 625 171 683 vitae
186 619 255 697 (boc
271 625 347 681 enim
364 630 409 682 est
425 624 456 682 in
472 624 608 683 novitate
627 623 708 680 vitae
723 641 784 680 am-

87 706 215 785 bulare),
239 708 489 787 quemadmodum
500 708 638 769 Christus
653 708 782 768 resusci-

88 803 170 855 tatus
187 803 233 853 est
246 815 265 853 a
279 804 374 854 morte
398 793 437 854 ad
459 816 568 853 novam
591 802 621 854 et
637 795 783 854 immorta-

88 881 147 941 lem
164 884 264 953 vitum,
288 880 380 960 idque
395 900 449 962 per
463 881 599 960 gloriam,
616 878 646 939 id
662 889 706 939 est
720 880 782 958 glo·

87 969 196 1028 riosam
219 965 423 1045 operationem
442 967 545 1026 Patris
561 968 625 1039 sui3
649 968 724 1046 quia
739 967 782 1026 ni·

88 1057 195 1114 mirum
210 1055 239 1113 in
255 1053 367 1114 Christi
383 1053 600 1113 resurrectione
615 1053 706 1124 Deus,
729 1053 782 1131 qui

89 1161 156 1201 eam
171 1146 315 1218 operatus
338 1147 393 1209 sst,
415 1138 609 1218 glorificatur.
633 1138 683 1199 Sic
702 1140 782 1198 enim

87 1226 175 1286 multi
201 1226 278 1285 hanc
300 1234 415 1304 partem
439 1225 691 1304 interpretantur,
715 1244 781 1284 cum

88 1313 205 1391 alioqui
234 1312 331 1390 possit
360 1310 489 1390 intelligi
520 1329 612 1371 causa
640 1311 783 1381 formalis,

89 1418 180 1478 quam
195 1397 311 1457 iudicat
322 1397 421 1456 versio
437 1397 582 1476 Syriaca:
597 1399 634 1456 in
644 1397 783 1472 ploriom

88 1487 201 1561 patris,
225 1492 258 1542 ut
273 1485 340 1561 ipsa
363 1503 442 1543 nova
456 1492 487 1544 et
500 1484 633 1564 gloriosa
648 1485 720 1556 vita,
743 1482 783 1543 sd

89 1591 179 1651 qnam
200 1590 219 1629 a
241 1579 326 1648 patre
346 1571 544 1630 resuscitatus
568 1579 616 1630 est
637 1569 783 1641 Christus,

89 1659 154 1737 ipso
170 1665 283 1729 orante,
294 1664 391 1733 potes·
404 1657 549 1733 ploriptco
563 1657 666 1734 {ilium
681 1665 782 1732 tuum,

89 1744 181 1805 Joan.
199 1743 256 1816 17,
279 1750 407 1802 vocetur
421 1741 518 1823 gloria
534 1745 636 1822 patris.

135 1830 196 1911 Qui
211 1849 318 1890 sensus
334 1827 416 1888 hand
436 1831 583 1890 immerito
598 1829 712 1908 placuit
727 1827 783 1888 Ca·

86 1917 200 1995 jetano.
222 1916 301 1976 Nam
316 1916 373 1975 hoc
394 1925 485 1995 pacto
509 1917 627 1996 plenior
642 1925 673 1976 et
687 1916 785 1995 aptior

90 2004 148 2063 erit
162 2001 292 2076 collatio,
316 2020 408 2081 quam
425 2004 571 2064 internos
587 2011 616 2064 et
633 2003 785 2064 Christum

91 2088 221 2149 attendit
239 2089 411 2168 Apostolus.

134 2172 359 2236 commentator
378 2175 464 2236 Amb.
487 2176 579 2256 legit:
599 2195 660 2253 pes·
680 2178 785 2235 virtu·

90 2269 152 2321 tem
168 2264 239 2337 Dei,
256 2261 338 2341 quod
350 2281 468 2321 sensum
481 2261 572 2323 habet
582 2264 785 2343 perspicuum,

92 2345 145 2408 ssd
160 2346 199 2407 ab
215 2348 355 2429 originali
371 2347 516 2409 dissonat.

133 2434 228 2495 Porro
255 2433 410 2495 ambulare
435 2437 545 2514 passim
573 2437 603 2495 in
630 2437 786 2513 scripturis

90 2521 203 2580 morale
217 2521 400 2581 vocabulum
424 2529 476 2590 est,
499 2542 559 2600 quo
581 2522 786 2600 metaphorice

91 2607 278 2687 significatur
290 2607 377 2677 idem,
389 2607 472 2686 quod
482 2609 663 2683 conversari,
675 2610 785 2679 vivere,

92 2695 225 2754 actiones
247 2713 386 2754 exercere
400 2694 474 2752 alias
497 2704 568 2772 post
590 2695 675 2763 alias,
699 2695 785 2755 sumi·

92 2789 203 2858 turqne
218 2802 278 2840 non
292 2789 408 2840 tantum
425 2782 455 2838 in
472 2778 557 2855 bono,
579 2781 633 2840 sed
649 2782 741 2840 etiam
756 2781 787 2839 in

93 2866 180 2938 malo,
197 2875 229 2925 ut
240 2868 331 2928 Joan.
344 2868 388 2927 8.:
411 2867 473 2944 Qui
487 2870 630 2943 sequitur
643 2888 703 2942 sne,
719 2885 785 2927 noa

93 2953 236 3013 ambulat
261 2957 297 3014 in
323 2954 467 3013 tenebris.
489 2952 554 3012 Nec
579 2956 699 3033 proprie
721 2973 786 3031 pro-

92 3038 205 3099 iectum
228 3040 348 3110 indicat,
371 3038 554 3118 nequidem
577 3039 646 3099 dum
663 3041 786 3099 inbono

94 3128 252 3204 accipitur,
276 3127 330 3186 sed
358 3126 612 3187 continuationem
634 3125 786 3205 quandam

93 3214 253 3272 actionum.
275 3213 354 3272 Nam
370 3223 401 3273 et
416 3211 532 3273 Christo
555 3215 585 3273 in
601 3212 706 3273 diebus
723 3233 787 3272 car·

93 3301 140 3358 nis
156 3319 228 3359 suae
244 3299 434 3377 competebat
446 3299 610 3358 secundum
626 3299 705 3360 hunc
719 3319 785 3359 sen·

93 3405 158 3445 sum
175 3385 338 3458 ambulare,
361 3386 400 3447 de
416 3405 476 3465 quo
492 3386 583 3446 Joan.
604 3392 618 3447 1
640 3388 728 3465 epist.
741 3388 786 3444 ’.λε

94 3473 155 3550 Qui
170 3473 246 3532 dicit
261 3493 292 3533 se
306 3476 342 3532 in
357 3476 426 3548 ipso
437 3491 577 3548 monere,
593 3474 691 3547 debet,
707 3476 788 3533 sicut

92 3560 147 3618 ille
159 3559 346 3633 ambulavit,
363 3567 392 3619 et
407 3563 473 3636 ipse
484 3560 658 3619 ambulare.
675 3559 787 3638 Quam·

94 3665 186 3724 quam
205 3667 259 3706 nos
281 3649 416 3707 viatores
438 3649 482 3706 ita
505 3646 649 3707 debemus
674 3648 703 3706 in
719 3646 786 3724 lege

94 3732 217 3792 Domini
232 3742 262 3793 et
277 3735 308 3794 in
323 3735 460 3795 novitate
476 3734 558 3793 vitae
574 3733 737 3802 ambulare,
753 3740 788 3789 ut

94 3817 287 3897 proficiamus
302 3819 341 3879 de
356 3820 406 3880 die
420 3822 449 3879 iu
466 3819 556 3878 diem.

138 3909 167 3967 5.
189 3908 224 3967 Si
239 3911 323 3966 enim
346 3908 556 3982 complantati
575 3908 658 3982 sacti
680 3922 789 3964 sumus

93 3993 298 4053 similitudini
309 3996 420 4052 mortis
435 3997 510 4066 eius,
527 3994 622 4053 simul
637 3999 666 4050 et
682 4008 788 4050 reuss·-

96 4083 244 4140 rectionis
269 4081 393 4139 erimus.
422 4078 618 4139 Confirmatio
642 4088 686 4137 est
712 4078 788 4154 ejus,

96 4166 178 4246 quod
202 4168 338 4244 proxime
361 4169 533 4242 praecessit.
559 4165 787 4240 complantati,

97 4251 214 4313 Graece
241 4247 405 4329 σύμφυτοι,
430 4274 488 4311 uon
515 4253 708 4330 participium
735 4258 789 4321 est,

96 4337 150 4396 scd
165 4358 283 4411 nomen,
299 4340 387 4418 quasi
402 4337 485 4399 dicas
501 4340 654 4399 consitioii
669 4337 720 4398 vol
735 4341 788 4397 ia-

95 4427 196 4483 sitioii.
219 4425 313 4484 Porro
329 4425 448 4485 dativus
465 4423 513 4507 rip*
535 4419 703 4502 ὁμοιώματι
719 4445 788 4503 pos·

96 4519 141 4570 set
156 4512 246 4570 etiam
269 4510 353 4571 reddi
376 4533 429 4589 per
450 4512 617 4572 ablativum
633 4513 722 4583 modi,
744 4515 788 4571 si-

94 4598 278 4658 militudine
286 4621 297 4675 ,·
321 4618 375 4677 pro
391 4618 451 4677 quo
464 4599 560 4677 Syrus
572 4599 677 4658 vertit:
692 4601 728 4658 in
744 4601 788 4658 si·

93 4686 283 4748 militudine.
306 4683 418 4745 Verum
439 4685 563 4758 Paulus,
586 4683 705 4747 modum
728 4685 787 4766 sig·

599 270 883 325 commisisses
902 270 968 325 CAP.
985 269 1023 324 Vl

834 449 958 509 nificare
973 450 1080 510 volens
1094 450 1151 510 hoc
1165 448 1326 522 vocabulo,
1345 464 1408 506 sem
1433 463 1465 503 er
1481 441 1531 503 sd·

833 533 904 594 dere
921 535 998 595 solet
1012 538 1274 616 praepositionem,
1297 526 1328 593 ὲν
1344 540 1399 591 ant
1410 465 1475 605 lui,
1499 535 1534 589 nt

833 641 925 700 supra
947 643 1012 701 cap.
1038 627 1064 682 l.
1088 633 1117 683 et
1139 626 1183 693 5.,
1207 631 1236 681 et
1259 621 1337 681 infra
1360 639 1427 697 cap.
1451 617 1481 676 8.
1503 620 1534 677 st

832 708 945 786 Philip.
963 710 992 766 2.
1016 708 1107 787 Quod
1124 730 1192 769 cum
1208 708 1258 768 hic
1277 705 1393 768 iactum
1408 702 1533 775 nonsit,

833 795 945 872 optime
960 794 1108 856 redditum
1124 805 1199 875 puto
1214 815 1233 854 a
1247 803 1349 854 nostro
1365 792 1533 869 interprete

833 877 978 953 dativum,
990 882 1197 942 similitudini
1202 906 1217 979 ἰ·
1228 881 1359 941 maxime
1370 876 1455 956 qnod
1463 893 1533 935 enm

832 985 935 1024 casum
951 969 1055 1046 exigat
1070 967 1161 1028 dictio
1177 982 1332 1043 υυμφυτοι.
1356 965 1436 1024 Nam
1450 958 1534 1041 quod

832 1052 977 1113 Erasmus
990 1055 1111 1135 supplet
1126 1055 1184 1115 hoc
1198 1050 1303 1112 modos
1326 1053 1362 1113 st
1376 1051 1464 1109 enim
1479 1050 1534 1107 in·

831 1140 925 1197 sitisti
935 1140 1016 1215 facti
1026 1159 1133 1201 sumam
1148 1141 1207 1214 illi,
1225 1138 1256 1198 id
1268 1148 1316 1201 ast
1327 1136 1461 1206 Christo,
1473 1151 1541 1212 per·

832 1226 1073 1286 similitudinem
1085 1229 1196 1288 mortis
1207 1231 1284 1300 sius,
1302 1230 1443 1285 coactum
1457 1220 1531 1282 mihi

831 1310 958 1371 videtur.
974 1313 1039 1373 Nec
1054 1314 1133 1373 solet
1142 1313 1257 1372 Paulus
1268 1307 1444 1391 hujusmodi
1456 1306 1533 1381 rela-

832 1399 928 1457 tivum
940 1400 1069 1459 reticere
1083 1420 1121 1460 ac
1135 1398 1334 1479 supplendum
1348 1396 1534 1473 relinquere.

875 1484 1029 1545 Posterius
1051 1486 1216 1546 membrum
1238 1487 1269 1544 in
1284 1483 1402 1545 Graeco
1422 1483 1467 1541 sic
1481 1480 1535 1540 hs·

832 1569 900 1629 bet:
922 1572 976 1631 sed
991 1580 1020 1631 et
1034 1574 1275 1633 resurrectionis
1290 1573 1419 1645 erimus,
1441 1575 1534 1646 atque

834 1659 877 1716 its
889 1657 1196 1720 citat-Tertullianus.
1212 1659 1273 1718 Ubi
1284 1657 1338 1717 sed
1349 1673 1403 1736 per
1415 1654 1533 1732 utique,

833 1763 913 1816 sane,
937 1745 1037 1823 igitur,
1060 1744 1270 1824 exponendum
1293 1751 1345 1803 est
1376 1743 1534 1818 Interpres

832 1829 977 1908 vulgatus
998 1852 1053 1910 pro
1070 1824 1154 1889 ἀλλὰ
1175 1832 1250 1911 legit
1273 1822 1349 1905 ἅμα,
1372 1847 1481 1888 vocem
1496 1826 1533 1886 si·

833 1916 941 1977 milem.
965 1917 1052 1977 Haec
1066 1919 1171 1979 eadem
1194 1938 1264 1997 pars
1279 1935 1319 1977 ex
1333 1916 1428 1995 priori
1443 1933 1533 1973 mem·

833 2004 887 2063 hro
903 2005 945 2063 ita
960 2006 1155 2083 suppleatur:
1178 2003 1240 2064 Sed
1255 2013 1286 2063 et
1300 1999 1531 2062 resurrectionis

834 2092 944 2150 erimus
959 2091 1148 2152 similitudini
1168 2089 1374 2169 complantati.

878 2177 991 2237 Sensus
1007 2178 1099 2257 igitur
1120 2178 1213 2255 hujus
1231 2174 1350 2256 periodi
1365 2182 1427 2235 est:
1451 2172 1533 2233 Nam

834 2264 860 2322 si
875 2283 957 2322 more
981 2263 1174 2335 surculorum,
1197 2264 1250 2342 qui
1273 2261 1373 2322 arbori
1396 2262 1532 2320 inserun-

834 2361 891 2420 tur,
913 2359 947 2408 ut
962 2350 1032 2409 indo
1047 2369 1167 2410 succum
1183 2348 1312 2417 trahant,
1331 2349 1414 2409 insiti
1430 2362 1533 2405 snmus

835 2437 922 2495 morti
941 2433 1062 2509 Christi,
1084 2437 1171 2514 cujus
1194 2433 1420 2495 similitudinem
1439 2432 1532 2512 gessi·

834 2542 899 2582 mus
926 2523 955 2582 in
980 2522 1145 2601 baptismo,
1176 2529 1208 2583 et
1232 2542 1286 2602 per
1311 2523 1368 2581 hoc
1393 2518 1531 2598 ejusdem

835 2610 937 2668 mortis
953 2610 1049 2669 effecti
1064 2610 1226 2688 participes
1240 2609 1271 2667 in
1287 2628 1331 2680 eo,
1353 2606 1436 2687 quod
1456 2624 1532 2664 mor·

834 2697 880 2756 tui
896 2715 999 2756 sumus
1015 2697 1154 2775 peccatis,
1176 2694 1311 2774 profecto
1327 2695 1420 2754 etism
1434 2710 1533 2751 resur·

834 2783 976 2843 rectionis
991 2782 1102 2842 Christi
1114 2783 1277 2862 participes
1293 2781 1369 2840 effici
1381 2779 1533 2847 debemus,

834 2877 980 2946 tanquam
1005 2878 1034 2927 et
1057 2868 1128 2928 hnic
1150 2869 1245 2941 insiti,
1268 2869 1355 2945 cujus
1377 2883 1479 2946 seque
1502 2865 1533 2924 in

834 2956 983 3034 baptismo
1010 2953 1236 3014 similitudinem
1260 2955 1420 3032 gessimus.
1451 2950 1532 3011 Nam

835 3043 914 3100 sicut
936 3042 1131 3112 immersione,
1155 3060 1235 3120 quae
1258 3040 1294 3098 fit
1315 3042 1347 3099 in
1371 3039 1532 3120 baptismo,

836 3128 1058 3205 configuramur
1080 3127 1198 3188 Christo
1219 3135 1334 3186 mortuo
1356 3134 1385 3185 et
1401 3123 1532 3204 sepulto,

836 3216 878 3273 ita
890 3215 1020 3274 vicissim
1032 3215 1198 3273 emersione
1210 3214 1436 3292 configuramur
1447 3209 1532 3271 Chri·

836 3310 880 3361 sto
897 3301 1073 3378 resurgenti.
1098 3299 1189 3378 Quod
1212 3302 1237 3359 si
1260 3309 1362 3361 autem
1380 3316 1533 3358 resurrec-

835 3389 923 3447 tionis
950 3385 1060 3447 Christi
1089 3388 1250 3466 participes
1281 3405 1345 3446 esse
1375 3385 1533 3453 debemus,

835 3475 925 3552 igitur
940 3475 969 3533 in
989 3474 1121 3533 novitate
1144 3475 1231 3544 vitae,
1253 3493 1344 3553 quarn
1360 3470 1474 3531 Christi
1488 3489 1532 3531 re-

836 3561 978 3619 surrectio
987 3559 1143 3638 significat,
1155 3558 1371 3620 ambulandum
1380 3558 1469 3618 nohis
1478 3568 1533 3617 est

880 3648 907 3705 6.
937 3647 1005 3705 Hoc
1034 3649 1180 3720 scientes,
1215 3649 1293 3722 quio
1321 3652 1410 3705 ‘uetus
1440 3646 1534 3704 homo

837 3740 943 3792 noster
954 3732 1047 3792 simiel
1059 3735 1228 3810 crucifixus
1240 3739 1290 3792 est.
1307 3730 1536 3810 significantius

836 3820 866 3878 in
883 3818 1015 3879 Graeco:
1036 3813 1285 3896 συνεσταυρώθη,
1302 3817 1536 3894 cocomarium

837 3913 890 3980 est,
906 3915 1050 3983 tanquam
1066 3905 1145 3966 dicat
1160 3905 1257 3966 eidem
1273 3906 1353 3965 cruci
1365 3903 1455 3964 simul
1473 3901 1535 3963 affi-

837 4012 916 4063 xum,
938 3990 1082 4051 videlicet
1103 4012 1169 4051 cum
1187 3990 1318 4051 Christo.
1341 3990 1433 4049 Nunc
1455 3990 1537 4050 enim

837 4099 875 4138 ex
889 4080 956 4157 ipsa
969 4077 1081 4138 Christi
1094 4079 1287 4138 crucifixione
1303 4086 1536 4155 argumentatur,

837 4185 896 4225 uon
908 4185 973 4225 esse
984 4165 1161 4224 manendum
1175 4165 1355 4245 inpeccatis.
1378 4164 1441 4223 Per
1454 4163 1537 4223 illam

837 4253 913 4311 euim
936 4251 1103 4331 figuraliter
1125 4258 1352 4330 repraesentata
1374 4258 1421 4309 est
1441 4247 1537 4310 cruci·

837 4335 1536 4398 fixioetmortificatioveterishominisinnobis.

880 4427 1008 4486 Sensus:
1032 4422 1109 4485 Cum
1125 4435 1155 4485 et
1171 4425 1228 4484 hoc
1243 4424 1384 4493 sciamus,
1400 4434 1537 4483 veterem

837 4511 984 4571 hominem
1006 4521 1139 4572 nostrum
1160 4531 1220 4570 una
1243 4529 1311 4568 cum
1328 4507 1449 4570 Christo
1466 4505 1537 4585 (sci-

837 4598 907 4657 licet
925 4599 956 4658 in
979 4610 1053 4677 typo
1074 4618 1127 4658 sen
1147 4593 1440 4676 repraesentatione)
1458 4593 1536 4656 cruci

840 4684 960 4747 affixum
988 4693 1018 4744 et
1041 4685 1251 4747 mortificatum
1282 4701 1359 4743 esse.
1394 4682 1538 4744 Veterem
