3270 5182
473 272 637 328 armatas
654 273 695 329 All
713 269 865 329 utulate.
890 270 974 328 mis.
995 275 1034 328 18.
1055 277 1094 328 rt.
1434 281 1504 348 173

96 449 195 509 Porro
211 449 302 509 etiarn
327 468 367 509 ex
390 451 445 510 hoc
468 450 534 510 loco
549 451 691 510 meritum
705 451 756 510 bo·
809 469 847 509 ex
859 451 1081 530 operisuatura‚
1096 450 1234 510 nimirum
1246 449 1369 511 seclusa
1379 451 1506 529 promis·

56 555 161 596 norum
174 554 302 616 opernm
315 536 656 618 oppugnanthaeretici.
679 537 756 596 Nam
808 536 902 596 sione.
926 536 1022 597 Nobis
1044 539 1125 616 prior
1148 536 1296 616 expositio
1318 538 1416 616 magia
1439 556 1505 615 pro·

55 624 194 682 meritum
207 642 276 681 cum
285 623 423 683 mercede
431 631 636 703 comparatum
645 643 757 701 aequa·
809 622 905 682 batur.
928 623 1076 684 Absolute
1092 626 1170 682 enim
1192 623 1326 704 loquitur
1340 622 1505 702 Apostolus

54 711 173 769 litatem
191 726 247 768 seu
271 709 506 790 condignitatem
522 709 675 790 quandam
690 730 757 790 pos·
807 707 845 768 de
860 710 1050 789 passionibus
1066 719 1242 783 sanctorum,
1258 718 1288 768 et
1299 728 1421 771 sensum
1438 710 1504 788 ejus

56 796 138 856 tulat
169 794 286 855 Verum
309 798 387 876 quid
409 797 458 856 bic
484 797 560 857 velit
584 796 757 878 Apostolus,
808 794 1029 856 declaravimus
1042 816 1079 854 ex
1092 796 1158 856 eliis
1173 797 1269 876 ipsius
1284 797 1393 857 verbis.
1417 794 1506 855 Unde

56 882 144 943 facile
158 891 211 942 est
227 882 397 963 intelligere
413 904 450 944 ex
466 884 526 943 alio
542 883 617 953 loeo,
641 885 693 964 qui
711 888 758 942 est
806 902 863 941 nec
889 882 981 962 Hugo
1009 883 1181 942 Victorinus
1210 893 1339 943 mentem
1366 881 1504 962 Apostoli

58 967 160 1030 scor.
178 971 217 1041 4.,
233 968 285 1028 ubi
300 972 344 1029 sio
359 970 417 1029 ait:
441 971 491 1044 ld,
508 970 594 1047 qaod
608 973 644 1030 ia
657 987 757 1046 prae·
808 967 925 1028 videtur
936 979 1104 1044 assecutus·
1114 988 1209 1049 quum
1221 989 1341 1030 sensum
1354 988 1420 1029 ease
1431 969 1504 1040 vult,

56 1061 136 1116 reati
150 1062 197 1115 est
210 1064 469 1116 momentaneum
492 1064 522 1115 et
537 1058 603 1116 leve
618 1056 757 1116 tribula·
806 1065 1076 1134 operasanctorum
1088 1057 1131 1114 ad
1143 1063 1209 1115 tam
1221 1057 1422 1116 excellentem
1433 1057 1503 1130 pto·

56 1147 151 1203 uenia
173 1146 314 1219 nostrae,
337 1161 437 1219 supra
458 1144 589 1204 modam
605 1146 641 1204 iu
658 1142 757 1202 subli-
805 1145 888 1200 rtam
906 1144 1155 1218 promerandam
1170 1162 1237 1204 aaa
1253 1163 1315 1204 ease
1330 1142 1504 1219 eoudipau,

57 1233 165 1289 oritate
177 1234 345 1290 aeternam
359 1231 482 1305 ploriae
495 1230 625 1306 pondus
640 1248 755 1306 opera·
806 1233 884 1304 qaia
910 1230 996 1290 Deus
1023 1248 1060 1290 ex
1085 1248 1144 1289 sara
1170 1233 1279 1305 pratia
1309 1229 1505 1306 superaddet

56 1327 106 1377 tur
119 1321 159 1377 ira
174 1314 276 1376 uotis.
298 1316 396 1397 Igitur
406 1316 566 1377 secundum
579 1316 756 1396 Apostolum
802 1315 885 1390 plus,
910 1334 1007 1392 qaam
1025 1324 1220 1377 meruemat.
1244 1316 1326 1377 Nam
1345 1318 1401 1376 etsi
1417 1317 1505 1376 Deus

55 1426 112 1465 non
129 1411 202 1464 snut
215 1399 392 1483 condignae,
409 1405 473 1463 sive
485 1423 583 1483 pares,
599 1423 663 1464 arve
676 1421 755 1462 com·
803 1421 864 1461 non
878 1401 947 1482 plus
962 1402 1187 1482 superadderet.
1203 1402 1234 1463 id
1250 1412 1304 1475 est,
1327 1422 1388 1463 non
1411 1422 1505 1482 snpra

56 1490 209 1572 parabiles
224 1488 319 1568 hujus
334 1490 448 1549 saeculi
463 1491 621 1569 passiones
638 1489 677 1550 ad
692 1490 754 1568 glo·
804 1488 985 1569 condignum
1000 1508 1092 1569 opera
1104 1501 1275 1550 sanctorum
1289 1498 1504 1562 remuneraret,

57 1582 125 1638 riam
141 1575 240 1636 inturi
257 1576 387 1652 saeculi3
410 1585 558 1658 quatenns
579 1577 650 1637 illae
670 1576 755 1636 leves
803 1595 908 1635 verum
934 1586 1034 1636 tamen
1056 1584 1191 1636 maneret
1218 1597 1257 1637 ex
1280 1587 1379 1639 mente
1402 1576 1504 1649 Pauli,

60 1673 123 1725 sunt
138 1674 173 1725 et
196 1672 432 1738 momentaneae,
457 1684 523 1723 curn
545 1663 652 1742 gloria,
676 1682 755 1744 quae
804 1664 877 1722 satis
900 1662 1060 1742 explicate,
1088 1684 1147 1723 non
1169 1683 1235 1723 esse
1260 1663 1425 1743 condignas
1447 1682 1504 1723 sen

58 1770 144 1831 supra
159 1748 283 1810 modum
296 1770 405 1830 magna
418 1757 466 1809 est
477 1759 510 1810 et
523 1758 657 1823 aeterna,
673 1770 752 1809 com·
803 1769 892 1828 pares
915 1749 1008 1827 hujus
1029 1751 1172 1830 temporis
1196 1751 1348 1830 passiones
1372 1749 1412 1810 ad
1435 1751 1502 1829 glo-

58 1847 196 1918 paratae3
228 1854 306 1919 quae
331 1845 432 1897 tamen
460 1856 497 1897 aa
522 1837 619 1916 gloria
645 1836 755 1916 dignae
802 1837 877 1894 riam
892 1834 1033 1896 futuram.

58 1934 129 1996 snut,
141 1942 275 2004 eamque
285 1930 500 2002 promerentur,
513 1933 662 2003 quatenus
672 1923 755 1982 illam
849 1927 896 1983 19.
920 1923 1003 1982 Nam
1019 1926 1208 1999 exspectatio
1229 1931 1395 1986 creaturae
1411 1943 1503 1984 reve·

59 2013 138 2071 velut
164 2011 358 2070 mustitutam
384 2019 413 2069 et
437 2012 614 2090 promissam
641 2028 659 2069 a
686 2010 754 2069 Deo
803 2010 954 2069 lationem
980 2008 1122 2085 filioram
1145 2013 1207 2071 Det
1233 2019 1398 2086 exspectat.
1430 2010 1503 2091 Quo

59 2097 225 2159 mercedem
252 2096 339 2157 nobis
374 2104 536 2177 operantur
562 2104 592 2154 et
618 2099 754 2175 pariunt3
802 2097 898 2175 magia
914 2095 1103 2157 commendet
1120 2097 1235 2176 gloriae
1250 2095 1372 2158 futurae
1387 2099 1502 2176 magni·

61 2183 207 2264 quomodo
234 2183 384 2244 modicum
410 2203 515 2242 aurum
537 2184 621 2242 valet
643 2201 754 2263 equum
802 2182 951 2250 tudinem,
982 2186 1202 2263 prosopopoeia
1234 2183 1368 2264 quadam
1398 2187 1501 2256 utitur,

62 2281 107 2330 ant
128 2271 250 2342 bovem,
276 2289 314 2330 ex
335 2270 521 2330 institutione
547 2279 578 2329 et
600 2278 688 2347 paeto
703 2269 754 2326 bo·
802 2270 919 2348 fingens
935 2278 1108 2342 creaturam,
1132 2268 1162 2329 id
1178 2279 1233 2342 est,
1249 2270 1402 2344 mnndum,
1418 2271 1503 2331 velut

62 2361 176 2430 ninum,
199 2376 267 2416 eum
289 2357 328 2416 sit
350 2356 463 2436 alioqui
485 2365 515 2415 et
537 2355 702 2437 quantitate
725 2363 756 2414 et
801 2376 960 2435 personam
976 2376 1084 2434 magno
1100 2355 1250 2417 desiderio
1266 2365 1503 2435 exspectantem,

63 2454 180 2504 naturae
207 2444 392 2523 praestantia
414 2443 507 2502 multo
529 2445 634 2502 minus.
665 2442 755 2503 Certe
802 2442 873 2501 dum
890 2461 927 2500 ea
942 2440 1039 2519 gloria
1061 2443 1091 2501 in
1112 2442 1205 2513 nobis,
1229 2443 1289 2503 Dei
1305 2442 1385 2515 liliis,
1406 2445 1501 2504 mani·

67 2550 165 2610 segne
180 2551 243 2590 uon
258 2537 383 2608 possunt
397 2529 572 2601 adversarii,
595 2530 669 2609 quin
684 2547 754 2609 pec·
801 2528 936 2600 foetetur,
951 2536 985 2586 ut
1000 2538 1028 2587 et
1050 2529 1117 2609 ipsa
1139 2528 1253 2608 gloriae
1273 2532 1424 2609 particeps
1438 2528 1501 2590 flat

67 2627 119 2678 tata
129 2624 308 2677 mereantur
319 2634 449 2695 poenam
462 2617 540 2694 iguis
552 2615 675 2686 aeterni,
688 2634 754 2674 cum
803 2615 874 2695 Qua
889 2633 922 2674 re
938 2616 1026 2674 simul
1047 2617 1151 2688 innuit,
1176 2615 1256 2695 quod
1280 2615 1353 2676 alibi
1368 2618 1502 2695 apertius

66 2712 152 2764 umen
175 2702 270 2781 hujus
292 2702 407 2761 saeculi
428 2702 618 2782 voluptates,
644 2701 755 2780 quibus
803 2702 899 2774 docet,
916 2701 1016 2760 omnia
1031 2721 1098 2761 esse
1113 2709 1144 2762 et
1157 2702 1221 2762 fieri
1237 2712 1359 2782 propter
1375 2701 1502 2778 electos,

66 2798 209 2868 peccatur,
233 2807 427 2868 nequaquem
443 2807 530 2869 pares
546 2790 607 2848 sint
622 2787 666 2848 illi
682 2807 751 2866 poe·
802 2797 836 2848 nt
854 2792 870 2847 1
888 2787 956 2847 Oor.
973 2790 1000 2848 3.
1018 2795 1050 2847 et
1066 2792 1084 2848 2
1101 2787 1180 2847 Tim.
1198 2792 1226 2850 2.

10 2928 12 2933 ,
65 2895 110 2938 uae
124 2876 178 2937 vel
194 2874 402 2954 magnitudine
417 2875 468 2936 vel
484 2875 688 2935 diuturnitate.
846 2872 1012 2952 Cajetanus
1029 2873 1151 2953 quidem
1167 2885 1332 2935 creaturam
1355 2876 1412 2935 boc
1433 2874 1500 2935 loeo

10 2970 14 3017 t
97 2962 210 3042 Itaque
232 2960 376 3034 dicimus,
400 2963 458 3022 etsi
480 2964 637 3041 passiones
665 2961 754 3039 hujus
803 2963 896 3021 solam
909 2959 1233 3039 intelligithumanam,
1248 2961 1344 3034 idest,
1356 2962 1502 3035 homines,

10 3056 18 3119 ¹,-
66 3049 177 3122 saeculi,
201 3050 228 3107 si
255 3045 432 3127 magnitudo
460 3067 562 3107 earum
586 3056 616 3108 et
636 3047 755 3107 duratio
803 3058 833 3107 et
848 3043 1190 3126 (quodpostearlicitur)
1206 3056 1502 3108 omnemoreatnram

10 3126 20 3207 Ξ
65 3143 215 3214 spectetur,
236 3153 297 3194 non
319 3133 521 3212 respondeant
543 3134 660 3213 gloriae
674 3135 754 3192 futu·
803 3133 936 3214 exponit,
960 3153 1062 3194 ornnes
1078 3135 1215 3193 nationes
1234 3133 1403 3209 hominum3
1426 3153 1500 3214 quo·

65 3242 113 3295 rac,
127 3224 246 3282 virtute
260 3230 360 3280 tamen
384 3228 414 3279 et
435 3221 540 3280 valore
565 3216 678 3301 (quiin
694 3220 754 3279 Dei
802 3219 891 3279 modo
913 3217 1025 3279 dictum
1049 3229 1112 3279 est:
1135 3221 1323 3280 Praedicate
1349 3223 1502 3296 Evaupe·

10 3300 18 3369 i
65 3308 252 3385 promissione
280 3304 435 3383 fundatur)
461 3306 660 3387 respondere3
683 3325 754 3386 quo·
803 3309 881 3366 liam
897 3311 987 3366 omni
999 3314 1173 3366 erraterrat.
1189 3307 1282 3365 Marc.
1296 3311 1342 3370 16.
1360 3306 1422 3386 Qui
1435 3326 1499 3367 seu·

64 3393 158 3468 uodo,
187 3413 226 3455 ex
248 3393 434 3454 institutione
457 3402 489 3453 et
510 3400 600 3474 pacto
622 3390 753 3472 quodam
802 3413 853 3452 sus
868 3393 960 3452 etiam
984 3391 1065 3472 apud
1080 3394 1287 3472 Augustinum
1307 3402 1360 3465 est,
1386 3403 1448 3454 tum
1471 3395 1502 3454 in

10 3480 12 3521 ἕ
63 3490 191 3553 naturae,
208 3500 310 3540 semen
326 3480 427 3541 arbori
442 3479 610 3560 respondet,
627 3497 754 3560 eamque
803 3479 991 3558 expositione
1006 3481 1175 3559 praesentis
1191 3480 1256 3551 loci,
1277 3488 1339 3539 tum
1356 3481 1447 3554 alihiq
1470 3489 1502 3541 ut

62 3568 167 3628 umute
183 3567 325 3627 continet.
348 3565 429 3625 Illud
449 3585 571 3647 qnoque
588 3565 753 3635 considera,
802 3585 885 3625 conc.
903 3568 950 3625 12.
966 3584 1058 3645 snper
1072 3566 1183 3625 Psalm.
1201 3567 1279 3640 118,
1303 3564 1378 3626 libro
1398 3576 1501 3629 contra

62 3673 112 3715 uon
127 3653 231 3714 dicere
245 3652 433 3734 Apostolum,
456 3661 574 3713 nostras
594 3653 688 3712 bonas
704 3672 752 3711 ac·
802 3651 931 3712 Priscill.
945 3659 974 3711 et
983 3650 1170 3730 Origenistas
1186 3651 1226 3712 arl
1235 3652 1375 3714 Orosinm
1388 3656 1499 3734 scripto

60 3741 152 3801 tiones
168 3758 230 3800 non
251 3759 318 3800 esse
333 3738 439 3819 dignas
456 3739 558 3798 futura
572 3740 677 3819 gloria,
700 3737 752 3797 sed
802 3758 866 3819 cap.
883 3739 921 3812 8.,
937 3746 968 3799 et
983 3747 1099 3818 quaest
1116 3738 1165 3801 67.
1183 3741 1265 3799 inter.
1282 3741 1332 3799 83.
1356 3741 1501 3820 Denique

59 3825 144 3906 bujrrs
160 3825 277 3887 uecnli
299 3827 455 3905 passiones
478 3846 538 3885 non
561 3845 629 3885 esse
645 3825 753 3904 dignas
803 3833 833 3885 et
848 3823 931 3905 apud
946 3826 1107 3904 Hngonem
1124 3834 1240 3906 quaest.
1256 3827 1328 3887 204.

58 3931 105 3972 seu
122 3912 291 3992 condignas
315 3910 354 3972 ad
369 3912 501 3971 iuturam
516 3911 649 3991 gloriam.
674 3910 752 3970 Con·
844 3911 1250 3990 Verumhujusmodisensus
1258 3915 1412 3976 contextui
1420 3913 1499 3974 Pau·

57 3998 112 4060 lert
126 4001 219 4073 enim,
238 4000 283 4058 uti
299 3998 410 4059 dictum
426 4006 479 4071 est,
502 3999 702 4058 intensionem
718 4016 753 4056 ac
802 3998 864 4057 lino
878 4017 984 4078 parum
1000 3997 1156 4059 commode
1167 4009 1266 4079 potest
1281 4001 1386 4080 aptari.
1410 3998 1500 4060 Certe

56 4106 168 4147 moram
195 4084 368 4148 acerbitatis
395 4087 596 4163 praesentium
620 4085 753 4143 afflictio·
802 4084 916 4144 Paulus
933 4087 963 4144 in
979 4085 1036 4145 hac
1059 4085 1163 4146 eadem
1186 4088 1270 4166 epist.
1288 4105 1353 4166 cap.
1373 4093 1399 4146 1.
1416 4106 1500 4146 crea·

56 4194 125 4234 num
141 4192 209 4233 cum
223 4173 396 4233 intensione
420 4192 456 4232 ac
471 4191 555 4232 mora
570 4170 676 4251 gaudii
691 4170 752 4249 glo·
802 4180 900 4231 turam
915 4172 1099 4250 generaliter
1110 4176 1228 4251 accepit
1238 4173 1329 4232 semel
1341 4180 1371 4232 et
1383 4176 1500 4234 iterum.

56 4263 116 4322 riae
137 4259 277 4333 nusae,
300 4260 377 4319 inter
399 4277 481 4338 quae
503 4266 584 4318 certe
604 4257 689 4317 nulla
710 4264 755 4317 eat
802 4258 867 4317 Imo
880 4266 911 4317 et
921 4257 979 4317 hoc
990 4259 1056 4337 ipso
1068 4262 1167 4338 capite
1178 4258 1358 4338 generaliter
1374 4279 1441 4319 eam
1455 4261 1499 4319 in*

55 4348 246 4428 comparatio.
278 4345 356 4405 'Pale
381 4352 480 4405 estet
503 4343 578 4404 illud
602 4343 640 4403 de
663 4343 753 4421 justis
802 4344 920 4423 telligit,
935 4364 1004 4404 cum
1020 4344 1107 4405 dicit:
1129 4348 1237 4421 Neque
1261 4352 1410 4406 creatura
1432 4347 1500 4406 alia

54 4434 228 4514 Sapientiae
242 4433 287 4492 A:
304 4432 346 4491 la
357 4434 471 4507 paucis
483 4433 601 4505 vexati,
617 4434 653 4490 tn
668 4431 755 4490 mul·
800 4433 920 4508 poterit
945 4448 1002 4491 uos
1027 4449 1177 4507 separare
1204 4450 1224 4490 α
1249 4432 1404 4491 ctoritate
1428 4435 1498 4493 Dei.

53 4525 92 4582 tir
105 4522 186 4581 berae
202 4520 422 4594 dtrporr'eutur.
803 4516 922 4578 Graeca
947 4536 1010 4577 rox
1034 4510 1277 4592 ἀποκαραδοκία,
1301 4536 1355 4596 pro
1379 4538 1442 4597 qua
1465 4521 1497 4580 in

96 4601 231 4687 Quidam
244 4605 290 4665 sie
300 4611 456 4686 exponunt
469 4603 664 4683 Apostolum:
681 4604 755 4664 Noa
802 4612 904 4664 nostra
916 4605 1055 4664 versione
1070 4610 1125 4676 est,
1140 4604 1339 4680 exspectatio,
1355 4608 1415 4664 non
1430 4606 1499 4665 aim·

51 4703 127 4757 aaut
148 4693 341 4768 coadipssaa,
365 4691 391 4751 si
413 4691 444 4751 in
466 4710 499 4752 se
520 4696 702 4770 spectentur,
725 4697 756 4751 et
802 4689 920 4771 pliciter
934 4689 1191 4769 exspectationem
1207 4688 1365 4770 significat,
1379 4690 1436 4752 acri
1449 4710 1500 4752 ve·
