3270 5182
134 272 211 339 ³20
537 301 542 311 .
586 292 592 297 -
625 262 875 345 -souusursmos
892 260 929 317 ut.
942 224 1007 318 cir.
1023 263 1085 317 nv.

131 438 260 501 terelle
273 438 407 519 profiteri
420 438 516 500 libero
531 437 663 501 ubomm
677 458 741 500 usu.
762 438 827 501 fle·
876 460 953 514 eum,
979 439 1070 519 quale
1094 440 1174 500 eires
1201 450 1287 502 susm
1310 441 1459 503 sotionem
1482 439 1575 503 hehet

132 527 237 608 quitur
251 527 426 605 responsio:
876 529 967 589 etism
990 525 1051 599 ille,
1075 529 1127 607 qui
1153 535 1258 587 eontra
1273 528 1574 608 mmsimdsnsgis

143 640 154 649 ·
175 614 277 673 Pmss
298 615 496 688 temetipsum
517 611 596 672 nobs
619 630 728 672 eoram
748 614 826 673 Deo.
875 614 923 673 Its
937 615 1076 692 sequenti
1091 615 1206 693 eapite:
1227 614 1454 674 Proboosrust
1468 614 1575 677 nass-

131 697 169 759 Id
185 707 246 759 est:
269 698 402 759 Sufficiet
420 699 484 773 tibi,
505 696 588 778 quod
613 698 702 759 iidem
717 707 828 758 reotsm
877 702 978 760 donia
1001 707 1029 758 st
1051 701 1184 775 Achaia,
1208 701 1413 761 collationem
1429 701 1577 778 utiquam

132 783 171 845 ds
191 784 268 846 oibis
288 785 402 846 habeas
421 783 505 865 opud
525 786 655 864 teipsum
681 787 712 844 in
728 787 828 845 snimo
875 789 995 864 faeere,
1019 786 1051 846 id
1066 795 1121 858 est,
1140 788 1206 867 jem
1221 795 1399 865 stetueruut,
1421 787 1574 848 eoneluse·

133 881 165 932 et
191 891 291 933 eorum
305 872 382 945 Deo,
405 874 458 952 qui
479 871 563 931 videt
586 873 617 931 iu
639 871 773 948 oneulto;
796 880 829 930 ut
877 882 952 947 runt,
967 871 999 932 id
1014 875 1172 952 egendum.

131 977 191 1019 uon
214 977 282 1019 esm
304 957 415 1037 prodes
431 976 498 1019 cum
521 957 703 1019 offendiculo
718 958 827 1018 nanu.
920 959 1073 1020 sententis
1095 959 1194 1033 Pauli,
1221 958 1472 1039 quemadmodum
1498 960 1575 1022 bene

130 1043 201 1103 Non
222 1045 301 1104 euim
322 1046 414 1106 sentit
427 1045 601 1123 Apostolus,
623 1045 737 1105 licitum
761 1064 830 1105 esse
877 1045 1018 1107 admonet
1039 1046 1069 1106 S.
1086 1046 1229 1120 Thomas,
1250 1048 1409 1107 veritetem
1431 1045 1527 1106 hebet
1545 1049 1575 1106 iu

132 1133 251 1211 suique,
260 1129 349 1190 fidem
361 1130 451 1191 eorde
464 1151 608 1211 premere,
621 1152 672 1192 ore
684 1141 785 1191 sutem
798 1138 829 1190 et
877 1133 967 1194 rebus
980 1132 1156 1211 simpliciter
1167 1133 1266 1205 linitis,
1278 1132 1369 1212 quale
1381 1141 1427 1192 est
1437 1140 1573 1213 tempore

131 1216 236 1278 fsetis'
250 1220 432 1279 eontrarium
459 1217 633 1293 ostendere,
661 1219 711 1278 vel
737 1218 828 1277 etism
877 1221 999 1299 grstiee,
1014 1218 1370 1299 suillsmuutleporinsm
1385 1219 1493 1279 edere:
1517 1239 1575 1280 nou

131 1302 322 1366 dissimulsre
336 1324 372 1365 se
386 1313 496 1380 tacere,
517 1304 569 1366 nbi
585 1304 735 1365 confessio
757 1303 829 1366 fidei
877 1307 908 1365 in
923 1306 1014 1366 rebus
1037 1305 1139 1365 divine
1161 1306 1366 1369 anthemum
1379 1306 1450 1385 lege
1465 1307 1573 1367 vetitis

131 1392 280 1471 exigitur:
306 1389 362 1451 sed
382 1391 457 1465 vult,
482 1400 516 1451 ut
536 1411 597 1451 non
618 1390 830 1473 imprudenter,
877 1391 915 1451 In
929 1393 977 1452 his
992 1394 1070 1453 enim
1094 1413 1154 1453 nou
1169 1399 1332 1459 exuuntur
1351 1412 1371 1451 s
1383 1399 1523 1472 peeosto,
1548 1394 1573 1450 si

131 1477 619 1559 intempestivesetemerefidem
631 1486 760 1541 nostrum
775 1485 830 1537 sut
877 1480 946 1559 quis
961 1478 1093 1558 seipsum
1107 1500 1167 1540 nou
1178 1477 1304 1559 judicet.
1339 1477 1402 1538 Ant
1416 1487 1501 1539 certe
1517 1476 1572 1540 for-

131 1563 224 1625 verbo
239 1564 435 1644 profiteamur
449 1572 504 1625 eut
513 1564 595 1625 furto
607 1566 778 1646 prodemus,
795 1571 830 1624 ut
877 1565 995 1627 meliter
1010 1565 1230 1646 accipiendum,
1246 1563 1328 1648 quod
1338 1564 1445 1627 beatus
1458 1562 1573 1634 dieitur.

131 1651 213 1730 spud
235 1670 298 1724 eos,
319 1651 428 1732 quibus
450 1651 504 1712 ills
524 1651 596 1713 fidei
618 1650 828 1724 manifestatio,
878 1655 932 1733 qui
955 1653 1153 1735 semetipsum
1175 1674 1235 1714 nou
1252 1651 1390 1733 judicet,
1413 1651 1518 1726 idest,
1545 1653 1574 1713 iu

131 1740 197 1800 sive
224 1747 346 1819 propter
376 1756 478 1798 eorum
507 1739 723 1812 infirmitatem,
760 1740 827 1799 sive
877 1747 1023 1821 quantum
1037 1741 1168 1821 seipsum
1182 1760 1250 1806 uon,
1253 1737 1379 1820 judicet.

132 1826 221 1886 etism
235 1833 360 1905 propter
382 1823 539 1900 melitium,
553 1826 713 1887 offensioni
729 1827 768 1886 sit
782 1823 827 1885 iu·
919 1827 989 1888 Seio
1011 1827 1089 1888 hune
1110 1837 1229 1907 purtem
1250 1826 1361 1889 multos
1383 1825 1574 1907 interpretari

130 1920 207 1985 turs,
227 1913 293 1972 sine
309 1915 552 1992 eompeusetions
566 1913 639 1983 boni
660 1913 827 1993 cujuspiam
875 1913 960 1976 velut
975 1912 1120 1974 directam
1142 1914 1182 1975 sd
1198 1917 1316 1976 srutrem
1331 1912 1503 1989 firmiorem,
1530 1912 1573 1972 oui

129 1998 269 2059 melioris.
296 1997 382 2059 Sicut
397 2000 520 2060 enimin
534 2000 601 2060 eliis
615 1998 769 2079 plerisque
782 2017 827 2058 re·
877 1999 1009 2062 dixerut:
1040 2003 1091 2062 Tu
1115 2001 1211 2078 fldem
1233 2001 1337 2075 Mose,
1365 2007 1422 2060 ete
1446 2018 1573 2080 quorum

129 2084 186 2146 bus
208 2086 319 2146 veritus
343 2105 402 2145 non
426 2104 545 2166 semper
566 2084 751 2167 propslunds
773 2091 828 2157 est,
877 2088 1080 2167 expositiones
1102 2086 1205 2164 (valde
1228 2086 1307 2148 euim
1331 2083 1467 2166 varient)
1494 2082 1573 2167 spud

131 2171 185 2233 ssd
204 2170 354 2232 interdum
377 2170 544 2250 prudenter
564 2171 726 2244 reticendo,
752 2191 827 2232 nun·
877 2173 1021 2249 Toletum
1032 2174 1137 2236 videre
1149 2182 1202 2234 est.
1226 2172 1302 2235 Mihi
1314 2181 1396 2234 certe
1405 2175 1570 2235 oosetiores

131 2274 223 2339 quem
238 2267 340 2319 sutem
354 2257 510 2337 negando:
526 2262 571 2321 sio
585 2269 615 2320 et
629 2261 663 2320 in
675 2260 828 2338 mysteriis
876 2259 1027 2322 videntur.
1056 2259 1151 2341 Atqui
1173 2268 1276 2320 nostre
1302 2260 1462 2341 expositio,
1486 2277 1573 2341 quun

131 2344 210 2405 iide’u
232 2344 315 2406 Hine
330 2353 361 2406 et
376 2344 422 2404 illi
436 2347 542 2408 merito
560 2345 828 2426 reprehenduntur,
877 2345 1001 2407 eundem
1028 2346 1151 2407 trudunt
1177 2345 1333 2426 Aquinus,
1359 2344 1523 2409 Riskelius
1547 2351 1573 2404 et

131 2433 184 2511 qui
201 2429 241 2491 sd
255 2430 344 2491 iidem
358 2431 557 2511 profitendum
573 2433 654 2493 ultro
676 2451 745 2492 sese
760 2451 827 2511 per·
877 2431 1050 2507 sineboldus,
1072 2433 1165 2514 plens
1188 2441 1235 2493 est
1257 2431 1340 2493 stud
1367 2431 1572 2494 instruendum

129 2516 313 2578 secutoribus
330 2519 480 2597 ingerunt.
509 2518 658 2598 Quodne
680 2517 743 2592 fist,
764 2517 827 2598 pio·
876 2519 1022 2581 infirmum
1045 2518 1112 2601 (qui
1133 2519 1222 2580 Psuli
1245 2537 1356 2599 scopus
1377 2514 1436 2592 est)
1458 2537 1569 2579 socom·

129 2602 198 2664 bem
214 2623 298 2664 susm
308 2602 452 2664 simonos
466 2602 640 2686 Cyprianus
658 2607 691 2666 in
706 2625 743 2666 es
756 2607 828 2684 Epi·
876 2605 1089 2667 modstissimu.
1131 2600 1174 2666 Et
1201 2605 1271 2665 huie
1299 2602 1470 2665 intellectui
1498 2604 1572 2664 bene

129 2689 216 2763 stols,
239 2709 330 2769 quem
352 2698 532 2770 postremum
547 2694 670 2772 scripsit
684 2692 828 2771 martyrio
877 2702 1020 2773 tsuquem
1032 2692 1159 2752 elterom
1171 2694 1338 2752 sententies
1351 2690 1520 2752 membrum
1530 2707 1570 2750 re

129 2776 266 2836 virinus:
278 2777 513 2853 apprehensus,
526 2780 633 2858 inquit,
651 2779 829 2839 sttroditsst
877 2778 1013 2859 spondet,
1029 2776 1111 2858 quod
1127 2779 1279 2858 sequitur:

131 2861 221 2939 ioqui
231 2861 338 2922 dedet:
349 2864 505 2939 siquidem
517 2867 553 2926 io
565 2865 656 2926 nobis
667 2867 829 2926 Dominus
920 2868 970 2927 23.
995 2866 1058 2942 (lui
1072 2871 1179 2925 autem
1203 2863 1364 2939 discernit,
1390 2866 1419 2924 si
1433 2862 1571 2925 mondu-

126 2949 243 3024 positis
264 2951 300 3009 in
320 2949 381 3009 illo
402 2950 484 3009 toro
506 2953 677 3028 loquentum,-
699 2955 755 3028 qui
769 2969 829 3012 nos
877 2954 1007 3024 raverit,
1038 2951 1211 3011 damnatus
1238 2957 1289 3010 est.
1327 2952 1389 3029 Qui
1415 2949 1572 3020 sesessit

130 3035 274 3113 conflari
297 3038 399 3111 mosis
424 3036 527 3097 vohsit
552 3058 649 3115 quom
674 3039 828 3116 profiteri.
877 3027 1275 3113 Graeceddtasprvdpesoc.
1290 3037 1571 3097 ErasmusetHen·

130 3119 299 3184 Profitetur
313 3123 402 3196 enim,
418 3124 470 3203 qui
485 3125 562 3186 ultro
578 3135 607 3185 et
618 3126 720 3205 pslsm
736 3143 828 3184 enun-
876 3124 984 3196 tenins,
1006 3125 1062 3200 qui
1076 3123 1245 3196 diiudicat,
1267 3133 1299 3183 ut
1314 3141 1418 3183 sensus
1434 3121 1571 3204 Apostoli

130 3208 204 3283 tistq
226 3209 393 3281 confitetur,
406 3210 461 3288 qui
472 3209 604 3290 loquitur
618 3213 829 3289 iuterrogatus.
877 3211 933 3270 sit:
957 3210 1021 3289 Qui
1040 3209 1139 3269 edhuo
1162 3208 1310 3288 dijudicet
1330 3210 1410 3270 iuter
1425 3209 1520 3282 eibos,
1542 3214 1573 3265 nt

130 3292 302 3356 Disorimsu
313 3297 403 3356 etism
413 3293 553 3358 Ciceroni
564 3298 699 3378 agnitum
710 3297 742 3357 in
754 3306 828 3356 oret
877 3296 929 3357 vel
946 3296 1014 3376 lege
1028 3296 1079 3356 vel
1093 3303 1202 3356 usturs
1216 3295 1295 3356 elios
1305 3302 1426 3375 reputet
1439 3295 1572 3363 mundos,

129 3399 184 3461 pro
200 3379 322 3442 Oseein.
355 3383 448 3443 Porro
470 3393 600 3444 mentem
622 3383 711 3444 Psuli
730 3384 829 3445 miuus
877 3383 955 3445 ulios
970 3381 1146 3454 immundos,
1170 3384 1195 3441 si
1211 3381 1376 3443 eibumsuo
1388 3381 1507 3459 judicio
1522 3383 1571 3442 im·

130 3470 351 3540 essecutisunt,
364 3471 416 3547 qui
424 3470 604 3550 porticulum
611 3488 708 3548 perses
719 3476 829 3529 temet·
876 3469 1017 3530 mundum
1025 3468 1128 3541 ederit,
1136 3475 1251 3548 peeost,
1260 3468 1572 3548 etpoenseobnoxius

129 3555 245 3630 ipsum,
265 3554 430 3631 sejunotsm
449 3557 571 3617 sverbo
584 3557 723 3637 sequenti
738 3542 828 3631 dolis,
876 3555 917 3616 fit.
941 3555 990 3615 Its
1004 3555 1069 3615 iere
1083 3555 1185 3614 Lutini
1201 3556 1388 3632 interpretes.
1422 3553 1488 3614 Alii
1510 3572 1572 3615 ver·

131 3641 318 3720 eonjungunt
331 3641 526 3720 praecedenti
540 3644 642 3704 dabre
877 3649 951 3713 tunt,
963 3645 1019 3718 qui
1026 3641 1170 3715 identat,
1183 3641 1324 3717 ambiqit,
1336 3658 1442 3700 seeum
1450 3641 1572 3717 dissep-

173 3730 294 3789 Brasos
318 3731 374 3804 qui
397 3747 465 3790 nos
481 3731 609 3804 iudicat
631 3733 829 3805 semetipsum
878 3736 934 3788 tot.
968 3728 1057 3807 Quae
1074 3727 1172 3788 versio
1195 3728 1281 3788 nobis
1302 3727 1457 3807 probetur.
1496 3726 1571 3787 Num

131 3814 167 3874 iss
183 3832 218 3875 so
229 3814 315 3891 qood
324 3816 459 3890 probos„
474 3816 649 3877 'l'ruusitud
660 3816 829 3877 iustrnotio-
878 3815 1000 3875 verbum
1023 3813 1151 3873 medium
1179 3808 1387 3891 διακρίνεσθαι
1406 3814 1523 3891 passim
1539 3813 1573 3872 iu

130 3918 200 3960 nem
224 3899 327 3962 fratris
352 3902 469 3974 infirmi,
495 3905 549 3982 qui
577 3902 724 3983 exemplo,
750 3903 829 3961 iorte
878 3902 1033 3980 seripturis
1045 3900 1231 3979 Apostolisis
1245 3897 1571 3978 hseeitsreeediseep·

131 3988 223 4047 etiem
238 3988 311 4068 gule
325 3996 507 4068 provocatus
522 3988 633 4050 edebst
645 3988 760 4050 suillam
778 3995 829 4049 sut
878 3996 944 4048 tsre
959 3986 1119 4066 significet,
1133 3997 1169 4047 ut
1182 3986 1290 4046 Mutth.
1306 3987 1357 4045 21.
1374 3992 1405 4044 et
1416 3984 1510 4047 Mers.
1527 3989 1571 4045 11.

132 4071 208 4152 quid
223 4074 307 4135 eliud
329 4074 398 4154 lege
424 4075 606 4154 prohibitum
629 4085 732 4136 contre
761 4094 827 4134 oon·
877 4077 912 4136 Si
926 4074 1098 4134 habueritis
1112 4074 1219 4155 fldem,
1240 4079 1269 4132 et
1283 4091 1352 4133 oon
1366 4073 1573 4133 doentoosri·

131 4160 304 4221 seientiam:
320 4162 424 4241 sieque
440 4159 557 4221 edendo
572 4161 727 4241 peoeubut.
751 4161 827 4220 Bes·
878 4164 925 4221 tis.
947 4160 1014 4221 Aet
1032 4162 1073 4219 10
1087 4167 1118 4219 et
1134 4164 1182 4219 11.
1217 4159 1306 4220 Nihil
1321 4158 1486 4232 dubitares,
1501 4160 1573 4221 duee

131 4251 180 4306 tus
191 4255 245 4321 eet,
257 4248 364 4327 iuquit,
376 4247 408 4307 id
419 4255 473 4320 est,
484 4247 562 4308 bens
570 4268 637 4309 eum
649 4247 702 4308 illo
719 4249 826 4327 egitur,
876 4251 987 4308 siturus.
998 4248 1064 4309 Jse.
1080 4251 1107 4306 1.
1123 4247 1308 4306 Postulstin
1318 4245 1391 4321 lide,
1404 4244 1490 4305 nihil
1499 4247 1573 4306 tos-

130 4334 203 4411 quie
216 4353 277 4394 non
289 4341 406 4414 penest,
421 4334 475 4414 qui
486 4336 618 4415 seipsum
629 4355 691 4395 non
703 4332 828 4413 judicet,
878 4338 986 4394 sitam
1010 4336 1072 4411 Qus·
1087 4336 1172 4392 enen
1187 4333 1332 4406 inuitat,
1348 4339 1406 4391 ete
1429 4332 1473 4392 Et
1487 4332 1574 4411 hujus

131 4417 163 4479 id
178 4427 233 4494 est,
248 4439 338 4501 quem
353 4421 475 4501 propris
486 4422 744 4482 eonscientienon
759 4440 827 4479 eon·
877 4420 1025 4500 epistolae
1048 4439 1115 4499 esp.
1137 4420 1166 4478 4.
1200 4421 1275 4479 Non
1296 4420 1465 4478 domtooit
1485 4419 1573 4497 diffl-

129 4503 254 4567 demunt
268 4508 299 4567 in
314 4527 351 4568 eo
367 4506 449 4587 quod
466 4507 616 4587 egendum
631 4507 726 4587 eligit.
750 4507 828 4566 Nem
877 4507 998 4566 dentis
1038 4506 1106 4585 Quo
1132 4503 1251 4565 secedit
1275 4514 1306 4566 et
1330 4503 1409 4564 illud
1432 4501 1574 4584 Apostoli

131 4591 224 4653 verbo
234 4592 382 4674 probandi
396 4593 446 4655 hie
456 4594 621 4674 significari
635 4593 756 4655 videtur
768 4593 827 4654 ele·
877 4592 995 4654 Judse:
1018 4593 1097 4654 eom
1112 4591 1248 4652 Mishosl
1263 4592 1484 4666 Ardsomslsst
1503 4609 1573 4655 m

131 4680 201 4754 etio,
225 4698 282 4741 ssu
296 4681 395 4759 meris
409 4679 545 4742 ultimum
560 4680 711 4762 judicium
721 4681 828 4762 prouti·
881 4679 1009 4740 diabolo
1018 4679 1195 4756 disputans,
1203 4679 1269 4740 sive
1276 4678 1572 4760 disosptosssflttm
