3270 5182
546 277 709 333 errsrorar
725 279 766 333 an
784 278 937 335 nonnos.
972 278 1057 332 vans.
1078 281 1118 333 ro.
1455 285 1500 352 93

52 453 216 527 foecunda,
238 474 339 514 veram
364 474 402 514 ex
425 472 612 533 quacumque
634 455 759 514 muliere
806 455 891 532 ginta
900 449 1106 529 (utsumamas
1118 463 1236 533 tempus
1249 456 1337 535 quasi
1346 453 1502 512 dimidium

54 542 93 602 ad
119 541 346 622 concipiendum
369 549 450 619 apta,
473 550 575 619 posset
597 540 673 600 filios
694 560 757 601 sus·
807 543 916 601 aetatis
931 538 1097 617 Abrahae),
1112 560 1308 621 nequaquam
1325 540 1364 600 ad
1378 542 1502 618 gignen-

55 632 163 709 cipere
195 629 282 708 Quae
307 628 463 706 responsio
487 628 640 706 scripturis
669 628 758 685 etiam
806 626 876 686 dum
898 628 1012 706 prolem
1034 629 1128 706 inepti
1153 638 1311 688 censentur
1333 647 1411 686 anno
1428 646 1503 686 suae

54 714 147 776 valde
163 723 365 774 consentanea
378 723 432 773 est.
457 713 534 772 Nam
547 722 667 793 praeter
678 713 758 772 hunc
807 717 916 773 aetatis
942 714 1196 793 quinquagesimo.
1224 714 1266 772 Et
1289 723 1390 772 tamen
1410 714 1442 772 in
1457 713 1502 771 his

54 801 171 874 locum,
204 802 257 861 ubi
282 820 422 879 expresse
448 808 507 858 tam
536 799 575 858 de
605 798 757 858 Abraham
806 799 911 859 eadem
935 808 980 858 est
1000 803 1108 859 aetatis
1128 802 1292 879 proportio.
1315 801 1402 860 Haec
1424 798 1502 858 diffi-

55 908 146 968 quam
171 887 209 946 de
231 888 306 947 Sara
328 887 450 958 dicitur,
474 885 555 964 quod
575 905 682 965 corpus
706 884 755 943 ha·
806 886 905 946 cultas
921 889 1014 946 movit
1029 888 1239 965 angustinum,
1256 888 1419 945 carminus
1430 906 1503 965 pro·

56 976 351 1034 buerintemortuum
367 969 525 1047 (uteodem
535 992 624 1032 sensu
634 991 757 1031 necesse
805 971 1116 1051 baretp1·aecedentis
1133 974 1321 1053 quaestionis
1338 993 1404 1032 eam
1419 972 1503 1031 solu·

55 1063 93 1120 sit
116 1060 156 1119 de
178 1069 306 1139 atroque
329 1055 475 1137 intelligi),
499 1061 588 1118 etiam
612 1059 757 1137 scriptura
807 1061 927 1131 tionem,
943 1079 1035 1139 quem
1052 1058 1198 1132 dedimus,
1222 1079 1377 1139 quamque
1393 1058 1504 1118 fatetur

55 1147 189 1208 Genesis
211 1149 253 1206 ite
274 1146 413 1224 loquitur,
436 1154 470 1203 nt
491 1146 562 1203 satis
579 1143 712 1205 declaret
727 1145 757 1203 in
806 1147 844 1206 ab
869 1147 938 1205 aliis
962 1140 1000 1206 ad
1024 1144 1095 1205 ferri
1111 1147 1238 1205 solitam.

54 1244 186 1313 utroque
207 1233 337 1292 divinam
362 1233 502 1290 virtutem
530 1230 642 1309 aliquid
666 1250 757 1310 supra

55 1329 196 1379 naturam
208 1329 359 1399 operatam
371 1318 472 1377 fuisse.
488 1317 592 1377 Refert
605 1320 682 1377 enim
691 1338 756 1396 cap.

58 1409 109 1466 l‘r'.
126 1407 279 1466 Abraham
300 1405 402 1465 audita
418 1405 477 1464 Dei
496 1405 692 1483 promissione
713 1403 756 1462 di·

55 1490 755 1565 xisse:Patasaecentenarioaaseetarfilias,

56 1587 86 1639 et
112 1582 197 1640 Sara
223 1581 449 1654 oooapeoarta
475 1578 606 1653 pariet?
636 1575 756 1636 Deinde

57 1668 210 1746 eap.18.:
233 1669 351 1741 Erant,
376 1665 470 1744 inquit
486 1665 638 1743 scriptura,
663 1663 756 1722 ambo

57 1773 157 1827 senes,
170 1761 402 1830 provectaeque
415 1754 534 1811 aetatis.
555 1750 644 1830 Quae
656 1752 757 1829 utique

60 1852 107 1899 est
117 1849 224 1919 aperta
234 1840 410 1919 significatio
420 1838 621 1916 impedimenti
634 1839 664 1896 in
676 1846 755 1895 utro·

59 1947 118 2006 que
145 1927 290 2005 conjuge:
312 1937 345 1984 nt
372 1923 497 2005 proinde
524 1923 756 2001 chrysostomus

59 2013 179 2072 homilia
188 2015 238 2072 40.
249 2011 455 2090 snperGenes.
465 2009 503 2070 de
512 2013 555 2070 eis
565 2010 659 2070 dicat:
676 2008 757 2088 quod

62 2099 139 2158 nibil
156 2118 176 2157 a
192 2098 353 2175 lapidibus
375 2097 574 2174 differebant,
600 2104 757 2174 quantam

62 2187 102 2244 ad
115 2188 356 2260 praeratioaem
371 2187 493 2244 attinet.
516 2184 576 2244 Sed
588 2194 617 2243 et
628 2186 754 2263 Aposto-

64 2270 106 2332 lus
125 2271 165 2331 ad
187 2271 283 2332 Hebr.
302 2276 350 2330 11.
375 2291 440 2331 cum
462 2270 601 2329 dixisset:
625 2271 704 2332 Fide
728 2277 757 2327 et

66 2361 129 2433 ipsa
152 2361 236 2419 Sara
257 2359 371 2417 sterilis
394 2360 543 2417 virtatem
563 2360 599 2415 ia
623 2375 756 2431 coacep-

68 2447 145 2503 tr'one
166 2447 297 2505 seminis
320 2446 456 2519 accepit,
481 2441 519 2501 de
540 2442 690 2501 Abraham
714 2443 757 2500 ita

70 2530 228 2609 subjungit:
252 2533 390 2605 Propter
407 2529 491 2605 qaod
511 2537 539 2587 et
555 2529 595 2588 ab
610 2548 676 2588 ano
694 2530 756 2588 orti

71 2625 143 2691 neat,
167 2625 196 2676 et
218 2619 276 2676 boe
297 2623 449 2689 emortreo,
474 2623 630 2691 tanquam
652 2616 756 2674 adera

73 2704 138 2762 coeli
160 2713 216 2763 etc.

105 2790 181 2849 Satis
204 2790 297 2868 igitur
318 2809 356 2847 ox
377 2788 421 2847 his
444 2788 550 2868 liquet,
581 2789 756 2867 scripturam

73 2894 120 2934 non
134 2877 228 2936 solum
244 2875 274 2934 in
290 2874 366 2935 Sara
380 2894 494 2954 ponere
509 2873 689 2943 miraculum,
705 2891 755 2930 ve·

73 2980 124 3020 rum
138 2964 228 3022 etiam
244 2962 274 3019 in
285 2961 447 3020 Abraham.
470 2961 512 3018 Et
527 2961 556 3019 in
572 2961 624 3019 illa
638 2956 756 3040 quidem

72 3044 180 3129 duplex,
203 3046 286 3128 quod
309 3056 339 3107 et
361 3047 470 3106 sterilis
493 3054 523 3106 et
545 3046 645 3105 vetulo
661 3045 755 3103 conci·

72 3151 133 3209 pere
142 3136 290 3214 potuerit;
302 3134 332 3192 in
345 3134 396 3194 illo
409 3141 507 3201 antem
520 3133 656 3210 simplex,
666 3128 756 3208 qnod,

72 3238 154 3282 senex
170 3241 239 3280 cnm
255 3228 343 3292 esset,
367 3219 495 3298 ideoque
512 3218 549 3277 ob
566 3216 756 3296 frigiditatem

71 3310 181 3368 aminis
196 3306 236 3365 ad
252 3305 457 3383 generandum
476 3307 601 3384 ineptus,
625 3302 756 3362 sobolem

70 3396 204 3453 suscitare
219 3393 354 3472 potuerit,
370 3414 430 3452 non
442 3393 536 3451 solum
552 3412 592 3451 ex
607 3391 689 3461 Sara,
706 3410 755 3450 ve·

69 3498 124 3539 rum
140 3482 240 3548 etiam,
263 3487 297 3538 ut
316 3478 428 3538 dictum
451 3487 505 3550 est,
528 3498 566 3537 ex
587 3477 654 3536 aliis
675 3476 755 3536 femi·

69 3567 115 3639 uis,
129 3565 273 3627 videlicet
288 3566 318 3625 in
335 3585 370 3624 eo
386 3572 597 3643 perseverante
613 3560 757 3642 gignendi

68 3654 169 3712 virtute
191 3651 283 3712 semel
305 3650 439 3726 reddita;
463 3649 610 3729 quomodo
635 3648 754 3710 foecun-

67 3736 133 3799 ditas
145 3737 241 3799 semel
252 3736 325 3796 data
336 3739 500 3816 permansit
513 3738 540 3795 in
552 3738 648 3808 Anna,
661 3744 756 3794 matre

67 3823 214 3896 Samuelis,
236 3832 270 3884 ut
285 3833 314 3882 et
328 3824 403 3883 alios
417 3829 487 3904 post
502 3823 583 3881 illum
599 3821 676 3881 filios
691 3823 754 3900 gig·

66 3920 152 3985 neret,
176 3909 340 3971 secundnm
366 3910 412 3982 id,
435 3908 515 3990 quod
541 3911 605 3988 ipsa
632 3909 755 3968 cecinit:

68 3997 168 4058 Donec
176 3998 293 4058 sterilis
302 3999 428 4072 peperit
436 3996 603 4071 plurimos.
615 4000 628 4054 1
640 3996 715 4073 Reg.
727 3999 754 4054 2.

99 4083 244 4145 Secunda
260 4085 411 4162 quaestio.
436 4081 512 4141 Cum
529 4084 680 4159 scriptura
696 4089 753 4139 tes-

64 4178 137 4230 tetur
159 4169 317 4230 Abrabam
340 4177 408 4247 post
429 4188 540 4228 annum
564 4170 673 4228 aetatis
689 4187 755 4227 cen·

63 4261 197 4318 tesimum
214 4255 315 4315 adhuc
327 4257 444 4315 vixisse
456 4256 650 4334 septuaginta
667 4256 754 4333 quin·

61 4364 116 4423 qne
132 4363 240 4415 annos,
255 4340 363 4402 Genes.
381 4345 439 4413 25,
456 4343 509 4420 qui
525 4342 686 4401 verisimile
701 4349 755 4414 est,

60 4449 125 4490 eum
141 4429 350 4490 centenarium
375 4426 449 4487 adeo
472 4426 567 4488 fuisse
589 4448 699 4502 senem,
722 4435 755 4485 ut

850 1230 982 1311 Quidam
1013 1232 1216 1311 respondent:
1252 1229 1503 1311 quemadmodum

807 1339 886 1377 nunc
902 1318 955 1377 alii
972 1318 1042 1378 aliis
1065 1321 1153 1378 citius
1174 1326 1334 1380 senescunt
1349 1338 1385 1377 ac
1401 1316 1503 1377 decre-

805 1406 862 1483 piti
883 1406 974 1477 fiunt,
997 1415 1031 1463 ut
1054 1425 1200 1484 generare
1220 1425 1282 1465 non
1304 1406 1435 1484 possint,
1460 1406 1504 1463 ita

805 1499 877 1550 tunc
892 1491 1033 1552 Abrahae
1057 1495 1220 1571 contigisse
1242 1492 1291 1551 vel
1315 1512 1352 1552 ex
1375 1500 1504 1550 naturae

806 1576 934 1649 defectu,
946 1578 997 1637 vel
1009 1578 1091 1657 quod
1103 1578 1258 1639 laboribus
1270 1585 1370 1638 essent
1382 1579 1410 1636 ei
1422 1579 1503 1636 vires

807 1663 983 1725 exhaustae.
1011 1665 1080 1725 Non
1103 1667 1207 1745 placet
1233 1666 1311 1724 baec
1337 1666 1503 1743 responsio,

806 1752 880 1829 quia
896 1753 1044 1830 scriptura
1068 1760 1129 1810 tam
1151 1755 1182 1811 in
1198 1751 1318 1824 Genesi,
1342 1771 1432 1830 quam
1448 1750 1504 1809 boc

805 1837 1504 1917 loce,gignendiimpotentiamsimpliciterreji·

807 1927 848 1982 eit
857 1926 885 1983 in
896 1933 1033 1996 aetatem,
1047 1925 1173 2004 eoquod
1187 1933 1306 1984 eentum
1319 1932 1398 1984 esset
1410 1945 1502 1983 anno·

806 2010 1503 2089 rum,tanquameaaetasillotempore,saltem
1584 2014 1587 2020 ’

806 2097 1024 2175 utplurimum,
1048 2100 1150 2176 inepta
1166 2099 1257 2158 fuerit
1272 2098 1469 2177 generationi.

849 2182 981 2243 Proinde
997 2184 1086 2244 aliter
1098 2183 1343 2265 respondendum
1355 2185 1503 2257 existimo,

805 2280 907 2348 patres
924 2269 992 2329 illos
1005 2273 1123 2350 antiqui
1136 2273 1280 2349 temporis
1293 2278 1361 2349 post
1373 2270 1503 2329 mediam

806 2365 935 2415 aetatem
960 2357 1082 2435 longam
1105 2359 1220 2418 vixisse
1244 2365 1437 2428 senectutem,
1460 2359 1504 2415 ita

805 2449 839 2499 ut
854 2451 939 2501 aetas
955 2441 1096 2503 deficiens
1112 2444 1202 2522 longe
1217 2442 1387 2502 diuturnior
1400 2444 1430 2500 in
1443 2442 1503 2501 illis
1545 2486 1552 2496 .

805 2536 892 2600 esset,
901 2548 991 2607 quam
1001 2549 1185 2590 accrescens.
1198 2530 1348 2607 Exemplo
1358 2531 1398 2588 sit
1405 2528 1503 2600 Isaac,

806 2615 859 2692 qui
872 2617 951 2673 vixit
963 2636 1058 2675 annos
1067 2626 1189 2676 centum
1201 2617 1353 2694 octoginta
1363 2613 1439 2674 Gen.
1452 2615 1503 2674 35.

806 2699 865 2759 Cui
882 2708 981 2761 tamen
998 2705 1106 2762 aetatis
1123 2725 1211 2775 anno,
1235 2703 1323 2778 juxta
1338 2703 1504 2782 peritorum

806 2790 1066 2864 supputationem,
1090 2791 1251 2848 centesimo
1278 2791 1425 2867 vigesimo
1452 2796 1505 2847 aut

806 2874 930 2946 circiter,
942 2894 1017 2952 prae
1029 2885 1184 2936 senectute
1192 2876 1402 2952 caligaverunt
1414 2873 1504 2946 oculi,

806 2962 849 3019 sic
865 2969 898 3018 ut
913 2959 1018 3019 videre
1033 2983 1092 3020 non
1108 2971 1227 3041 posset:
1249 2960 1371 3040 quando
1389 2970 1420 3021 et
1433 2961 1504 3021 filiis

806 3048 876 3118 suis,
892 3056 1037 3125 tanquam
1051 3069 1110 3107 non
1123 3048 1175 3107 diu
1187 3050 1332 3119 victurus,
1348 3047 1506 3107 benedixit

807 3131 914 3192 Genes.
935 3137 983 3193 27.
1007 3136 1047 3193 Et
1063 3143 1163 3194 tamen
1180 3156 1274 3194 annos
1287 3133 1385 3192 adbuc
1401 3152 1504 3212 super·

806 3220 885 3277 vixit
900 3222 1077 3297 sexaginta:
1101 3230 1135 3279 ut
1158 3230 1307 3299 appareat
1322 3228 1416 3280 totum
1432 3229 1504 3279 tern-

806 3324 862 3383 pus
879 3307 1042 3364 senectutis
1059 3306 1127 3385 ejus
1149 3306 1245 3366 fuisse
1267 3328 1326 3365 non
1342 3307 1436 3366 multo
1454 3307 1505 3365 mi·

804 3411 862 3450 nus
879 3403 996 3450 centum
1011 3412 1173 3467 annorum;
1197 3413 1233 3452 ac
1256 3392 1383 3471 proinde
1405 3393 1504 3470 majus

805 3487 867 3537 tota
883 3479 1004 3557 reliqna
1020 3487 1127 3539 aetate.
1152 3478 1188 3538 Id
1212 3487 1312 3538 cirtem
1336 3488 1365 3538 et
1389 3481 1419 3538 in
1436 3480 1504 3538 aliis

806 3565 943 3624 similiter
954 3584 987 3623 se
1000 3563 1153 3638 habuisse,
1167 3575 1344 3644 argumento
1357 3575 1409 3638 est,
1423 3563 1505 3646 quod

806 3649 881 3710 Gen.
901 3656 948 3709 11.
966 3650 1092 3729 quidam
1112 3652 1255 3730 leguntur
1270 3655 1411 3731 genuisse
1425 3651 1505 3714 filios

806 3757 884 3795 anno
901 3756 976 3796 suae
993 3740 1102 3797 aetatis
1122 3741 1282 3813 tricesimo,
1306 3760 1435 3819 quorum
1451 3739 1505 3799 alii

806 3821 949 3894 ducentis,
972 3821 1025 3881 alii
1040 3826 1189 3898 trecentis,
1207 3827 1260 3886 alii
1274 3825 1504 3906 quadringentis

807 3912 893 3969 annis
910 3911 1058 3969 vixerunt.

848 3996 898 4056 lix
922 4016 983 4074 quo
1006 3997 1167 4079 intelligas,
1191 4020 1284 4080 quam
1307 3999 1398 4060 breve
1414 3999 1507 4062 fuerit

805 4082 866 4142 illis
890 4092 1009 4161 tempus
1037 4087 1143 4146 aetatis
1165 4086 1326 4146 crescentis
1351 4107 1505 4166 compara·

804 4170 886 4228 tione
908 4169 1019 4248 reliqui
1043 4173 1186 4252 temporis
1202 4173 1300 4231 vitoe:
1324 4174 1393 4233 Deo
1416 4176 1504 4236 nimi·

804 4275 870 4316 rum
894 4256 937 4314 sic
960 4255 1133 4332 ordinante,
1157 4277 1328 4335 causasque
1351 4262 1505 4324 naturales

804 4342 955 4420 dirigente
977 4338 1091 4419 (neque
1114 4346 1191 4404 enim
1217 4342 1345 4404 arbitror
1368 4346 1398 4404 in
1419 4366 1457 4407 ea
1471 4370 1504 4411 re

803 4427 980 4487 miraculum
997 4426 1190 4504 ponendum),
1207 4439 1240 4489 ut
1256 4428 1307 4489 diu
1322 4436 1503 4510 superstites

58 4516 93 4576 sd
105 4514 317 4596 generandum
330 4521 417 4586 esset,
429 4513 679 4594 quemadmodum
693 4513 754 4573 dic·
804 4521 904 4573 essent
919 4511 1090 4571 divinorum
1103 4536 1229 4595 operum
1241 4527 1332 4577 testes
1346 4518 1385 4578 ad
1397 4519 1504 4582 rudem

57 4612 118 4661 tum
135 4611 191 4672 est,
205 4600 384 4680 simpliciter
399 4598 545 4679 ineptus?
567 4600 648 4662 Nam
662 4600 754 4660 hodie
804 4599 904 4659 adhuc
930 4608 959 4656 et
984 4617 1085 4657 raram
1109 4605 1332 4680 posteritatem
1357 4606 1446 4667 simul
1470 4618 1505 4669 ut

54 4698 148 4764 uerte,
171 4690 226 4767 qui
252 4689 359 4748 vivere
385 4696 513 4766 possunt
538 4708 633 4749 annos
659 4707 752 4748 nona·
804 4705 869 4745 eam
885 4684 998 4743 artibus
1011 4692 1041 4742 et
1051 4684 1170 4765 legibus
1186 4690 1227 4752 ad
1241 4689 1336 4748 vitam
1351 4691 1505 4768 politicam
