3270 5182
140 293 186 359 92

133 462 198 539 jam
215 459 355 538 deinceps
371 460 410 520 de
425 461 579 521 Abraham
595 470 625 520 et
640 463 669 521 in
686 462 751 539 ejus
767 458 836 518 fidei

138 545 426 606 commendationem
442 546 554 607 directe
569 546 716 607 dicuntur.

184 633 231 690 18.
257 635 579 710 Qaiaoatraspamin
591 653 678 710 spem
693 632 834 692 credidit.

138 718 256 778 Graece
278 722 333 794 qai
342 727 570 795 praeterspam
587 725 622 780 in
637 740 701 796 spe,
715 720 764 778 vel
779 718 835 777 aab

137 825 202 882 ape,
215 806 356 865 eredidit.
370 805 431 865 Sed
444 815 473 865 et
488 806 569 886 apud
580 807 705 866 Latinos
717 805 836 882 Pelagi-

137 911 196 964 um,
209 892 388 951 Primasium
402 901 432 951 et
443 892 604 970 Hugonem
623 893 735 971 legitur
753 890 835 950 aufe·
850 893 851 896 ’

137 977 224 1036 rendi
237 996 317 1048 casu,
330 983 366 1038 in
378 997 441 1053 spe,
455 988 488 1037 ut
498 979 662 1038 verisimile
670 981 709 1038 sit
721 980 763 1036 ita
769 996 835 1035 ver·

138 1065 356 1123 tissenostrum
365 1067 566 1143 interpretem.
584 1067 645 1144 Qui
659 1067 747 1124 etiam
761 1063 834 1123 illud

140 1158 234 1220 recte,
250 1158 363 1210 eontra
378 1169 473 1225 epam.
491 1151 569 1209 Nam
585 1171 652 1210 eam
667 1153 727 1209 vim
744 1152 838 1210 habet

137 1234 287 1296 Graecum
298 1229 392 1312 παρὰ,
409 1247 471 1296 tum
483 1237 547 1310 hic,
560 1246 622 1295 tum
633 1239 746 1316 passim
755 1236 836 1306 alibi,

138 1321 393 1400 quemadmodum
410 1332 441 1381 et
464 1323 609 1382 Latinum
629 1331 767 1399 praeter.
790 1323 837 1381 Ita

137 1409 279 1467 nimirum
295 1407 370 1466 illud
383 1409 590 1489 accipiendum
604 1409 642 1469 ad
652 1409 779 1469 Galatas
794 1414 837 1467 1.:

136 1501 365 1570 praeterquam
380 1496 465 1570 qaod
478 1497 769 1571 evangelizavimus
781 1514 837 1555 vo·

138 1581 185 1639 bis
192 1604 205 1657 ,·
222 1589 252 1638 et
268 1583 374 1638 iterum
385 1602 391 1637 :
404 1590 536 1655 praeter
552 1583 595 1656 iel,
612 1583 698 1658 qaod
714 1585 837 1656 accepi·

138 1670 201 1741 stis,
218 1665 472 1745 quemadmodum
489 1689 523 1727 eo
537 1667 602 1729 loeo
615 1669 734 1747 plenius
743 1677 837 1726 osten-

139 1753 251 1813 demus.
280 1752 392 1812 Sensus
409 1763 468 1813 est:
493 1757 545 1835 qui
561 1764 679 1832 praeter
695 1774 789 1833 spem,
807 1753 838 1812 id

140 1849 201 1913 est,
230 1859 298 1898 cum
314 1841 397 1917 prius
409 1861 468 1898 non
485 1850 635 1920 speraret,
663 1840 716 1900 sed
740 1841 838 1919 magis

138 1926 315 2005 desperaret
331 1926 388 1985 sibi
404 1926 538 1986 sobolem
554 1947 590 1986 ex
606 1927 698 2001 Sara3
721 1926 770 1985 vel
786 1948 837 2005 po·

139 2015 207 2086 tius,
223 2021 343 2091 praeter
359 2031 442 2090 spem
459 2021 596 2085 naturae,
614 2013 642 2071 id
661 2021 721 2084 est,
734 2022 839 2071 contra

138 2119 231 2178 quam
248 2119 287 2158 ex
303 2105 410 2158 natura
427 2101 540 2178 sperari
557 2101 672 2178 potuit,
695 2101 768 2179 quia
791 2118 838 2158 res

137 2194 204 2246 erat
215 2185 392 2244 naturaliter
403 2185 603 2264 impossibilis,
620 2185 749 2245 credidit
761 2184 835 2245 divi·

139 2293 197 2332 nae
211 2273 417 2352 promissioni,
444 2292 590 2352 spemque
616 2282 728 2332 certam
745 2292 783 2331 ex
800 2291 837 2330 ea

138 2361 284 2439 concepit.
294 2356 439 2431 Credidit,
449 2361 580 2437 inquam,
596 2358 839 2439 quodsequitur:

188 2447 228 2504 Ut
243 2445 332 2521 fieret
340 2452 436 2520 pater
446 2448 624 2505 multarum
635 2449 784 2520 qratiam.
801 2444 838 2503 Id

138 2541 192 2605 aa,
208 2531 383 2592 soluturum
391 2540 506 2610 patrem
516 2532 679 2591 multarum
688 2533 834 2610 gentium.

139 2617 272 2697 Quidam
289 2616 327 2676 ad
344 2638 425 2696 spem
438 2617 573 2679 referunt
584 2619 641 2678 hoc
654 2637 758 2677 sensu:
775 2637 836 2676 cre-

140 2704 232 2776 didit,
258 2723 384 2782 sperans
406 2723 437 2763 se
460 2705 523 2763 lore
546 2713 662 2784 patrem
676 2704 837 2762 multarum

139 2791 281 2869 gentium.
299 2789 361 2848 Sed
376 2792 456 2869 prior
472 2793 651 2851 constructio
667 2792 763 2849 textui
775 2811 836 2849 ma·

138 2879 185 2955 gis
202 2895 367 2954 congruere
382 2876 511 2950 videtur,
527 2897 654 2956 eamque
668 2878 734 2935 vult
747 2879 835 2936 etiam

139 2964 268 3041 Syriaca
284 2963 450 3022 translatio.

181 3049 363 3109 Secundam
375 3051 460 3123 qaod
472 3050 591 3108 dictum
604 3058 647 3109 ast
659 3053 705 3123 ci,
721 3053 764 3109 sic
777 3052 837 3107 erit

138 3154 244 3195 semea
266 3143 365 3195 taam.
387 3135 423 3194 In
448 3135 564 3195 Graeco
587 3156 646 3195 non
662 3135 782 3196 additur
798 3139 835 3210 ei,

139 3222 193 3281 aad
208 3230 310 3281 tamen
326 3221 510 3300 intelligitur.
523 3223 627 3281 Potest
643 3230 673 3281 et
687 3225 730 3281 sic
745 3223 836 3282 verti:

140 3310 314 3368 secandam
330 3309 414 3384 quod
430 3311 551 3368 dictam
568 3308 696 3385 sacrat,
720 3309 836 3368 scilicet

138 3395 233 3456 multo
260 3402 336 3455 ante.
364 3396 443 3454 Nam
465 3394 557 3455 illud:
584 3398 627 3455 sic
650 3399 710 3455 erit
733 3414 836 3455 samen

139 3491 239 3555 taam,
256 3501 316 3539 non
331 3482 442 3560 legitur
453 3482 568 3541 dictum
581 3480 690 3540 Genes.
706 3482 762 3552 17,
775 3502 835 3560 quo

140 3570 206 3627 loco
215 3567 394 3627 describitur
409 3570 566 3647 promissio
582 3568 725 3628 Abrahae
737 3568 833 3639 iacta,

139 3654 261 3734 quando
277 3654 440 3732 nonaginta
457 3674 567 3713 novem
584 3662 649 3713 erat
675 3674 836 3727 annorum3

140 3741 194 3801 sed
210 3740 320 3799 Genea.
340 3741 386 3798 15.
399 3742 613 3800 Verumtamen
625 3741 778 3800 Abraham
793 3742 836 3798 in·

139 3826 311 3905 telligebat,
328 3828 371 3884 uti
387 3826 507 3899 debuit,
530 3828 656 3904 primam
674 3827 757 3886 illam
768 3844 834 3904 pro·

137 3915 309 3973 missionem
325 3916 488 3993 praecipue
498 3915 529 3972 in
545 3912 642 3983 Isaac,
655 3914 710 3972 sibi
727 3920 831 3991 postea

139 4020 179 4059 ex
194 4000 270 4058 Sara
284 4000 440 4077 promisso,
456 3998 665 4078 complendam
682 4018 756 4060 esse.

182 4086 241 4144 Hie
256 4087 391 4163 sequitur
404 4089 433 4145 in
445 4087 546 4146 multis
558 4086 656 4145 libris:
673 4089 752 4146 sicat
762 4086 836 4144 stet·

139 4173 188 4231 lae
203 4173 280 4230 coeli
296 4179 324 4230 ct
339 4192 442 4231 arena
458 4176 565 4231 rnaris.
590 4172 651 4231 Sed
666 4194 725 4231 non
742 4182 786 4230 est
804 4174 833 4230 iu

586 316 589 322 ·
643 284 877 340 COMMENTARIUS
895 285 925 337 lli
944 284 1010 338 CAP.
1029 284 1068 336 ll.

884 462 1002 520 tametsi
1017 462 1114 519 necin
1131 459 1244 520 Genesi
1260 481 1279 520 a
1294 460 1361 521 Deo
1387 460 1584 540 promittente

884 549 1047 627 quicquam
1070 547 1253 625 adjungitur.
1289 547 1424 606 Tantum
1445 564 1583 625 praeces·

885 642 967 692 serat
997 632 1071 692 illud
1102 634 1161 692 Dei
1188 632 1227 692 ad
1253 632 1424 692 Abraham:
1455 634 1585 707 Suspice

885 722 1005 780 coelam
1022 727 1051 779 et
1066 738 1201 778 rrarnera
1216 718 1332 793 stellas,
1348 723 1375 778 si
1387 726 1486 795 potas.
1502 718 1585 778 Turn

886 807 1038 884 sequitur:
1052 810 1094 864 sic
1110 809 1169 864 erit
1180 825 1285 865 semera
1296 813 1397 880 taum,
1415 805 1532 865 scilicet
1548 804 1584 862 si·

886 902 936 952 cut
952 890 1059 952 stellae
1075 892 1314 952 innumerabiles.

933 982 979 1039 19.
1005 981 1046 1038 Et
1072 998 1139 1039 aaa
1165 977 1349 1052 infirmatas
1375 985 1420 1037 est
1446 976 1519 1052 fide.
1550 975 1587 1034 In

887 1065 1003 1124 Graeco
1020 1066 1160 1124 continua
1176 1073 1222 1123 est
1237 1067 1331 1124 oratio
1349 1084 1417 1123 cum
1431 1070 1521 1142 parte
1537 1081 1584 1120 se·

887 1152 1003 1230 quenti:
1020 1159 1049 1210 ct
1064 1171 1131 1211 non
1146 1151 1328 1225 infirmatus
1343 1151 1406 1226 fide
1421 1167 1490 1209 aaa
1506 1167 1585 1209 aaa·

887 1238 1040 1296 sr'deravit
1055 1246 1121 1311 etc,
1143 1237 1173 1296 id
1189 1244 1242 1309 est,
1254 1237 1369 1296 nullam
1383 1255 1492 1314 passus
1504 1233 1587 1294 infir

886 1325 1018 1382 mitatem
1036 1332 1089 1384 aut
1103 1323 1325 1384 vacillationem
1338 1321 1410 1382 fidei
1425 1322 1507 1381 circa
1519 1340 1587 1400 pro·

886 1411 1057 1469 missionem
1073 1409 1213 1469 divinam.

931 1497 993 1555 Nee
1009 1497 1222 1556 consideravit
1236 1514 1352 1572 corpus
1366 1515 1460 1554 saum
1480 1512 1589 1553 cmor-

888 1589 986 1641 taam.
1016 1581 1142 1655 Graece,
1164 1587 1234 1656 jam
1250 1591 1448 1654 emortuam,
1477 1579 1591 1651 idest,

887 1688 960 1746 prae
981 1671 1063 1728 senio
1080 1670 1144 1746 jam
1169 1669 1306 1728 effoetum
1334 1676 1366 1727 et
1382 1669 1535 1746 impotens
1549 1665 1589 1724 ad

888 1754 1102 1833 generandum.

932 1842 1011 1901 Cam
1022 1845 1093 1914 jam
1102 1841 1172 1918 fere
1188 1851 1313 1903 cantum
1325 1847 1589 1901 coaetaneorum.

888 1927 987 1985 Dictis
999 1931 1070 2000 jam
1085 1928 1144 1987 huc
1160 1929 1306 1989 translata
1323 1948 1361 1987 ex
1377 1935 1462 2006 parte
1486 1926 1589 2005 proxi·

888 2033 936 2072 me
951 2013 1150 2091 praecedenti.
1185 2014 1275 2094 Quod
1299 2024 1329 2075 et
1343 2014 1452 2073 volunt
1467 2010 1591 2071 codices

888 2099 1025 2159 meliores
1041 2120 1126 2171 mss,
1154 2108 1184 2158 et
1199 2103 1297 2180 signat
1312 2101 1473 2179 castigatio
1488 2100 1590 2159 Lora·

888 2187 1009 2245 niensis.
1019 2187 1100 2245 Dicit
1113 2193 1215 2246 autem
1227 2188 1289 2247 fere
1302 2195 1422 2246 centum
1431 2205 1589 2257 annorum,

888 2271 991 2343 idest,
1019 2293 1078 2331 uno
1104 2274 1209 2330 minus.
1236 2272 1383 2333 Habebat
1398 2273 1477 2332 euim
1494 2291 1590 2331 annos

888 2360 1054 2436 nonaginta
1070 2378 1190 2418 norem.

932 2446 974 2503 Et
989 2452 1166 2504 emortuam
1182 2448 1314 2504 vatem
1328 2446 1438 2504 Sarac.
1464 2443 1590 2516 Graece,

889 2538 918 2588 et
929 2532 1206 2606 mortificationem
1214 2551 1266 2590 seu
1275 2532 1509 2590 mortalitatem
1519 2550 1589 2590 ma·

887 2620 974 2676 tricis
989 2621 1098 2677 Sarae.
1134 2618 1259 2676 Sensum
1275 2625 1380 2677 tamen
1397 2618 1510 2696 optime
1525 2615 1588 2676 red·

886 2702 964 2762 didit
983 2705 1138 2782 interpres,
1162 2704 1355 2783 approbante
1376 2703 1517 2762 Erasmo.
1543 2701 1589 2760 Ad

886 2789 976 2867 hujus
993 2791 1050 2848 loci
1064 2790 1229 2868 pleniorem
1245 2789 1436 2849 intellectum
1452 2798 1515 2848 tres
1538 2808 1588 2847 ex·

885 2875 1045 2954 plicandae
1059 2885 1126 2935 sunt
1138 2879 1337 2955 quaestiones,
1353 2894 1480 2954 quarum

929 2963 1031 3021 Prima
1055 2972 1114 3035 est,
1142 2962 1290 3042 quomodo
1319 2961 1401 3021 dicat
1422 2961 1589 3040 Apostolus

885 3048 1025 3108 Abrahae
1038 3068 1145 3128 corpus
1162 3057 1330 3108 emortuum
1346 3047 1457 3121 fuisse,
1480 3049 1588 3108 cumis

886 3135 983 3194 adhue
999 3143 1104 3212 postea
1119 3155 1158 3194 ex
1173 3134 1306 3195 Gethura
1322 3134 1469 3213 conjuge,
1486 3154 1586 3213 quam,

886 3222 962 3281 Sara
986 3229 1115 3292 mortua,
1136 3221 1229 3295 duxit,
1244 3220 1323 3279 filios
1339 3221 1516 3299 procrearit
1538 3216 1587 3280 Ad

886 3308 964 3366 hanc
988 3310 1192 3385 quaestionem
1214 3305 1377 3387 respondet
1398 3305 1586 3385 Augustinus

886 3394 936 3452 lib.
955 3397 1003 3453 16.
1019 3393 1057 3453 da
1072 3395 1152 3453 civit.
1170 3393 1228 3452 Dei
1251 3414 1318 3473 cap.
1342 3395 1391 3453 28.
1416 3402 1448 3453 et
1470 3399 1586 3473 quaest

887 3481 936 3538 35.
953 3500 1042 3559 super
1058 3481 1214 3540 Genesim:
1230 3488 1400 3538 emortuum
1411 3478 1509 3539 fuisse
1521 3479 1587 3557 ejus

886 3586 993 3644 corpus
1009 3575 1148 3646 respectu
1163 3565 1258 3625 Sarae
1274 3565 1411 3638 vetulae,
1436 3565 1524 3646 quod
1548 3583 1587 3625 ex

887 3673 924 3712 ea
937 3652 1112 3712 naturaliter
1124 3653 1269 3711 suscitare
1281 3652 1416 3712 sobolem
1428 3674 1492 3712 nou
1503 3659 1587 3733 potu·

887 3740 957 3812 crit3
973 3760 1032 3797 non
1048 3748 1146 3798 autom
1163 3747 1303 3818 respectu
1320 3740 1395 3818 ejus,
1411 3758 1493 3818 quae
1509 3744 1589 3799 esset

885 3833 985 3884 aetate
998 3824 1096 3885 adhuc
1108 3826 1240 3902 vigente,
1251 3824 1354 3902 'qualis
1367 3832 1433 3885 erat
1442 3823 1586 3885 (lethum.

884 3911 998 3969 Verum
1013 3911 1090 3971 haec
1105 3912 1259 3990 responsio
1275 3933 1335 3970 non
1351 3910 1475 3970 ridetur
1496 3911 1585 3971 satis·

884 3999 992 4055 facere.
1018 3997 1097 4056 Nam
1120 4017 1155 4056 eo
1175 4005 1265 4076 pacto
1288 3999 1378 4057 etiam
1400 3999 1449 4057 vir
1460 3998 1587 4076 juvenis

885 4083 1003 4142 dicetur
1013 4083 1123 4143 habere
1133 4103 1242 4162 corpus
1254 4092 1429 4155 emortuum,
1445 4085 1588 4164 quoniam

885 4170 1018 4228 vetulam
1034 4171 1236 4248 impraegnare
1251 4192 1312 4229 non
1326 4171 1428 4250 possit

139 4259 272 4329 (lraeco,
299 4278 354 4317 nec
373 4260 515 4337 Syriaco,
543 4279 598 4318 nec
622 4259 731 4337 legitur
755 4256 836 4336 apud
931 4256 1034 4335 Quare
1050 4258 1148 4334 potius
1160 4276 1228 4314 cum
1238 4256 1306 4315 aliis
1318 4256 1475 4335 plerisque
1488 4255 1588 4315 dioen-

137 4353 257 4404 veteres
286 4347 470 4425 interpretes.
501 4346 603 4404 Latini
626 4364 749 4424 quoque
775 4363 834 4402 me·
887 4342 971 4414 dum,
993 4343 1147 4402 Abraham
1171 4341 1224 4400 illo
1251 4351 1387 4421 tempore
1402 4340 1500 4401 firisse
1516 4361 1589 4421 prae

139 4432 229 4491 liores
256 4430 390 4502 codices,
417 4452 494 4510 quos
517 4433 624 4490 merito
648 4433 744 4490 secuti
767 4440 836 4489 sunt
887 4431 969 4488 senio
986 4429 1160 4508 simpliciter
1177 4430 1372 4507 impotentem
1388 4427 1428 4487 ad
1443 4447 1590 4507 generan-

138 4518 354 4598 epanorthotae
369 4520 507 4587 Romani,
524 4540 583 4577 non
594 4518 721 4591 habent3
737 4516 834 4575 utdu·
887 4515 966 4574 dum.
995 4515 1055 4575 Sed
1082 4515 1182 4574 divino
1208 4516 1353 4575 miraculo
1380 4513 1532 4574 redditam
1560 4515 1589 4574 ei

137 4604 479 4665 biumnonsitadditum
493 4625 559 4664 esse
579 4625 596 4662 a
613 4606 764 4683 quopiam,
785 4605 837 4681 qui
886 4604 1026 4661 virtutem
1043 4600 1215 4679 generandi,
1232 4621 1294 4680 qua
1310 4601 1454 4680 deinceps
1466 4622 1527 4662 non
1542 4622 1589 4661 so·

138 4692 301 4752 orationem
311 4692 522 4772 incomplutam
532 4689 662 4750 voluerit
671 4689 836 4763 absolvere,
887 4689 949 4748 lum
976 4710 1014 4748 cx
1041 4689 1118 4748 Sara
1138 4707 1194 4769 per
1220 4689 1315 4748 simile
1329 4687 1512 4749 miraculum
1523 4687 1589 4765 jam
