3254 5190
455 269 619 325 autom
635 270 675 323 AD
693 270 846 325 notatos.
870 271 955 325 rme.
975 272 1084 325 14-17.
1423 281 1494 348 129

39 430 128 528 tago,
149 446 271 508 Paulus
294 457 437 528 usurpat,
457 449 588 509 maxims
607 448 640 508 in
663 449 750 533 epist.
797 449 845 508 nis
868 448 976 508 solutio
1000 448 1096 527 possit
1117 450 1223 528 accipi.
1247 447 1304 509 Vis
1325 451 1496 528 argumenti

57 534 88 595 ad
103 533 175 595 Gal
199 554 227 593 c
246 538 274 596 3.
293 538 323 594 4.
339 544 371 595 et
386 537 415 596 5.
444 534 508 594 Sub
529 536 626 614 gratia
649 543 751 594 autem
797 535 874 593 haec
890 544 948 595 est:
972 534 1029 596 cui
1052 536 1121 614 quis
1144 556 1177 596 se
1199 535 1323 595 exhibet
1345 556 1381 595 ao
1404 535 1497 595 tradit

56 640 112 682 rare
133 620 298 692 dicuutur,
320 623 373 702 qui
397 640 435 681 ex
458 619 517 681 fide
542 641 598 701 per
622 621 752 700 gratiam
797 620 836 681 ad
863 621 1079 695 obediendum,
1114 642 1219 682 servus
1246 622 1329 682 illius
1355 621 1497 697 efficitur3

56 706 158 768 Christi
161 707 317 784 jusu'tbm
324 709 498 786 percipiunt
506 715 751 788 autexspeotant,
799 710 887 785 atqui
903 711 1098 787 pergratiam
1113 710 1313 788 vosmetipsos
1329 707 1497 768 tradidistis

55 795 108 855 sive
133 793 217 872 legis
241 793 398 855 Mosaioae
421 796 589 874 praeceptis
615 793 752 854 adstricti
797 795 829 853 in
855 794 1058 855 obedientiam
1088 795 1259 873 evangelii,
1287 796 1381 874 igitur
1410 796 1498 873 bujua

55 883 112 951 siut,
135 881 206 939 sive
222 900 294 939 nou.
799 881 869 941 estis
884 882 981 955 servi3
1004 890 1034 940 et
1056 879 1182 960 proinde
1204 901 1263 940 non
1285 881 1415 961 amplius
1429 900 1498 960 pec·

88 966 171 1027 Nam
183 966 265 1043 justi
279 968 394 1027 veteris
410 968 591 1038 testamenti,
613 967 752 1047 quamvis
799 987 878 1040 care,
901 966 955 1027 sed
975 968 1117 1046 operibus
1136 967 1287 1044 justitiae,
1310 987 1388 1047 qnae
1409 987 1497 1046 prae·

54 1053 119 1132 logis
144 1051 324 1113 mandas
354 1052 523 1126 debitores,
555 1054 626 1134 quia
650 1064 751 1112 tamen
800 1054 902 1113 scribit
917 1054 1116 1133 evangelium,
1139 1054 1311 1113 incumbere
1326 1053 1448 1114 debetis.

54 1160 103 1199 sou
118 1139 260 1218 exlege,
282 1139 337 1199 sed
352 1159 391 1198 ex
407 1138 466 1199 fide
478 1141 598 1199 venturi
613 1138 751 1210 Messias,
842 1141 1080 1219 Propositionem
1089 1142 1356 1218 argumentationis
1363 1143 1420 1200 ista
1428 1158 1498 1219 pars

52 1227 195 1304 hebdam
211 1225 387 1305 sperabant,
409 1245 469 1286 non
491 1226 547 1286 sub
569 1224 636 1304 lege
653 1222 753 1306 (prout
800 1233 862 1285 tota
877 1227 1018 1298 continet,
1042 1227 1168 1288 obscura
1184 1227 1313 1306 quidam,
1337 1225 1390 1285 sed
1406 1245 1498 1307 quarn

54 1311 216 1393 Apostolus
232 1312 327 1372 utitur
342 1313 399 1372 hac
413 1309 534 1392 phrasi),
549 1313 602 1375 scd
615 1313 669 1372 sub
685 1332 752 1391 gra·
800 1315 843 1374 ita
859 1314 1017 1374 clariorem
1029 1312 1156 1374 reddere
1172 1311 1289 1373 licebit:
1305 1316 1354 1372 An
1367 1314 1498 1386 nescitis,

55 1401 90 1459 ἧι
101 1398 232 1461 dicendi
249 1411 321 1459 sunt
332 1397 436 1458 fuisse
459 1398 548 1459 Unde
560 1401 654 1460 etiam
666 1397 751 1459 intel·
799 1399 888 1480 quod,
912 1402 1092 1480 cuicumque
1107 1418 1162 1459 vos
1177 1400 1259 1479 ipsos
1274 1399 1421 1471 addicitis,
1445 1401 1497 1460 ob·

56 1485 159 1566 ligitur,
183 1493 258 1566 post
272 1484 372 1565 legem
387 1485 560 1564 abrogatam
575 1485 675 1546 nullos
687 1487 752 1566 jam
800 1485 928 1547 odiendo
943 1485 1096 1547 voluntati
1119 1496 1150 1545 et
1172 1487 1295 1566 imperio
1320 1487 1393 1565 ejus,
1417 1487 1497 1546 servi

58 1593 116 1634 esse
131 1574 193 1634 sub
209 1571 291 1652 lege,
306 1573 364 1632 nisi
376 1573 496 1652 propria
507 1583 537 1633 et
550 1582 669 1634 errante
683 1594 750 1633 con·
799 1572 880 1633 illius
896 1573 1063 1648 efficimini3
1085 1574 1152 1631 sive
1166 1574 1294 1653 peccati,
1310 1573 1390 1653 quod
1404 1573 1496 1633 homi·

59 1661 184 1735 aientia,
195 1657 445 1732 volutdudaeos,
461 1659 751 1739 quilegeMosaioa,
799 1679 867 1720 nem
889 1661 947 1720 sibi
970 1663 1150 1720 servientem
1175 1660 1267 1720 trahit
1292 1661 1331 1719 ad
1354 1668 1497 1734 mortem,

60 1758 196 1827 tanqum
212 1745 315 1806 adhuc
328 1746 437 1825 vigeat,
459 1747 553 1805 teneri
570 1746 752 1806 secrodunt.
799 1748 866 1807 sive
882 1747 1041 1826 evangelii,
1057 1756 1110 1806 aut
1126 1742 1302 1821 (secundum
1314 1743 1401 1822 alios)
1417 1745 1496 1818 fidei,

59 1833 99 1893 tte
111 1835 198 1895 enirn
216 1843 250 1892 et
262 1832 401 1908 Galatae,
424 1851 500 1913 quos
516 1833 658 1912 objurgat
672 1834 751 1893 Pau·
799 1835 883 1912 cujus
899 1833 1069 1894 obedientia
1081 1842 1214 1913 praestat
1224 1833 1395 1910 justitiam?
1418 1834 1497 1894 Nam

59 1919 105 1994 lus,
127 1940 202 1982 esse
217 1919 365 1979 volebant
381 1919 530 1998 sublege,
548 1918 657 1980 Gaia
680 1920 752 1981 Seu·
800 1922 829 1980 in
857 1920 1015 1999 evangelio
1037 1922 1164 1994 ,iustitia
1188 1921 1248 1979 Dei
1271 1923 1433 1980 revelatur
1460 1937 1498 1980 ea

60 2027 101 2067 sus
114 2008 213 2088 igitur
229 2005 371 2087 Apostoli
395 2017 426 2067 ct
440 2007 580 2085 probatio
600 2007 675 2066 haec
690 2016 752 2067 est:
800 2008 860 2083 tide
876 2011 912 2067 ia
926 2007 1031 2083 tidem,
1047 2009 1127 2066 siout
1140 2009 1293 2082 scriptam
1306 2016 1366 2067 est:
1380 2013 1497 2070 Jasros

59 2093 115 2155 lion
131 2095 214 2154 catis
230 2093 287 2154 sub
312 2093 388 2172 lege,
411 2094 523 2173 quippe
542 2094 609 2172 jam
633 2092 752 2168 abolita,
800 2100 906 2154 autem
929 2112 966 2154 ea
991 2094 1052 2170 tide
1075 2096 1166 2167 vivit,
1191 2112 1284 2173 supra
1300 2115 1366 2173 cap.
1386 2101 1412 2154 1.
1437 2094 1499 2154 Ubi

60 2180 104 2242 ted
128 2180 170 2241 ab
199 2199 240 2239 ea
260 2178 403 2240 translati
422 2178 461 2239 ad
483 2181 611 2258 gratiam
634 2178 753 2253 Christi,
801 2183 891 2241 etiam
907 2180 982 2239 fides
998 2180 1147 2258 evangelii
1162 2198 1216 2258 per
1231 2179 1497 2241 obedientiamde·

10 2264 12 2329 ᾖ
59 2270 97 2328 eui
111 2269 191 2329 ostis
202 2268 390 2346 incorporati
404 2286 458 2346 per
472 2265 672 2344 baptismum3
699 2269 753 2345 igi·
800 2266 949 2338 scribitur,
972 2264 1224 2345 quemadmodum
1246 2275 1277 2327 et
1298 2267 1381 2327 alibi.
1403 2268 1497 2327 Porro

10 2338 12 2419 f
59 2355 349 2433 maessepreost
361 2352 490 2414 dominio
502 2351 596 2412 liberi.
621 2353 754 2432 Seqnela
799 2365 928 2413 mortem
944 2353 1082 2431 intelligit
1097 2360 1260 2423 aeternam,
1276 2351 1314 2411 de
1328 2373 1388 2433 qua
1403 2354 1498 2414 infra:

10 2442 12 2487 ἶ
60 2442 130 2503 utet
145 2461 167 2501 a
182 2459 286 2500 causa
302 2439 340 2500 ad
357 2439 504 2499 effectum.
801 2440 968 2515 Stipendia
980 2441 1101 2515 peccati
1120 2457 1215 2498 mors.
1240 2437 1415 2499 Consonant
1430 2441 1498 2500 huic

10 2572 12 2603 :
94 2532 142 2590 15.
158 2526 250 2605 Quid
265 2526 362 2602 erpo?
375 2526 584 2601 peccabimus,
599 2529 755 2603 quoniam
800 2528 866 2586 loco
892 2528 1075 2605 scripturae,
1106 2526 1128 2585 J
1131 2544 1197 2586 oan.
1215 2529 1260 2586 8.:
1291 2527 1419 2600 Omnis,
1443 2528 1499 2602 qai

10 2608 13 2675 Ϊ
61 2633 117 2675 soa
142 2631 259 2675 sumus
286 2612 447 2687 sublege,
471 2612 754 2687 aedsubpratia?
799 2615 880 2690 facit
893 2620 1069 2689 peccatum,
1085 2631 1194 2672 ser-vus
1209 2620 1252 2671 cst
1265 2617 1396 2687 peccati.
1419 2614 1497 2673 Est

10 2772 12 2777 Ι
61 2699 139 2762 lianc
155 2701 218 2761 sibi
236 2700 446 2777 quaestionem
462 2700 534 2758 facit
549 2719 588 2760 ex
604 2718 647 2771 eo,
671 2697 753 2778 quod
801 2701 881 2760 Petr.
898 2702 945 2758 2.:
968 2704 996 2760 A
1012 2718 1074 2775 qao
1089 2703 1160 2775 qais
1174 2707 1345 2774 superatas
1360 2707 1414 2774 est,
1438 2700 1498 2760 bu·

60 2789 186 2865 proxime
201 2786 333 2855 dixerat,
354 2804 423 2846 aaa
443 2788 512 2846 estis
527 2786 583 2846 sub
599 2787 675 2861 leae,
699 2785 754 2845 sed
796 2792 850 2861 jus
866 2794 894 2846 et
909 2805 1016 2847 seruas
1032 2794 1083 2845 est.

60 2874 105 2934 at
117 2876 242 2950 pratia.
265 2872 344 2931 Nam
361 2872 388 2930 si
403 2874 458 2933 sub
478 2873 546 2951 lege
566 2892 627 2932 non
641 2891 753 2943 sumus,
846 2877 894 2933 17.
921 2873 1048 2935 Gratias
1062 2880 1169 2932 autem
1185 2875 1264 2947 Deo,
1289 2874 1374 2949 quod
1388 2875 1497 2950 fuistis

60 2958 180 3021 liberum
208 2957 299 3019 nobis
322 2956 459 3018 relictum
479 2958 609 3030 videtur,
632 2968 666 3017 ut
686 2978 754 3038 pec·
801 2962 884 3020 servi
908 2964 1037 3035 peccati.
1074 2960 1218 3034 Gratias,
1251 2959 1367 3020 Graece
1394 2951 1497 3036 χάρις,

61 3065 164 3119 eamus,
189 3044 293 3116 idest,
316 3065 353 3104 ea
372 3064 504 3123 agamus,
527 3065 608 3124 quae
623 3045 673 3105 lex
688 3064 754 3123 pro·
801 3049 930 3122 pratia3
953 3046 1008 3105 sed
1023 3065 1145 3105 sensum
1160 3045 1235 3106 facit
1249 3046 1383 3106 eundem.

61 3131 144 3202 hbet,
160 3140 272 3212 utpote
287 3131 363 3210 legis
378 3132 500 3191 vinculo
516 3152 577 3192 non
593 3130 753 3190 adstrictis.
847 3133 999 3194 Obedistis
1014 3140 1121 3192 aute-m
1133 3152 1170 3194 ea
1181 3134 1275 3193 sorde
1290 3136 1326 3193 ia
1342 3153 1412 3192 eam
1425 3134 1498 3209 for·

62 3220 98 3279 tc
114 3238 252 3291 rursum,
275 3219 335 3276 etsi
349 3216 406 3277 sub
422 3219 520 3296 gratia
536 3220 639 3284 simus.
655 3217 754 3277 adhuc
802 3239 888 3279 mam
910 3220 1085 3294 doetrinae,
1109 3222 1145 3278 ia
1165 3239 1262 3296 quam
1284 3220 1397 3279 traditi
1420 3222 1497 3280 eatis.

62 3316 154 3366 aman
178 3302 370 3385 peccandum
390 3306 454 3376 erit,
478 3305 632 3382 nigratis
655 3312 685 3363 et
700 3306 753 3363 mi·
802 3305 861 3364 His
877 3306 977 3365 verbis
1001 3307 1167 3385 assumptio
1191 3307 1360 3367 continetur
1375 3326 1498 3385 praece·

63 3391 221 3452 sericordia
235 3392 296 3451 Dei
311 3390 341 3449 in
363 3391 538 3450 remissione
560 3399 754 3471 peccatorum
802 3390 901 3450 dentis
921 3394 1192 3470 argumentationis.
1227 3394 1268 3452 la
1294 3412 1411 3468 qaam,
1430 3393 1498 3472 lego

63 3477 184 3557 amplius
215 3475 448 3536 commendetur.
496 3476 564 3555 Qua
593 3478 755 3556 posteriori
803 3498 842 3538 ex
868 3479 1052 3538 correctione
1074 3480 1226 3552 Romana,
1256 3500 1310 3558 pro
1338 3498 1389 3550 eo,
1418 3479 1500 3560 quod

63 3574 141 3641 parte
168 3563 312 3623 coincidit
338 3561 414 3622 haec
436 3567 596 3641 occupatio
619 3584 687 3623 cum
709 3583 753 3637 ea,
802 3568 915 3644 passim
936 3564 1099 3643 legebatur,
1121 3568 1157 3625 ia
1179 3585 1252 3642 aaa.
1275 3566 1499 3627 correctionem

64 3668 136 3729 quae
151 3659 222 3710 erat
237 3650 327 3709 initio
341 3649 432 3726 hujus
449 3651 567 3729 capitis.
803 3650 931 3730 probant
945 3671 1004 3710 non
1027 3651 1115 3711 modo
1131 3651 1249 3713 Graeca
1264 3661 1294 3713 et
1308 3654 1384 3732 Syra
1400 3673 1497 3714 exem·

100 3735 199 3798 Abas.
223 3735 295 3808 Res,
318 3736 424 3814 inquit,
446 3735 536 3815 plane
552 3735 684 3796 absurda
701 3744 753 3809 est,
804 3737 909 3816 pluria,
932 3757 1033 3798 verum
1057 3740 1149 3798 etiam
1172 3759 1210 3798 ex
1233 3741 1350 3800 Latinis
1376 3741 1501 3800 meliora

64 3840 110 3882 mc
124 3823 189 3883 ullo
205 3822 295 3882 modo
307 3841 499 3900 consequens
515 3841 552 3882 ex
568 3823 664 3894 dictis,
688 3842 755 3882 oum
804 3832 874 3903 post
888 3825 984 3898 Amb,
1007 3825 1191 3903 Aquinatem
1206 3834 1237 3885 et
1251 3828 1421 3906 Lyranum3
1443 3846 1500 3886 nec

64 3911 158 3986 potius
173 3929 216 3969 ex
230 3909 355 3969 iisbene
369 3908 529 3969 intellectis
544 3908 695 3969 diversum
712 3929 756 3968 se·
805 3930 864 3969 non
889 3919 1009 3970 veteres
1036 3912 1275 3973 concordantiae.
1300 3913 1388 3992 Apud
1412 3913 1500 3973 Pela·

65 4006 174 4074 quator,
198 3995 313 4056 scilicet
326 4015 386 4054 non
403 4014 470 4054 esse
484 3996 680 4074 peccandum.
804 3998 884 4074 ginm
896 4005 994 4056 autem
1005 3998 1049 4057 sic
1060 3999 1185 4078 legitur:
1200 4002 1236 4058 irs
1249 4019 1286 4058 ea
1299 4000 1409 4075 forma
1424 4000 1500 4058 doc·

101 4087 150 4145 16.
175 4083 318 4156 Nescitis,
344 4084 507 4157 quoniam,
531 4085 582 4142 cai
609 4082 757 4143 exhibetis
805 4085 929 4157 trinae,
952 4087 988 4144 ia
1012 4103 1108 4159 quam
1132 4086 1243 4144 traditi
1268 4089 1345 4144 estis.
1369 4084 1460 4163 Quod
1482 4105 1501 4144 a

65 4184 111 4230 vos
123 4188 234 4231 servm
248 4169 292 4227 ad
308 4166 526 4228 obediendam.
551 4168 685 4229 Graece:
702 4188 757 4228 vos
806 4168 923 4229 Graeca
935 4170 1063 4231 lectione
1074 4193 1134 4231 non
1150 4180 1196 4231 ost
1207 4172 1344 4231 alienum.
1361 4173 1411 4231 Sic
1423 4172 1501 4232 enirn

66 4255 139 4329 ipsos
152 4255 317 4317 seruosad
332 4252 554 4331 obedientiam,
580 4274 670 4334 quam
685 4273 756 4314 mox
804 4255 898 4314 habet
923 4254 963 4315 ad
990 4258 1124 4317 verbum:
1159 4258 1305 4317 obedistis
1331 4266 1437 4318 autem
1463 4277 1501 4318 ec

66 4341 261 4404 obeditionem
277 4349 367 4402 vocet
382 4343 538 4420 interpres.
805 4342 915 4415 corde,
939 4346 975 4401 ia
1001 4363 1098 4419 quam
1124 4344 1238 4403 traditi
1265 4347 1335 4405 estis
1358 4347 1500 4421 sormam

99 4430 192 4491 servs
207 4430 280 4489 estis
290 4433 369 4503 eiua
385 4430 436 4487 arsi
448 4428 589 4502 obeditis,
606 4431 671 4488 sive
680 4446 757 4504 pec·
805 4429 979 4490 doctrinae.

67 4519 121 4574 soti
134 4516 179 4575 ad
189 4522 339 4589 morters,
354 4516 419 4574 sive
431 4515 619 4575 obeditionis
631 4515 674 4573 ad
686 4519 756 4588 jus·
849 4514 939 4593 Quod
952 4517 995 4576 ita
1008 4519 1187 4578 construitur
1198 4526 1227 4577 et
1240 4519 1424 4597 explicatur:
1441 4516 1506 4579 Oba

66 4603 185 4662 tidem?
224 4600 432 4680 Ohjeotionem
461 4604 612 4662 contrario
643 4599 757 4661 refellit
805 4600 906 4661 edistis
930 4603 960 4661 in
983 4623 1019 4661 ea
1044 4603 1153 4676 forma,
1176 4604 1227 4665 vel
1249 4604 1412 4665 secundnm
1434 4625 1502 4666 eam

66 4696 245 4767 quarente,
260 4707 302 4748 ex
317 4706 377 4766 quo
394 4696 495 4747 tamen
509 4689 600 4748 etiam
616 4687 756 4766 objectio·
804 4686 927 4748 forruam
943 4688 1108 4762 doctrinae,
1129 4693 1165 4750 ia
1180 4710 1277 4767 quam
1293 4694 1406 4752 traditi
1421 4697 1501 4770 eatis,

109 4787 176 4827 tatt-
189 4786 266 4827 lsttt
278 4788 353 4827 teu
372 4786 427 4826 τοι.
441 4786 457 4825 1.
1276 4798 1297 4858 9
