3254 5190
108 252 192 359 „·,·.
562 276 581 287 -·
613 246 1074 337 connumerasset*
1128 248 1170 295 ν

105 447 222 538 pendet
236 456 316 518 enim
331 455 388 539 heo
398 452 524 518 verbum
535 444 743 535 ἐκοινώνησαν
756 422 804 547 ¹dli
852 455 949 516 onnia.
972 444 1299 545 Sie‘loqult'url’lulus'
1312 424 1504 547 signide'sns,
1518 476 1549 521 se

106 538 662 623 neminisetsossior,oommuaiomm
674 544 804 606 inve'riu
852 536 1008 603 oollee'tain
1022 560 1041 603 a
1056 522 1229 623 gestisses?
1241 544 1406 625 pe'euniadr·
1423 542 1552 627 perieire

105 630 261 713 superiori,
367 710 370 715 Ι
483 710 486 715 ¹
525 708 528 713 Ι
627 616 636 711 ,¹
672 624 681 711 J
734 622 738 629 ’
852 625 933 693 nolle
947 624 1226 713 disiobsignata‘mi
1247 632 1287 691 ne
1301 626 1370 712 quis
1386 632 1552 714 adspicere

149 714 273 781 Debent
292 724 322 778 et
346 718 381 779 s‘n
409 716 593 779 oonsulibus
617 710 813 777 ministrare
851 710 1038 788 tur,eu1'uin
1056 710 1119 777 reni
1139 720 1229 793 luam'
1246 714 1364 800 sliqdid
1384 716 1458 779 indo
1471 730 1553 782 usur·

104 806 177 866 illis.
213 802 274 865 Pro
289 805 491 883 ministrare,
518 823 620 881 rursus
638 802 670 864 in
686 798 802 865 Graece
850 820 949 883 passe.
985 800 1126 866 Studiose
1149 796 1231 867 eutii
1251 796 1370 885 semper
1390 806 1490 883 eavit,
1509 824 1553 885 ,ne

104 891 227 953 verbum
253 882 302 967 est
325 886 418 971 saeris
443 880 803 973 ministeriisstpee'uliar'e,
851 906 941 971 quam
956 884 1070 951 siuisttl
1078 888 1402 955 rimorts'o'euttsmuen
1415 886 1553 975 culquam

104 968 328 1057 λειτουργῆσαι
360 968 423 1038 Pe'r
436 968 523 1061 qdod
533 976 632 1057 innuit
645 976 723 1041 hano
737 997 801 1038 oar·
851 974 904 1037 vel
918 972 1045 1059 Judaeo'
1055 974 1106 1037 'v'el
1120 972 1229 1057 geltlli'
1248 972 1412 1041 'iaebsr'tst
1437 982 1440 987 '

103 1064 216 1126 nulium
231 1050 536 1147 subministrationem
544 1052 559 1138 ,'
571 1064 652 1149 quse
666 1046 803 1125 redditu‘i
893 1058 1037 1151 lftuotudr
1063 1080 1135 1125 vero
1158 1058 1238 1146 a'p'pe
1282 1063 1553 1148 telettmosynurn,

103 1150 379 1227 administrantibus
388 1151 564 1235 spiritualis,
577 1142 693 1237 s'a'tram
707 1170 801 1233 quan·
851 1144 923 1231 qu'ia'
937 1142 985 1237 r'e's
996 1150 1064 1237 ¹'e'r'ut
1085 1149 1165 1211 bona
1184 1150 1327 1227 et'utllis,
1349 1150 1433 1233 qliae
1445 1166 1551 1235 prove

102 1238 172 1300 dam
188 1258 255 1300 esse
270 1233 466 1315 oblationem,
481 1245 514 1309 ut
551 1230 689 1317 uaeDeo
704 1232 757 1298 fiii
770 1238 802 1298 iri
849 1243 938 1297 nerat
962 1230 1038 1297 'eii
1061 1238 1123 1299 slu'a
1147 1237 1345 1319 plantatione
1364 1247 1397 1299 et
1423 1240 1550 1317 oulturs,

101 1327 165 1387 suis
180 1326 332 1402 ministris,
348 1258 800 1409 quemadmodumolimoffere·
849 1302 929 1383 sieut'
943 1324 1003 1385 ait:
1063 1318 1104 1400 do
1119 1324 1290 1403 ploritotil,
1323 1316 1443 1403 IOor.;
1474 1328 1550 1389 sosl

102 1413 212 1475 bantur
225 1412 294 1475 Deo
313 1406 464 1496 primitiae
486 1432 523 1474 ao
545 1408 680 1481 deuimae
701 1410 732 1472 in
747 1410 801 1473 ali·
848 1430 930 1471 nune
945 1409 1074 1473 diceret:
1093 1406 1174 1473 Hoe'e
1195 1412 1321 1494 apporto
1344 1415 1459 1475 unctis
1480 1432 1549 1497 pau·

100 1508 201 1561 menta
215 1498 398 1562 Levitarum.
420 1496 501 1571 llam
515 1498 557 1573 si,
579 1497 610 1559 in
633 1498 690 1574 uit,
706 1499 800 1579 genti·
848 1497 972 1577 peribus
986 1492 1116 1559 fluetur'n
1132 1500 1170 1561 ei
1191 1494 1259 1561 ries
1273 1496 1380 1561 arbore
1395 1506 1487 1581 quam
1503 1520 1548 1577 eo

99 1588 144 1648 les
166 1596 368 1668 perceperunt
383 1608 403 1648 a
416 1578 554 1648 fidelibus
577 1520 725 1661 ddlseis,
748 1586 812 1667 qui'
848 1584 897 1644 lui.
934 1582 1047 1666 Neque
1069 1584 1142 1648 ve'r'o
1163 1584 1261 1649 solu'm
1283 1580 1368 1667 ¹utilis
1392 1592 1459 1649 erat
1472 1582 1554 1649 s'oei·

100 1683 171 1735 sunt
184 1673 421 1755 Hierosolymis,
443 1671 523 1736 bona
538 1672 719 1754 spiritualia,
741 1674 800 1734 hoo
847 1670 1011 1751 pioutibus,
1023 1672 1077 1735 sed
1090 1673 1205 1755 stipsis
1216 1674 1546 1757 aquibus'provenerst

102 1769 149 1823 est
164 1759 203 1822 ad
213 1762 308 1839 uitam
319 1758 507 1845 spiritualem
517 1759 708 1842 pertinentis,
725 1779 797 1841 qua·
847 1757 878 1818 id
894 1750 955 1837 eal,
970 1752 1194 1839 largientibus,
1207 1752 1268 1822 illis
1284 1760 1409 1844 quidem
1423 1758 1464 1823 sd
1478 1768 1545 1823 tm·

99 1848 137 1909 lis
160 1856 207 1910 est
220 1856 286 1909 tota
307 1846 486 1929 evangeliea
502 1846 661 1927 dedistne,
687 1846 800 1908 deberit
847 1845 982 1923 porilem
997 1842 1363 1922 vitae'sustentatiouom',
1385 1848 1435 1911 his
1450 1848 1554 1910 autem'

98 1937 344 2016 utiquevioissinr
352 1933 412 2009 iliis
420 1928 648 1999 subministrare
657 1930 799 1995 etofferri
832 1930 886 1992 ad
915 1934 1131 1997 incrementum
1155 1924 1310 2015 ¹Jt'istitioe,
1344 1928 1545 2017 iueribrmque

99 2021 234 2083 earnalia
249 2042 304 2084 seu
327 2022 514 2105 corporalia,
537 2023 645 2107 quibus
660 2016 798 2082 mmirurn
846 2021 928 2081 vitas
949 2028 1108 2082 aeternaer
1131 2018 1385 2105 quemadmodum
1411 2016 1545 2104 pluribus

97 2111 162 2171 vita
190 2107 355 2193 corporalis
382 2100 577 2171 sustentatur.
592 2166 595 2177 ‚
613 2092 690 2169 'Hoe
719 2106 797 2168 enim
847 2109 981 2188 explicat
995 2108 1062 2189 ipse
1077 2106 1191 2169 Paulus
1206 2104 1309 2191 diter.
1326 2108 1355 2169 t.
1378 2106 1460 2171 utre
1470 2106 1545 2169 irus

93 2196 217 2277 justitia
245 2197 398 2279 postulat,
435 2188 685 2279 quemadmodum
715 2192 797 2254 idern
845 2200 909 2257 tum'
922 2193 1026 2254 referri
1039 2188 1286 2277 potissimum't'd
1307 2196 1489 2275 largientes,
1509 2214 1544 2255 ex

96 2280 260 2365 Apostolus
276 2282 364 2346 doeet
378 2303 414 2344 ao
423 2280 533 2344 validis
545 2276 730 2365 argumentis
745 2279 796 2341 de·
846 2279 905 2341 elio
921 2278 1017 2341 simili
1025 2281 1092 2342 loeo
1109 2280 1242 2343 docetur.
1262 2278 1326 2344 'Sis
1349 2278 1496 2345 enimait
1508 2272 1544 2341 u'd

96 2377 244 2433 monstrat
260 2370 359 2433 lGor.
377 2370 406 2429 9.
844 2362 924 2427 Phil.
940 2369 986 2426 4.:
1013 2368 1087 2430 Nost
1101 2364 1314 2447 quloessb'es'b
1329 2368 1463 2443 datram,
1494 2366 1544 2429 ssd

141 2453 204 2519 Sed
225 2476 372 2539 quaeres,
394 2454 545 2536 quomodo
560 2452 650 2529 dioet,
667 2448 796 2535 gentiles
844 2454 1126 2533 requirosrtsetrsm
1138 2450 1357 2517 obu'r'rdu'ntem
1368 2454 1543 2517 samsom

95 2543 295 2623 participasse
310 2542 451 2605 debonis
466 2540 670 2626 spiritualibus
686 2559 797 2617 eorum,
845 2547 957 2601 vestre.
980 2540 1084 2623 Atq'ue
1092 2536 1270 2603 itair'u'ot'u'm
1278 2540 1439 2625 expoliunt
1449 2538 1542 2623 chry

96 2630 151 2710 qui
173 2628 394 2711 Hierosolymis
419 2637 450 2690 et
474 2632 507 2690 in
531 2627 655 2690 Judaea
677 2626 795 2688 habita·
845 2624 1541 2709 sueonos,‘1*heophylaetusetoeoumtnins

96 2713 187 2795 bunt,
215 2734 283 2779 oum
297 2736 359 2777 non
373 2714 431 2790 illi,
451 2710 506 2777 sed
521 2712 575 2776 alii
590 2714 664 2795 ipsis
683 2732 796 2775 annun·
888 2714 952 2775 Pes·
980 2730 1036 2777 vos
1057 2716 1245 2794 proficiscor
1274 2717 1310 2777 in
1336 2716 1542 2793 Hispaniam

96 2802 222 2865 tiassem
247 2796 474 2883 Evangelium?
499 2790 694 2882 despondeo,
729 2819 796 2861 eum
845 2798 975 2861 Graecos
991 2798 1151 2863 discedam
1159 2802 1542 2880 peoonsnfflapontam

96 2889 211 2969 optima
231 2888 350 2948 ratione
370 2884 502 2949 Paulum
524 2880 555 2949 id
581 2885 698 2962 diesne,
726 2904 796 2967 pro·
844 2886 958 2949 Sensus
973 2888 1065 2947 totius
1079 2886 1212 2969 periodi:
1239 2886 1309 2949 Hoe
1329 2888 1439 2971 igitur,
1466 2884 1542 2971 quod

97 2981 204 3055 pterea
230 2971 313 3055 quod
338 2970 468 3061 gentiles
495 2972 667 3061 adudaeis,
690 2962 729 3034 si
744 2970 797 3033 ills
844 2968 908 3032 dixi
924 2991 973 3033 me
986 2970 1148 3048 iaetumm,
1165 2960 1254 3035 irmnl
1269 2982 1364 3057 atque
1377 2975 1541 3069 perieooro,

95 3067 203 3121 saneta
224 3062 370 3120 societate
391 3079 557 3141 pauperum
579 3061 631 3162 (pri
653 3058 796 3121 Hier'oso·
844 3066 875 3119 et
889 3056 1045 3133 fratribus,
1072 3060 1125 3140 qui
1142 3058 1366 3141 Hierosolymis
1380 3070 1469 3137 sunt,
1496 3060 1541 3122 ob·

95 3145 184 3227 lymis
201 3154 233 3207 et
255 3146 287 3206 in
300 3145 425 3208 Judaea
445 3155 544 3223 eraut,
565 3142 663 3229 mrsiis
677 3150 714 3206 ao
726 3162 794 3227 pro·
844 3144 992 3225 sigusium
1017 3145 1170 3207 tradidero
1195 3147 1371 3229 pecuniam,
1405 3147 1479 3209 inde
1504 3144 1540 3209 ud

94 3232 188 3308 fectis,
202 3232 404 3312 Evangelium
419 3234 606 3313 aooipiss'ent.
629 3230 720 3293 Unde
735 3250 796 3292 non
842 3251 899 3291 vos
913 3231 979 3307 ibo,
997 3251 1051 3312 per
1070 3253 1125 3294 vos
1148 3232 1282 3296 abiturus
1296 3236 1328 3295 lu
1343 3232 1540 3315 Hispaniam,

95 3318 190 3380 solum
206 3318 359 3381 debitores
376 3326 460 3381 erant
481 3320 532 3401 iis,
559 3320 611 3400 qui
631 3319 716 3379 missi
731 3317 795 3378 fue·
843 3317 950 3393 idest,
975 3318 1007 3378 id
1028 3318 1130 3379 faeere
1152 3339 1286 3401 propono
1309 3338 1347 3380 ae
1362 3330 1463 3400 spero.
1496 3320 1542 3382 file

95 3414 180 3480 rant,
196 3413 230 3467 ut
244 3403 360 3479 Paulo,
378 3404 472 3481 Silue,
492 3404 672 3483 Barnabae,
695 3403 748 3466 sed
765 3411 796 3464 et
843 3405 923 3464 enim
938 3404 1179 3487 supradixerat:
1200 3408 1319 3485 spero,
1341 3406 1432 3486 quod
1442 3426 1539 3486 pros·

95 3490 171 3567 illis,
197 3512 217 3551 a
231 3491 342 3573 quibus
357 3492 455 3567 missi,
480 3500 625 3574 tauquam
648 3492 794 3565 societati,
842 3492 958 3552 terium
971 3491 1098 3553 videam
1112 3510 1177 3554 vos.

95 3579 181 3656 eujus
198 3587 284 3639 erant
298 3578 439 3640 membru.
477 3576 548 3658 Qus
568 3578 684 3640 rau'one
702 3579 793 3639 etiam
884 3576 1000 3640 Verum
1015 3577 1107 3659 igitur
1121 3577 1213 3656 dixit,
1239 3578 1310 3641 lieet
1324 3588 1462 3656 eventus,
1476 3578 1539 3641 Deo

92 3663 183 3724 hodie
198 3666 378 3725 sustentatio
401 3662 530 3727 debetur
545 3687 564 3726 a
577 3664 705 3747 populo,
732 3684 793 3725 non
842 3662 929 3726 aliter
944 3663 1136 3744 dlsponente,
1158 3666 1313 3751 proposito
1336 3685 1399 3728 non
1421 3686 1539 3749 respon·

92 3752 145 3813 uui
161 3760 215 3811 aut
228 3751 317 3814 alteri
331 3751 562 3833 Evangelistae:
585 3749 639 3812 sed
655 3750 792 3812 etirstri·
842 3748 927 3811 derit.
964 3748 1031 3812 Nee
1058 3750 1225 3813 audiendus
1251 3752 1346 3834 Hugo
1368 3752 1540 3816 Viotorluur

93 3837 152 3899 bus
167 3837 303 3917 ejusdem
322 3838 495 3915 monasterii
517 3858 569 3899 seu
585 3838 790 3919 congregotio·
840 3834 958 3898 dicens:
974 3839 1112 3919 quamuis
1123 3841 1266 3900 mentitus
1278 3860 1339 3901 non
1355 3840 1449 3902 fuerit
1463 3840 1538 3923 Apo·

92 3925 702 4073 21prittxsffiotlllltwlugtgsmtugessegtoiz
713 3942 793 4073 {ludo
839 3921 1539 4095 mudddidddsddmld'ddrddlddirdlldlddlrrgranl·

92 4096 790 4262 ‘¹¹¹ii⁸‘'1i0⁸0⁷'.·,²llr⁴tll⁰diffidi?
839 4096 1264 4266 litifltitttltl
1275 4098 1540 4261 {illitati

178 4230 185 4243 ·
778 4228 789 4259 s

91 4278 120 4329 st
136 4273 342 4347 ossiynovero
357 4273 401 4331 eis
420 4272 565 4349 fractam
580 4273 672 4333 hune.
711 4272 791 4334 Cum
838 4290 912 4331 vero
931 4290 1019 4331 sensu
1041 4268 1135 4332 tuisse
1158 4272 1196 4333 ab
1214 4292 1249 4332 eo
1273 4270 1370 4348 dieta;
1396 4262 1538 4357 duemad·

91 4361 313 4435 osstonavero,
340 4377 449 4437 graece
473 4349 738 4437 σφραγισάμενος,
760 4356 791 4416 id
839 4357 959 4418 modum
975 4365 1005 4417 et
1021 4352 1155 4419 'Phomas
1171 4358 1248 4421 beno
1263 4357 1402 4441 explieat
1416 4360 1449 4422 in
1463 4380 1537 4421 oon·

91 4452 151 4521 est,
190 4464 260 4505 eam
291 4444 514 4521 obsieaovero,
552 4448 790 4520 oossss'estouero.
838 4445 996 4505 monterio.
1018 4445 1112 4505 Porro
1125 4464 1185 4511 uon
1195 4442 1226 4506 ld
1238 4445 1354 4507 laetum
1366 4456 1445 4522 esse,
1459 4444 1539 4528 quod

90 4527 274 4614 Quanquam
296 4538 379 4592 reete
402 4551 436 4592 se
458 4530 551 4592 habet
572 4533 789 4608 ostiensem,
838 4528 953 4591 Paulus
966 4531 1171 4597 animoeouee
1193 4538 1311 4605 ersten
1321 4532 1537 4595 historiaaote

91 4617 118 4676 si
144 4620 298 4699 assignare
325 4618 531 4701 interpreteris
557 4617 707 4699 signatum
737 4616 788 4679 ad·
838 4637 904 4678 rum
927 4616 995 4697 ejus
1018 4616 1141 4679 aLtroa
1169 4550 1322 4699 descripta
1344 4640 1411 4701 rap.
1435 4622 1485 4681 21.
1506 4628 1536 4679 st

88 4703 168 4767 ferre
183 4712 215 4767 et
228 4702 366 4767 oedem
382 4702 533 4787 quomodo
547 4704 626 4766 solet
635 4702 721 4767 reddi
735 4724 788 4786 pe·
838 4704 1050 4785 sequentibus,
1077 4707 1267 4787 perspicuum
1296 4714 1352 4768 est
1396 4704 1477 4789 liam
1503 4704 1536 4766 ut
