3254 5190
90 298 163 365 243
588 287 821 343 commotius
838 287 869 344 u
890 287 957 344 ctl’.
976 289 1017 346 11.

88 474 211 527 notetus
223 465 313 545 legit:
337 455 489 543 trecitini,
505 465 685 542 quaerebat.
708 464 783 526 Sen-
832 485 914 527 mum
935 467 967 527 in
988 466 1066 529 molo
1089 475 1275 530 constsntem
1294 477 1327 530 et
1339 466 1536 541 obstantum,

89 572 140 614 sus
156 561 219 613 est:
240 551 356 613 Judsei
365 551 528 630 justitium,
552 571 642 631 quom
662 571 785 633 quaere
831 562 867 613 ut
877 552 949 614 inde
957 562 1087 633 nequest
1098 554 1261 632 dimoveri3
1276 553 1536 637 quomedmodum

88 640 162 700 bant
176 648 207 699 et
225 638 431 711 sectabuntur,
454 646 486 698 et
507 637 607 698 adhuc
624 647 785 719 quaerunt,
834 638 917 720 quod
946 640 1032 701 clsvo
1062 640 1185 701 affixum
1213 649 1275 714 est,
1312 660 1406 721 segre
1434 649 1538 724 potest

88 747 149 786 non
163 734 233 786 sunt
249 725 387 797 assecuti,
410 726 484 803 quio
498 742 635 785 nonesm
650 727 785 805 quoesis-
833 725 934 786 evelli.
979 725 1056 788 Tele
1093 727 1167 807 quid
1203 730 1283 788 enim
1317 747 1381 790 vox
1416 727 1537 790 Gneo·

88 809 786 892 suntnecquseruntquemsdmodumoportet
834 806 996 879 κατανύξις
1016 814 1175 893 significet,
1197 835 1251 894 pro
1272 833 1336 896 qus
1358 811 1536 896 Cyprisnue

89 898 248 978 Quaerunt
263 900 341 958 enim
358 917 396 957 ox
411 898 561 976 operibus,
584 917 652 958 cum
671 898 724 959 illa
738 919 785 960 so·
835 901 921 979 epist
938 900 999 972 55,
1015 919 1093 980 quse
1108 909 1155 961 est
1169 898 1208 960 ud
1223 899 1405 975 Cornelium,
1425 909 1537 962 mne·

88 985 150 1044 lum
172 985 318 1045 habentur
341 1003 379 1043 ex
405 985 510 1063 gretie
547 983 645 1044 Simili
664 1006 786 1065 prorsus
830 989 1040 1062 punctionem
1057 985 1140 1066 legit
1160 986 1310 1068 Suntqni
1320 1005 1430 1048 rocem
1445 988 1536 1048 istum

89 1072 238 1132 sententis
248 1072 313 1148 jam
328 1090 421 1149 supra
435 1089 499 1148 cap.
517 1071 786 1152 unxeratque
834 1092 973 1151 gmecsm
1001 1073 1143 1133 idiomate
1172 1072 1380 1136 Alexandrino
1409 1073 1535 1135 nudent

89 1159 192 1218 lsrael
206 1158 355 1218 sectando
368 1157 466 1232 leoem
476 1160 621 1231 justitiae
636 1161 672 1219 in
687 1160 786 1235 lcocm
834 1158 1003 1238 significare
1025 1160 1121 1219 cltum
1143 1179 1280 1241 soporem
1303 1180 1340 1221 sc
1365 1169 1534 1221 veternum.

83 1248 232 1320 justitiae
262 1263 329 1305 non
351 1247 517 1319 pervenit,
550 1247 628 1321 quia
653 1264 721 1307 non
748 1265 786 1308 cu
834 1243 947 1305 Confer
961 1245 1091 1306 indicem
1105 1243 1145 1305 ud
1162 1248 1211 1307 70.
1226 1247 1292 1307 Lot
1305 1247 1460 1308 etBsrun.
1475 1248 1535 1306 An

89 1332 162 1409 fide,
186 1331 566 1408 sedquasiecoperibus.
589 1330 785 1413 Etcsp.10.‚
835 1334 885 1394 34.
908 1328 938 1406 ἕ.
962 1333 1032 1392 107.
1063 1330 1215 1393 Convenit
1235 1341 1337 1393 sutem
1353 1332 1432 1394 hsec
1446 1334 1537 1393 iuter·

90 1417 170 1498 quod
184 1420 541 1493 ianorontesy'ustitiam
556 1420 629 1494 Dei,
651 1427 681 1479 ct
695 1439 785 1480 suam
833 1419 962 1500 protetio
984 1438 1051 1479 cum
1071 1438 1125 1492 eo,
1147 1418 1228 1499 quod
1250 1427 1298 1480 est
1319 1421 1351 1480 in
1373 1420 1536 1483 neenec:

92 1512 278 1582 quaerentes
298 1511 453 1580 statuere,
472 1507 616 1578 justitiae
636 1506 699 1566 Dei
718 1524 786 1567 non
834 1509 982 1583 spiritum
993 1508 1123 1582 soporis.
1146 1506 1225 1566 Num
1237 1513 1536 1586 etsoporrestenox

90 1599 164 1653 sunt
182 1592 320 1665 subjecti.
835 1601 894 1665 est,
915 1593 1045 1652 maxime
1067 1591 1188 1672 qualem
1210 1612 1273 1654 vox
1286 1591 1433 1654 Hebrses
1447 1593 1536 1672 sigui·

133 1681 372 1740 Electioautem
388 1685 617 1738 consecutaest.
640 1679 786 1740 Hebrais·
834 1680 921 1751 ficut,
950 1676 980 1737 id
1004 1685 1066 1749 est,
1089 1698 1225 1739 somnum
1248 1687 1365 1740 emtum
1388 1688 1421 1740 et
1443 1679 1533 1740 rebe

90 1785 155 1825 mus
171 1766 279 1825 electio
293 1784 347 1845 pro
364 1763 474 1823 electis.
513 1765 641 1825 Sensus:
664 1765 725 1827 Sed
740 1786 783 1826 re·
835 1772 975 1836 mentem,
1020 1765 1188 1844 cujusmodi
1216 1765 1326 1845 legitur
1355 1787 1375 1826 s
1403 1766 1537 1827 Domino

90 1853 205 1931 liquiee
229 1851 309 1911 illius
330 1850 451 1929 populi,
486 1869 562 1930 quos
584 1872 638 1931 per
661 1854 787 1932 gretiam
835 1852 986 1911 immissus
1008 1850 1037 1910 in
1056 1850 1155 1911 Adom
1171 1851 1247 1915 Gon.
1264 1853 1311 1927 2.,
1333 1853 1366 1913 in
1379 1853 1537 1916 Abrohom

91 1958 175 1998 suom
190 1939 276 1997 Deus
293 1937 400 2015 elegit,
424 1946 602 1998 consecutae
621 1940 788 2018 suntjnsti·
836 1937 913 1999 Gen.
939 1937 996 2011 15,
1018 1938 1050 1997 in
1075 1939 1199 1998 comites
1223 1938 1299 1999 Saul
1324 1942 1353 1998 1.
1380 1941 1459 2020 Reg.
1485 1941 1536 2000 26.

91 2023 441 2098 tiam,videlioetcxfide.
454 2024 788 2104 Reliquisrumelectio-
836 2025 894 2084 His
910 2026 986 2084 enim
1002 2023 1075 2084 locis
1091 2024 1196 2085 eodem
1211 2033 1259 2086 est
1273 2024 1369 2086 dictio
1385 2025 1538 2087 Hebraico

46 2120 50 2126 '
91 2132 158 2171 nem
186 2111 311 2189 intelligi
341 2111 436 2190 liquet
466 2130 503 2171 ex
530 2111 787 2191 praecedentibus.
837 2110 1377 2191 fumwnthsrdemslrffluseupnd
1388 2112 1538 2185 Jessisn

91 2198 200 2258 Maluit
230 2205 330 2257 autem
360 2197 461 2258 dicere
491 2198 668 2260 electionem
698 2218 789 2280 qusm
836 2196 908 2257 licet
922 2195 1020 2256 Lxx
1036 2217 1096 2258 non
1119 2196 1245 2258 eundem
1264 2217 1371 2260 vocem
1388 2197 1538 2260 Gneoum

92 2284 219 2358 electos,
243 2292 276 2343 ut
299 2285 359 2343 vim
380 2285 531 2364 gratuitae
552 2285 708 2347 electionis
730 2287 789 2345 Dei
836 2283 946 2363 ubique
960 2282 1156 2345 reddiderint
1179 2285 1259 2344 Nsm
1273 2285 1305 2345 in
1320 2284 1439 2347 Genesi
1455 2293 1537 2346 trun·

91 2373 237 2443 innueret,
260 2389 351 2450 sque
362 2379 458 2430 totum
470 2371 584 2431 habent
593 2373 690 2444 electi,
707 2371 789 2453 quod
836 2369 983 2433 stulerunt
997 2362 1157 2443 ἔκστασιν,
1176 2370 1208 2430 id
1227 2380 1288 2444 est,
1311 2374 1421 2433 mentis
1434 2389 1537 2433 exces-

93 2458 220 2528 hsbent,
243 2456 352 2530 idest,
375 2457 525 2537 quidquid
547 2460 639 2519 ineis
655 2477 788 2538 essepo·
836 2477 919 2532 sum;
940 2457 1089 2535 inRegum
1100 2456 1152 2516 lib.
1169 2448 1300 2534 θάμβος,
1313 2456 1345 2517 id
1362 2466 1419 2532 est,
1433 2467 1538 2538 stupo-

94 2553 151 2605 test
165 2545 237 2604 boni
253 2544 357 2603 meriti.
835 2564 914 2618 rem,
929 2542 960 2601 in
973 2542 1083 2603 Jessio
1099 2537 1269 2619 κατανύξιν,
1286 2552 1321 2603 nt
1335 2543 1415 2619 dixi,
1435 2545 1468 2606 id
1483 2552 1538 2618 est,

138 2633 260 2693 Caeteri
282 2648 357 2689 vero
381 2633 539 2690 excaecati
553 2639 637 2692 sunt.
674 2630 790 2691 Graece
836 2631 1102 2710 compunctionem,
1115 2628 1391 2710 quodetinPsslm.
1405 2631 1539 2711 cetego

94 2710 321 2793 ἐπωρώθησαν,
344 2716 494 2777 indurati
514 2726 597 2778 sunt.
634 2717 682 2776 Its
696 2721 790 2778 vertit
836 2725 900 2790 tur,
922 2716 975 2776 ubi
989 2736 1044 2776 nos
1058 2716 1220 2777 hebemus:
1243 2718 1367 2778 Potasti
1381 2736 1445 2780 nos
1458 2721 1537 2780 vino

94 2806 242 2883 interpres
251 2803 274 2863 J
276 2822 333 2863 oon
348 2804 411 2862 12.ε
426 2804 597 2864 induravit
607 2822 788 2864 coecorum.
836 2805 1097 2880 cornpunctionis,
1110 2803 1397 2865 etsinonexesdem
1403 2804 1541 2867 dictione

94 2891 142 2951 De
157 2891 214 2951 hoc
234 2889 350 2969 plenius
372 2888 451 2949 infru
473 2890 512 2949 sd
535 2890 624 2952 illud:
647 2893 789 2952 Caecitas
837 2890 998 2951 Hebraico.

96 2985 248 3053 exparte
270 2980 401 3052 conticit
427 2979 463 3036 in
484 2978 596 3040 Israel.
633 2978 788 3058 Exceptis,
880 2975 1075 3055 significetur
1097 2996 1168 3055 ergo
1202 2985 1264 3036 tem
1290 2977 1408 3057 soporis
1447 2996 1539 3057 quom

96 3066 207 3144 iuquit,
230 3063 376 3143 reliquiis,
399 3065 510 3123 coeteri
530 3065 642 3126 Judsei
665 3086 724 3124 non
742 3084 788 3124 so·
837 3059 1074 3143 compunctionis
1093 3061 1240 3122 vocnbnlo
1259 3069 1366 3143 stupor
1386 3071 1421 3124 et
1435 3064 1539 3124 immo·

94 3150 156 3210 lum
172 3149 283 3211 deserti
299 3158 384 3225 suut,
405 3170 508 3211 verum
524 3153 612 3212 etism
636 3171 691 3211 sua
705 3151 789 3212 moli·
836 3151 939 3211 bilites
954 3149 1113 3229 quaedem,
1136 3156 1171 3207 ut
1185 3157 1230 3209 est
1245 3148 1376 3210 hominis
1391 3150 1541 3211 olricumo

96 3240 138 3297 tie
153 3239 323 3309 excaecuti,
346 3245 379 3296 ut
401 3238 514 3297 clarum
536 3239 636 3300 lumen
654 3240 790 3300 resitutis
838 3257 940 3297 somno
963 3235 1092 3311 demersi
1121 3254 1157 3295 ec
1182 3233 1258 3297 nihil
1281 3234 1460 3312 sentientis,
1489 3245 1541 3298 snt

95 3325 256 3404 Evangelii
274 3345 334 3384 uon
356 3323 494 3398 videant,
516 3327 574 3386 imo
597 3335 628 3386 et
651 3325 789 3399 indurati,
837 3325 881 3383 rei
894 3321 1309 3400 cortolocopenituseffixue
1332 3323 1431 3384 Dedit
1441 3330 1541 3386 sutem

94 3411 244 3473 utvidere
260 3411 364 3472 nolint
388 3409 447 3471 Cui
456 3415 555 3474 sensui
565 3413 643 3474 bene
660 3412 791 3493 qusdrst
837 3411 923 3469 Deus
938 3408 1017 3468 hunc
1036 3410 1171 3488 spiritum
1186 3409 1333 3484 Judeeis,
1349 3429 1420 3471 non
1433 3412 1542 3472 immit-

94 3500 295 3558 tcstimouium
310 3517 455 3578 sequens:
838 3493 926 3556 tendo
956 3496 1063 3555 animis
1099 3515 1201 3555 eornm
1236 3497 1451 3576 pertinacium,
1488 3496 1541 3559 sed

137 3586 166 3644 8.
189 3588 277 3646 Sicut
288 3588 440 3661 scriptum
452 3593 510 3646 cst:
525 3586 694 3647 Dedittiiis
702 3587 791 3647 Deus
837 3583 967 3663 gratiam
984 3601 1044 3642 non
1068 3581 1262 3661 opponendo,
1285 3590 1316 3643 et
1338 3584 1468 3664 insuper
1487 3602 1542 3665 pro

93 3674 242 3748 spiritum
262 3676 522 3748 compunctionis.
555 3673 617 3732 Hic
636 3673 721 3732 locus
744 3679 791 3731 cst
837 3670 950 3731 meritis
961 3667 1133 3728 occasiones
1145 3675 1174 3730 et
1183 3667 1370 3730 offendiculo
1381 3670 1542 3751 ponendo;

92 3757 174 3838 opud
193 3758 330 3818 Jesaiam
353 3779 418 3838 cop.
441 3761 491 3820 29.
510 3759 601 3837 juxte
621 3759 789 3819 versionem
837 3752 1087 3835 quemadmodum
1108 3755 1282 3833 hujusmodi
1305 3757 1476 3837 scripturus
1496 3758 1540 3818 in·

92 3845 193 3904 LXX.
224 3846 429 3922 interpretum.
457 3843 555 3906 'Nam
583 3844 636 3905 ubi
666 3862 720 3904 nos
750 3863 790 3904 ex
836 3840 1015 3920 telligendss
1023 3859 1100 3915 esse,
1114 3840 1442 3905 ostendimnsudillud
1450 3844 1541 3924 lrujtn

92 3932 235 3993 Hebraeo
257 3931 403 4010 legimus:
426 3934 550 3993 miscuit
571 3931 659 3992 coiis
673 3933 789 3992 Domi·
837 3927 984 4007 epistolse
995 3947 1061 4007 cup.
1079 3931 1124 3987 1.:
1151 3927 1302 3988 Tradidit
1311 3929 1387 3991 iilos
1400 3931 1492 3992 Deus
1504 3934 1542 3992 in

92 4037 153 4078 nus
167 4020 315 4094 spiritum
335 4021 474 4095 soporis,
497 4017 579 4098 spud
594 4016 693 4079 LXX.
716 4017 789 4097 leffl·
837 4014 995 4074 desideria
1016 4014 1121 4074 cordis
1139 4031 1258 4075 comm.
1296 4015 1394 4076 Porro
1408 4035 1541 4091 murum,

90 4119 153 4163 sur:
176 4107 306 4165 Potaoit
321 4124 376 4166 vos
390 4106 551 4166 Dominus
572 4108 688 4181 spiritu
703 4123 789 4165 com·
837 4119 928 4181 quem
950 4099 1100 4174 dedimus,
1123 4101 1299 4163 confirmunt
1320 4121 1376 4177 es,
1398 4122 1483 4184 quse
1496 4123 1542 4165 se

88 4194 282 4267 punctionis.
291 4192 388 4271 Igitur
396 4192 535 4270 spiritum
544 4190 789 4272 compunctionis,
837 4194 985 4268 quuutnr:
1457 4266 1460 4271 ⁶

90 4298 150 4335 non
167 4286 199 4335 ut
213 4277 335 4355 quidem
362 4286 531 4357 exponunt,
554 4278 692 4356 spiritum
707 4276 788 4338 dolo·
881 4274 1010 4349 Oculos,
1033 4280 1070 4333 ut
1084 4291 1152 4334 non
1167 4273 1311 4349 videant,
1336 4281 1368 4335 ct
1381 4293 1491 4353 mres,
1505 4282 1544 4337 stt

91 4365 133 4422 ris
148 4373 178 4422 et
195 4363 329 4422 invidias
343 4365 491 4425 dvorsus
506 4363 636 4444 gentilos
652 4365 684 4424 in
703 4361 787 4424 chn-
836 4378 904 4421 non
918 4361 1067 4435 cudunt,
1079 4363 1227 4437 usquein
1238 4361 1435 4423 hodiernum
1446 4362 1542 4423 dicen.

91 4458 169 4508 stum
185 4448 359 4524 credentes,
382 4451 524 4530 intelligit
539 4450 711 4530 Apostolus,
734 4448 789 4511 sed
836 4445 994 4507 Comoedi
1013 4447 1216 4507 testimonium
1242 4465 1281 4508 ex
1303 4446 1437 4510 diversis
1460 4449 1542 4524 lucie

86 4535 175 4613 juxte
190 4533 370 4596 Graecorum
386 4536 603 4618 chrysostomi,
623 4535 787 4616 Theophy·
835 4533 1003 4612 etquidem
1019 4533 1157 4612 ejusdem
1172 4533 1348 4614 prophetoe,
1366 4536 1461 4614 juxte
1476 4555 1544 4597 seu·

91 4619 162 4681 lacti
173 4628 204 4679 et
215 4617 387 4682 Oscumcnii
398 4623 684 4706 interpretationem,
699 4623 786 4702 spiri·
833 4621 958 4680 tentiam
971 4621 1103 4680 omnium
1118 4618 1183 4682 lere
1198 4622 1416 4702 expositorum
1451 4622 1545 4683 Hune

89 4714 153 4766 tum
167 4709 297 4788 stuporis
317 4719 350 4770 ct
362 4710 548 4791 pertinacius
555 4756 563 4787 ,
587 4710 620 4772 id
635 4717 700 4784 est,
721 4710 786 4771 sni·
834 4707 913 4767 onim
939 4715 1058 4788 purtem
1086 4716 1237 4790 sumptum
1265 4726 1336 4774 esse
1363 4707 1478 4773 volunt
1502 4725 1543 4772 cx
