3254 5190
461 267 624 322 aristatas
642 268 681 322 Ab
701 268 854 324 ROMANOS.
891 269 974 322 VERS.
995 272 1034 322 lt.
1420 271 1489 340 113

49 447 137 527 potuit
151 455 352 525 peccaturas
372 444 499 517 mundo,
527 456 561 505 ut
584 456 748 526 propterea
795 447 1000 517 subverteret,
1024 441 1101 504 Cain
1123 462 1221 523 vagus
1237 450 1268 502 et
1288 442 1432 521 profugus
1448 461 1492 501 es·

48 533 101 593 alio
116 531 255 592 remedio
270 531 366 592 fuerit
382 552 474 611 opas,
502 552 563 611 quo
587 543 747 611 peccatum
795 541 841 593 set
857 540 1087 610 superterram,
1109 529 1254 589 Chanaan
1278 528 1418 590 servituti
1434 525 1492 586 fra·

50 619 214 682 tolleretur.
229 619 335 680 Juxta
350 637 443 699 quem
454 637 574 679 sensum
591 621 683 680 tacite
698 620 749 680 hic
796 630 873 679 trum
893 617 1061 695 subjectus,
1084 617 1148 676 Her
1172 626 1203 676 et
1218 613 1306 677 Onan
1329 639 1347 676 a
1362 616 1494 674 Domino

48 706 196 769 indicatur
221 707 389 766 necessitas
409 706 563 784 petendae
578 716 609 766 et
624 726 747 786 exspec·
795 703 954 786 percussi?
969 705 1139 782 Responsio
1154 713 1239 782 patet
1253 724 1291 763 ex
1307 704 1403 764 dictis.
1416 700 1496 762 Nam

48 792 152 855 tendas
162 793 311 871 justitiae
326 813 344 851 a
360 789 491 852 Christo.
796 793 896 873 puniti
920 790 1043 850 fuerunt
1057 791 1088 849 hi
1104 810 1224 862 omnes,
1254 810 1312 850 non
1336 790 1374 849 ob
1398 796 1495 848 trans

84 880 147 940 alii
157 899 237 939 vero
254 881 313 939 sic:
329 898 388 938 non
404 879 501 939 solum
514 888 648 958 tempore
659 878 749 956 legis,
796 879 983 957 gressionem
1007 876 1083 955 legis
1105 877 1235 953 alicujus
1252 896 1270 934 a
1292 876 1359 937 Deo
1375 875 1494 955 positae

48 966 165 1048 quando
181 965 328 1026 maifeata
344 976 392 1025 est
407 967 620 1044 transgressio,
647 984 750 1025 verum
798 961 911 1042 (neque
927 965 1004 1023 enim
1020 962 1093 1021 data
1109 974 1174 1021 crat
1194 960 1273 1039 lex),
1300 963 1354 1023 sed
1376 970 1497 1041 propter

49 1056 132 1114 ctiam
147 1052 192 1112 ab
210 1054 300 1112 initio
315 1071 411 1132 usque
427 1051 466 1111 ad
482 1064 611 1130 tempus,
627 1072 686 1131 quo
699 1051 749 1110 lex
797 1050 912 1110 violata
924 1050 996 1128 jura
1011 1060 1139 1109 naturae
1155 1052 1288 1127 peccatis
1305 1060 1366 1109 tam
1380 1048 1497 1127 magnis

49 1139 114 1201 data
137 1149 209 1211 est,
232 1149 394 1219 peccatum
417 1149 480 1198 erat
496 1141 527 1198 in
542 1138 662 1198 mundo.
690 1138 751 1196 Hic
798 1147 921 1216 tamque
936 1135 1122 1206 manifestis,
1146 1146 1179 1196 ut
1194 1135 1338 1196 ultionem
1354 1152 1498 1215 provoca·

49 1246 152 1289 nasus
168 1225 338 1305 simplicior
353 1235 412 1299 cst,
436 1235 467 1285 et
477 1225 516 1285 ad
532 1245 657 1305 scopum
670 1226 750 1304 Apo·
798 1234 866 1284 rent
883 1224 958 1301 ejus,
982 1225 1035 1302 qui
1052 1235 1142 1282 autor
1158 1232 1205 1282 est
1220 1235 1357 1283 naturae.

52 1314 117 1374 stoli
136 1314 286 1393 superius
308 1311 471 1372 indicatum
491 1310 751 1373 accommodatior.
841 1311 935 1370 Porro
959 1311 1082 1389 quidam
1105 1311 1148 1368 sic
1171 1311 1405 1390 interpretantur
1422 1308 1499 1367 hanc

52 1402 193 1480 Denique
220 1402 251 1459 ei
278 1399 373 1479 probe
400 1398 579 1478 respondet,
606 1397 686 1478 quod
708 1417 752 1457 se·
799 1404 931 1478 partem:
958 1397 1011 1455 ubi
1035 1396 1085 1456 lex
1106 1415 1165 1455 non
1181 1405 1242 1469 est,
1265 1406 1425 1476 peccatum
1440 1414 1500 1454 non

53 1489 169 1568 quitur:
801 1484 941 1563 agnosci,
966 1504 1020 1542 nec
1035 1484 1168 1562 reputari
1184 1493 1360 1562 peccatum,
1383 1481 1501 1542 scilicet

90 1576 267 1635 Peccatum
289 1579 395 1632 autem
421 1591 488 1632 nou
511 1573 751 1648 imputabatur,
801 1592 819 1630 a
846 1580 1007 1648 peccante,
1037 1589 1098 1646 per
1125 1571 1223 1647 lcpcm
1250 1574 1335 1632 enim
1361 1570 1500 1645 cognitio

57 1660 193 1721 umisa
210 1666 389 1735 uoucmct5
406 1657 471 1732 vel,
488 1658 650 1720 athabent
673 1657 753 1717 codi·
798 1661 939 1733 pcccati,
964 1676 1058 1735 supra
1080 1677 1146 1736 cap.
1171 1658 1198 1716 3.
1228 1657 1289 1718 Sed
1305 1679 1364 1717 non
1380 1654 1501 1715 videtur

56 1766 100 1807 eas
124 1766 200 1807 mas.
227 1767 288 1807 non
314 1746 419 1826 pauci,
446 1744 600 1825 iidemque
628 1744 753 1805 Graecis
802 1743 850 1802 hic
866 1764 934 1804 esse
949 1763 1056 1803 sensus
1071 1744 1169 1817 Pauli,
1196 1748 1250 1825 qui
1266 1747 1500 1824 imputationem

56 1836 294 1894 eonsentientes:
310 1835 480 1893 Peccatum
495 1834 602 1892 aute'm
614 1850 681 1892 aon
692 1835 754 1892 im·
802 1850 921 1909 semper
939 1830 1084 1910 intelligit
1099 1851 1175 1905 eam,
1192 1852 1270 1911 quae
1284 1834 1318 1892 fit
1332 1832 1369 1891 ab
1386 1833 1455 1905 alio,
1467 1842 1502 1890 ιιι

55 1928 199 1996 putatur,
215 1939 288 1980 crem
304 1921 354 1980 lex
369 1938 436 1980 uon
448 1927 500 1979 cst.
517 1916 672 1979 Connexio
684 1919 754 1978 talis
802 1927 888 1996 patet
901 1918 1046 1997 imprimis
1059 1936 1100 1978 ex
1111 1921 1213 1996 capite
1224 1919 1427 1999 praecedenti,
1450 1919 1499 1979 de·

57 2016 110 2067 cst:
141 2017 213 2068 erat
234 2008 361 2086 quidem
383 2008 472 2065 etiam
488 2015 557 2065 ante
573 2006 671 2086 legem
687 2025 754 2085 pec·
803 2003 873 2063 inde
890 2024 929 2063 ex
945 2005 1013 2063 aliis
1030 2005 1114 2080 locis,
1132 2017 1166 2065 ut
1182 2008 1200 2064 2
1218 2007 1297 2066 Tim.
1316 2013 1362 2070 4:
1387 2011 1502 2071 Omnes

58 2104 152 2153 catum
174 2095 208 2154 in
231 2091 360 2165 mando,
387 2092 522 2152 sednon
545 2094 755 2172 imputabatur,
802 2111 850 2149 ms
866 2091 1124 2166 dereliquerunt,
1148 2113 1216 2153 aon
1238 2096 1302 2156 illis
1317 2101 1500 2171 imputetur.

58 2182 140 2260 qais,
155 2179 212 2239 ubi
228 2180 281 2240 lex
296 2200 356 2239 non
371 2190 431 2251 est,
454 2189 613 2259 peccatum
628 2201 687 2239 ιιοιι
702 2179 754 2237 im·
802 2177 844 2236 Et
855 2176 894 2236 ad
904 2177 1046 2238 Philem.:
1058 2180 1093 2239 Si
1104 2180 1228 2255 aliquid
1244 2185 1352 2242 nocuit
1363 2183 1430 2258 tibi,
1444 2189 1502 2242 aut

10 2330 12 2341 ¹
56 2276 186 2346 putatur.
211 2265 316 2345 Negat
330 2266 496 2346 Apostolus
512 2268 578 2326 sine
592 2266 661 2345 lege
686 2284 755 2344 pec·
803 2264 902 2339 debet,
919 2266 975 2323 boc
987 2266 1065 2323 mibi
1080 2267 1214 2340 imputa.

59 2366 154 2413 tatum
167 2353 327 2432 imputari,
342 2373 402 2412 non
414 2353 608 2432 simpliciter;
619 2355 664 2412 sic
676 2353 756 2411 enim
846 2351 868 2410 J
871 2371 919 2409 am
949 2350 1027 2431 quod
1053 2351 1191 2411 nonnulli
1218 2365 1334 2432 partem
1361 2356 1439 2416 hanc
1456 2359 1501 2417 ita

57 2452 120 2501 mte
141 2440 247 2519 legem
268 2440 349 2518 justi
375 2437 504 2501 fuissent
530 2459 650 2511 omnes,
668 2439 757 2517 juxta
804 2436 959 2515 supplent:
982 2438 1146 2497 Peccatum
1164 2459 1222 2500 non
1240 2441 1447 2520 imputabatur
1462 2443 1501 2503 ad

10 2598 12 2613 Ι
58 2525 141 2595 ‚dludr
168 2528 295 2588 Beatus
321 2529 383 2601 vir,
414 2530 465 2587 cui
493 2545 560 2586 noa
585 2524 757 2601 imputabit
803 2534 942 2595 mortem,
969 2523 1091 2604 quando
1108 2526 1159 2585 lex
1182 2548 1241 2587 non
1265 2537 1345 2599 erat,
1373 2532 1501 2607 primum

10 2658 12 2701 2
60 2614 218 2674 Dominus
245 2620 433 2690 peccatum,·
463 2611 518 2672 sed
548 2613 689 2691 imputari
718 2609 757 2670 ad
805 2611 878 2670 mihi
893 2611 1036 2671 recedere
1051 2610 1195 2672 videntur
1210 2636 1228 2674 a
1243 2626 1387 2675 consueta
1407 2618 1501 2696 signi·

10 2772 12 2791 Ι
60 2700 349 2779 trasgressionem,
376 2701 446 2779 quia
472 2702 550 2759 sicut
575 2698 689 2758 dictum
712 2704 757 2756 est
804 2697 946 2757 ficatione
961 2698 1045 2757 verbi
1062 2700 1214 2778 imputare
1229 2702 1258 2760 in
1275 2703 1447 2780 scripturis,
1463 2702 1502 2763 de

10 2856 12 2871 Ι
60 2787 154 2865 capite
179 2787 349 2865 superiori:
383 2787 441 2847 Ubi
466 2805 533 2847 noa
552 2793 595 2846 est
610 2786 677 2860 lca,
701 2803 757 2844 nec
805 2804 866 2863 qua
879 2785 981 2861 capite
992 2787 1160 2863 superiore3
1178 2789 1250 2865 quia
1261 2800 1419 2865 peccatum
1428 2809 1502 2850 vera

10 2886 12 2945 1
57 2876 308 2949 prevaricatio.
319 2872 389 2951 Quo
401 2874 489 2932 etiam
504 2873 571 2933 loco
586 2873 757 2952 expositum
805 2871 1017 2930 aestimatione
1034 2891 1092 2930 non
1109 2883 1155 2932 est
1170 2893 1264 2946 mors,
1287 2874 1360 2935 licet
1375 2885 1501 2936 mortem

10 2950 14 3043 i
59 2959 201 3040 sstqnid
217 2960 480 3038 transgressionis,
496 2979 549 3019 seu
566 2959 755 3039 praevarica-
805 2966 965 3016 mereatur.
991 2957 1112 3018 Deinde
1138 2971 1271 3031 constat,
1296 2983 1356 3022 non
1383 2982 1500 3023 omnem

59 3046 142 3106 tionis
153 3048 279 3105 nomine
291 3047 482 3124 significetur.
494 3046 603 3125 Negat,
620 3046 757 3124 inquam,
806 3063 935 3121 poenam
962 3052 1215 3124 transgressorum
1243 3049 1319 3124 legis
1346 3049 1502 3110 Mosaicas

59 3143 230 3212 peccatum,
254 3132 306 3191 ubi
321 3131 371 3191 lex
393 3153 452 3191 non
474 3142 532 3203 est,
555 3132 693 3210 imputari
719 3128 758 3190 ad
806 3131 1252 3212 essemortem,quibustamen
1265 3135 1501 3196 omnibussuum

10 3200 13 3307 i
60 3221 337 3298 mmgressioncm.
366 3216 462 3296 Cujus
485 3221 528 3279 rei
553 3227 758 3296 argumentum
806 3226 964 3294 peccatum
980 3237 1018 3276 cx
1033 3228 1133 3277 mento
1148 3220 1238 3280 Pauli
1262 3221 1404 3300 imputari
1427 3222 1500 3282 dici·

10 3324 13 3381 ι
61 3316 115 3377 stt,
152 3304 239 3386 quod
269 3304 323 3363 filii
352 3305 462 3378 Israel,
499 3305 637 3385 quamvis
668 3315 698 3363 et
728 3305 757 3361 in
807 3311 864 3373 tur,
879 3302 1024 3364 videlicet
1035 3304 1074 3364 ad
1086 3309 1361 3385 transgressionem,
1377 3319 1502 3389 propter

63 3394 221 3472 Aegypto,
253 3398 284 3450 et
306 3392 337 3450 in
360 3390 478 3452 deserto
501 3401 571 3452 ante
594 3390 694 3451 datam
715 3389 757 3449 le·
807 3410 899 3468 quam
922 3390 1126 3468 subjiciuntur
1149 3395 1257 3472 poenis
1273 3415 1291 3453 a
1306 3393 1374 3473 lege
1389 3398 1500 3457 consti·

63 3497 125 3556 gam
138 3478 320 3558 frequenter
346 3486 375 3536 et
396 3481 528 3557 graviter
550 3478 759 3557 peccaverint,
806 3476 889 3535 tutis.
1217 3472 1220 3476 ’

63 3565 163 3641 partim
205 3563 289 3624 idola
321 3563 461 3637 colendo,
498 3563 580 3645 quod
613 3564 760 3642 scriptura
853 3565 900 3622 14.
917 3564 977 3624 Sed
992 3568 1139 3638 repaaoit
1155 3584 1239 3625 mors
1261 3568 1300 3626 ab
1316 3569 1421 3629 Adam
1447 3590 1501 3630 us·

64 3658 189 3711 testam
211 3649 326 3711 Erech.
353 3653 401 3712 23.
424 3662 453 3710 et
475 3652 540 3712 Jos.
565 3653 629 3723 24,
653 3651 760 3728 partim
808 3669 866 3727 que
882 3650 925 3708 ad
941 3652 1078 3725 Moysen.
1103 3652 1267 3730 Quamvis,
1294 3656 1409 3735 inquit,
1432 3667 1503 3718 ante

64 3736 269 3798 murmurando
285 3745 388 3797 contra
399 3738 496 3797 Deum
508 3749 539 3797 et
549 3738 685 3816 Moysen,
701 3757 761 3795 non
808 3737 904 3814 legem
928 3747 1085 3814 peccatum
1112 3760 1170 3798 non
1193 3741 1413 3818 imputabatur,
1437 3754 1504 3804 erat

67 3834 164 3885 tanen
179 3825 279 3905 puniti
293 3824 434 3904 leguntur
449 3825 554 3904 aliqua
570 3844 683 3902 poena,
706 3844 760 3882 seu
810 3833 910 3882 tamen
928 3825 957 3883 in
974 3824 1099 3896 mundo,
1116 3835 1147 3885 et
1160 3838 1285 3905 propter
1301 3828 1356 3889 hoc
1371 3851 1450 3891 mors
1466 3831 1503 3891 ob

70 3908 156 3990 plaga
171 3909 341 3971 manifesta.
364 3912 406 3970 At
428 3931 499 3971 vero
516 3912 619 3972 statim
635 3919 705 3988 post
720 3910 760 3969 le·
809 3919 963 3991 peccatum
974 3913 1094 3971 invecta
1103 3915 1252 3990 regnavit.
1263 3914 1292 3971 id
1302 3926 1356 3989 est,
1365 3928 1504 3996 grassata

70 4015 131 4075 gem
159 4007 191 4057 et
218 3997 295 4075 legis
322 3999 569 4058 comminationes
586 3996 761 4076 publicatas,
810 4008 866 4070 est,
882 3998 1074 4074 tyrannidem
1092 4001 1228 4058 exercuit
1243 4001 1273 4059 in
1290 4023 1384 4079 genus
1401 4003 1505 4064 huma·

70 4085 276 4163 cumprimum
294 4092 325 4141 et
341 4087 463 4164 quoties
479 4084 660 4164 peccabant,
683 4091 716 4142 ut
731 4085 761 4142 in
809 4105 889 4156 num,
906 4085 998 4144 etiam
1015 4094 1078 4143 toto
1095 4105 1129 4143 eo
1147 4096 1289 4164 tempore,
1306 4088 1388 4166 quod
1405 4090 1502 4169 legem

71 4168 145 4229 saltu
160 4171 259 4242 vituli,
274 4168 403 4250 aliisque
417 4171 523 4244 modia,
538 4191 608 4229 mox
625 4189 677 4230 eos
689 4170 762 4229 ultio
810 4170 913 4230 datam
929 4172 1100 4231 antecessit.
1125 4171 1159 4231 Id
1183 4174 1261 4231 enim
1279 4181 1324 4233 est
1344 4175 1384 4233 ab
1400 4178 1504 4236 Adam

73 4253 347 4317 divinsconsecuta
361 4265 421 4333 cst;
440 4257 603 4318 secundum
625 4255 699 4316 illud
715 4276 762 4314 ca·
809 4257 974 4333 usquead
997 4259 1134 4332 Moysen.
1162 4258 1240 4317 Nam
1268 4279 1323 4338 per
1352 4271 1505 4340 peccatum

74 4344 135 4418 pitis
149 4345 331 4425 superioris:
354 4345 422 4405 Lea
435 4348 520 4404 iram
536 4352 697 4420 operatur.
810 4364 905 4415 mors,
928 4346 995 4403 aive
1013 4343 1087 4403 illud
1104 4346 1278 4423 imputetur,
1294 4350 1359 4407 sivo
1375 4370 1442 4408 non.

110 4429 168 4489 Sed
194 4433 333 4512 quaeris:
357 4431 383 4490 si
402 4451 462 4490 non
477 4430 680 4510 imputabatur
695 4448 762 4508 pec·
854 4433 962 4492 Etiam
977 4434 1013 4489 in
1026 4449 1087 4506 eos,
1104 4434 1159 4507 qui
1171 4451 1238 4491 uon
1248 4443 1461 4507 peccauerunt
1472 4439 1507 4494 ia

75 4526 165 4575 catum
178 4526 250 4577 ante
262 4517 369 4597 legem,
393 4516 541 4597 quomodo
554 4525 614 4575 tam
627 4519 764 4596 graviter
812 4518 1054 4591 simiiitudiucm
1087 4521 1380 4592 praevaricationis
1409 4522 1507 4582 Adae.

77 4601 166 4662 aDco
180 4605 318 4685 punitum
330 4604 462 4683 legitur,
479 4614 513 4663 ut
528 4624 605 4664 nunc
621 4602 764 4663 mundum
813 4602 943 4674 Graece,
960 4606 993 4663 iu
1010 4605 1234 4679 similitudine,
1260 4610 1348 4668 etita
1365 4610 1506 4687 scriptum

78 4682 178 4750 ddasio
190 4690 317 4765 deleret,
333 4710 413 4751 nunc
422 4690 615 4771 Pentapolim
627 4690 764 4749 incendio
812 4690 982 4750 habebatur
998 4693 1029 4750 in
1044 4689 1148 4750 codice
1160 4692 1323 4753 Laudensi.
1340 4696 1451 4756 Sensus
1463 4705 1508 4754 ta·

122 4789 185 4829 Ιιιι.
197 4789 268 4831 latii
282 4792 360 4832 cm.
378 4788 466 4830 ῐιιι
1281 4797 1305 4859 g
