3254 5190
516 112 679 169 tristem
695 112 736 169 stt
754 112 907 170 sumtu
946 114 1031 171 ms.
1050 116 1092 171 tt.
1444 125 1516 194 ῃ]

114 288 168 353 97.
191 290 325 354 Jessies
334 296 441 351 estem
452 289 569 351 clamat
583 310 644 369 pro
659 290 772 352 Isrot'l.
822 290 911 371 Ques
925 293 1078 354 conclusio
1092 289 1253 354 manifeste
1266 293 1399 372 pertinet
1413 293 1453 355 sd
1468 295 1520 355 sb·

73 374 200 447 Grsete
215 367 293 455 uetp
306 375 361 436 τοῦ
375 368 497 455 ἷσραὴλ,
521 377 602 460 quod
617 378 773 458 significet,
816 379 984 457 jectionem
1000 377 1195 440 Judsecrum.

73 482 169 540 super
184 464 299 525 Israel.
320 464 362 523 Iit
377 466 421 524 its
435 465 525 524 vertit
538 465 691 538 Erssmm,
711 475 773 525 tsn-
865 466 972 546 Quare,
996 467 1056 527 etsi
1071 465 1242 544 Prophetae
1257 466 1340 527 locus
1356 476 1519 550 utrumque

73 569 160 632 qnmn
188 549 285 625 idem,
311 550 407 632 quod:
437 551 475 611 de
501 553 612 611 lsrot'l.
647 552 775 613 Constet
820 551 936 627 doceat,
957 561 987 612 et
1001 554 1243 632 reprobationem
1258 554 1466 631 multitudinis,
1490 564 1521 616 et

73 648 172 697 tumen
194 637 347 701 Graecum
367 639 618 719 praepositionem
637 641 773 719 genitivo
821 640 1010 699 vocationem
1030 659 1194 719 paucorum
1210 659 1250 700 ex
1266 640 1372 701 eodem
1395 641 1520 722 populo,

69 727 206 804 junctum
216 723 459 805 frequentissime
472 743 535 802 pro
547 725 724 804 significare,
739 733 774 785 ut
820 727 999 806 praecipuus
1014 734 1115 786 temen
1130 727 1269 806 Apostoli
1285 747 1396 807 scopus
1413 738 1465 805 est,
1482 749 1521 790 ex

73 813 171 891 cupite
196 812 360 892 superiori:
389 814 528 888 Spisutus
547 813 691 888 postulat
710 830 773 890 pro
820 812 992 893 Prophetae
1013 811 1114 872 verbis
1138 813 1294 873 ostendere
1314 814 1521 890 multitudinis,

72 897 170 958 nohis.
194 898 231 960 ss·
255 900 342 960 Deus
360 917 423 976 pro
446 898 547 974 nohis,
571 907 637 972 etc,
664 914 696 960 et
716 900 774 959 hoc
821 900 851 959 id
875 909 933 974 est,
955 901 1047 980 ipsius
1068 900 1186 980 populi,
1209 901 1465 979 reprobationem
1486 910 1522 963 nt

71 987 188 1065 cupite:
207 1003 272 1063 pro
285 985 446 1064 fratribus
464 988 550 1062 meis,
575 994 604 1045 ct
619 986 691 1046 shhi
706 1006 772 1067 pss-
821 987 864 1046 sic
879 987 968 1047 etism
983 1007 1021 1047 ex
1038 986 1182 1048 indirecto
1199 988 1360 1064 confirmet,
1384 988 1467 1068 quod
1481 988 1520 1051 de

71 1074 133 1132 sinu
159 1070 256 1152 Quod
279 1081 401 1133 secutus
424 1073 570 1153 interpres
594 1082 694 1133 noster
715 1073 773 1133 hoc
820 1074 978 1133 vocatione
1000 1076 1134 1152 gentium
1155 1074 1280 1134 dixerat.
1303 1075 1336 1136 Si
1352 1076 1429 1148 enim
1444 1075 1518 1154 sbji·

71 1158 133 1218 looo
148 1159 247 1221 vertit
262 1178 324 1236 pro
342 1160 454 1219 lsrat'l.
478 1158 668 1240 Qusmqusm
684 1161 772 1220 etism
821 1160 944 1221 ciendus
958 1169 1005 1220 est
1019 1159 1147 1241 populus
1163 1160 1317 1235 Judsicns,
1333 1164 1375 1222 its
1386 1169 1420 1222 ut
1430 1165 1519 1244 pauci

71 1245 221 1307 interdum
237 1247 369 1320 sumitur,
385 1254 419 1305 ut
429 1245 508 1307 idem
520 1247 675 1326 significet,
690 1245 772 1327 quod
820 1255 937 1307 tentum
960 1265 1000 1307 ex
1016 1248 1053 1307 iis
1068 1248 1229 1321 salventur,
1253 1267 1440 1330 consequeus
1464 1258 1519 1325 est,

71 1325 148 1411 erpi,
173 1333 233 1408 dc,
256 1333 341 1395 velut
363 1333 453 1414 hujus
476 1334 623 1412 epistolae
644 1340 771 1414 csp.1.:
820 1334 1069 1415 mugnihcssillss
1077 1336 1288 1413 promissiones
1296 1336 1519 1398 benedictionis

74 1420 204 1483 &atius
227 1438 289 1496 apo
305 1421 374 1482 Dco
395 1437 464 1480 mco
480 1439 584 1497 super,
609 1419 640 1479 id
657 1428 710 1494 est,
733 1422 772 1481 dc
820 1427 851 1481 et
867 1422 981 1494 salutis,
997 1421 1130 1500 patribus
1146 1421 1263 1482 illorum
1275 1422 1379 1497 isctss,
1394 1424 1425 1483 in
1440 1425 1518 1500 eliis,

73 1507 219 1568 omnibus
244 1506 348 1583 vobis,
376 1515 407 1568 et
428 1506 565 1568 similiter
586 1506 665 1587 Eph.
693 1513 718 1567 l.
743 1515 771 1568 et
820 1507 876 1568 hoc
892 1517 947 1581 est,
962 1510 994 1568 in
1005 1508 1111 1587 gentili
1124 1509 1238 1589 populo
1254 1509 1424 1590 implendas
1440 1529 1517 1573 esse.

72 1593 185 1676 Philip.
204 1599 234 1654 1.
257 1592 348 1656 Unde
370 1596 435 1674 ejus
455 1593 531 1667 loco,
554 1595 585 1655 in
600 1593 691 1655 simili
705 1614 771 1659 ,ser-
864 1594 954 1655 Unde
977 1602 1007 1655 et
1029 1597 1229 1676 consequitur,
1245 1598 1276 1656 in
1292 1605 1380 1677 psrte
1394 1617 1516 1678 prsece·

71 1701 164 1754 mone,
180 1679 258 1742 tlibi
272 1683 357 1762 pouit
371 1671 451 1759 περὶ,
472 1688 505 1741 ut
523 1686 538 1741 1
557 1678 625 1741 Gor.
645 1686 681 1756 1.,
705 1679 769 1742 Col.
819 1680 899 1741 denti
914 1683 1014 1762 potius
1029 1681 1207 1742 vertendum
1222 1682 1332 1745 inisse:
1348 1684 1386 1744 dc
1401 1685 1517 1763 Israel,

74 1773 98 1829 1.
111 1778 144 1831 et
159 1771 193 1830 in
208 1776 342 1848 utreque
364 1768 404 1829 ed
419 1766 560 1828 Thessal.
578 1787 642 1847 csp.
662 1773 686 1829 1.
710 1768 769 1829 Ve·
818 1787 924 1848 quam:
944 1787 1006 1846 pro
1031 1769 1142 1830 Isrct'l.
1165 1770 1216 1830 Sic
1238 1773 1317 1830 enim
1339 1780 1371 1832 et
1386 1770 1517 1834 Graecos

71 1876 130 1916 rnm
144 1866 219 1916 utre
235 1855 415 1935 significatio
434 1855 595 1915 conveniet
609 1854 680 1915 huic
695 1855 769 1930 loco,
818 1858 1014 1936 expositores,
1029 1855 1200 1935 Origenem,
1216 1856 1465 1936 Chrysostomum
1481 1878 1517 1920 sc

72 1944 185 2022 etquis
201 1942 316 2003 clsmor
329 1941 379 2002 hic
393 1940 584 2022 significetur,
603 1938 715 2002 doloris
731 1962 769 2003 sn
817 1952 953 2002 caeteros
979 1941 1164 2004 intellexisse
1190 1963 1256 2004 sem
1281 1952 1412 2024 purtem,
1439 1947 1513 2006 sstis

71 2029 292 2111 gratulationis,
307 2028 407 2089 stetim
421 2026 579 2088 videbitur.
817 2037 942 2110 sppsret
958 2048 997 2089 ex
1012 2047 1113 2089 eorum
1136 2032 1362 2107 commentariis,
1384 2032 1456 2094 licet
1470 2033 1513 2094 iu·

108 2115 259 2194 siluerit
269 2133 424 2176 nummus
433 2115 768 2192 {iliorumlsrot‘ltnn-
816 2122 963 2196 terpretes
994 2135 1095 2176 eorum
1124 2117 1259 2178 nonnulli
1291 2116 1513 2179 inconsiderate

70 2220 279 2280 quamcrcnu
286 2201 768 2278 mariurcltqus‘acsalvccflmt.
816 2202 978 2262 verterint:
990 2204 1174 2278 pruinosi.
1198 2201 1406 2284 Consequitur,
1422 2205 1512 2266 etism

71 2289 288 2352 Testimonium
298 2288 357 2349 hoc
368 2297 519 2369 sumptum
527 2287 691 2349 exIessise
702 2308 766 2369 csp.
816 2288 972 2350 clamorem
998 2289 1123 2369 intelligi
1148 2309 1209 2351 non
1234 2291 1428 2370 gratulantis,
1457 2290 1512 2353 sed

73 2378 125 2452 10,
141 2377 269 2437 tumetu
281 2395 341 2435 non
352 2374 443 2456 plene
453 2373 635 2448 adverbum,
654 2395 692 2435 ne
703 2377 768 2455 qui·
817 2375 961 2449 dolentis,
992 2375 1140 2455 quomodo
1169 2378 1338 2458 frequenter
1367 2378 1512 2458 accipitur

72 2461 408 2542 dernjuxtsversionem
416 2461 513 2522 Lxx.
526 2460 623 2521 Simul
635 2462 713 2522 enim
724 2480 768 2522 re·
816 2460 897 2543 apud
917 2462 1093 2542 Prophetes.
1122 2464 1220 2545 Igitur
1242 2465 1359 2524 clamat
1380 2466 1510 2543 lescies,

73 2547 347 2629 spexitApostolus
355 2548 393 2609 sd
401 2548 498 2609 locum
506 2544 766 2621 Oseel.,uhidici·
815 2547 846 2609 id
863 2557 917 2623 est,
932 2569 1040 2628 mugno
1056 2547 1168 2611 doloris
1182 2551 1292 2611 effectu
1308 2552 1449 2631 loquitur.

71 2644 292 2697 urtmmms
300 2634 441 2711 {literram
450 2634 564 2709 lsrael,
572 2654 627 2714 pro
633 2654 679 2708 eo,
685 2635 767 2716 quod
858 2637 924 2697 Nec
938 2654 1012 2696 vero
1030 2656 1104 2717 opus
1120 2646 1186 2698 eret
1200 2637 1305 2712 Peulo,
1319 2647 1353 2697 ut
1367 2636 1399 2698 id
1428 2636 1511 2719 qnod

71 2720 145 2803 spud
162 2721 302 2783 Iessism
326 2732 387 2782 est:
408 2721 548 2799 populus
566 2726 639 2782 tuus
653 2722 766 2782 least
816 2720 947 2783 dixerat:
970 2741 1008 2784 cs
1018 2723 1168 2800 Judocis,
1184 2724 1511 2806 confirmaretslicujns

71 2808 119 2870 Est
131 2810 219 2870 enim
235 2826 333 2869 sermo
344 2808 516 2888 Prophetes
528 2805 567 2867 cd
577 2827 679 2887 regem
689 2809 767 2869 Ese-
816 2808 988 2889 Prophetae
1003 2810 1181 2885 testimonio,
1205 2808 1447 2892 quondoquidem
1462 2830 1511 2873 res

72 2894 171 2968 chium
186 2902 252 2970 sut,
268 2895 361 2974 juxte
376 2893 459 2968 alios,
475 2894 625 2974 adipsum
640 2894 744 2956 Isrsdl„
816 2905 881 2956 esst
897 2895 1065 2956 manifeste.
1087 2897 1166 2958 Nem
1182 2907 1214 2959 et
1228 2898 1369 2978 Apostoli
1391 2905 1421 2958 et
1442 2917 1509 2959 cee-

104 2982 247 3044 Duhium
269 2988 315 3042 est
338 2990 448 3055 sutem,
470 2989 570 3041 utrum
592 2981 766 3062 Apostolus,
814 2984 871 3042 teri
893 2983 980 3062 primi
1003 2981 1108 3044 fideles
1131 3005 1170 3046 ex
1188 2984 1318 3047 Judseis
1341 2992 1433 3059 erum,
1455 3004 1512 3046 nec

74 3067 223 3130 sdducens
237 3066 295 3129 hoc
317 3069 516 3130 testimouium
532 3086 599 3128 cnm
616 3070 766 3148 sequenti·
815 3067 999 3130 Judseorum
1010 3072 1161 3131 vocationi
1175 3079 1280 3151 gentes
1290 3090 1432 3152 umquem
1443 3091 1511 3134 con·

73 3152 621 3236 mmtendstprobmevocstionem
633 3154 765 3216 Judseo-
814 3154 1013 3217 trsdixerunt
1043 3155 1104 3216 Sed
1130 3156 1168 3217 de
1193 3159 1326 3237 gentium
1351 3160 1511 3220 vocstione

73 3260 138 3317 rum,
157 3243 242 3303 siem
256 3242 394 3323 superius
410 3261 449 3301 ex
464 3238 544 3302 Osee
558 3241 702 3321 prohsvit
715 3262 765 3302 vo·
814 3241 928 3303 Judsei
940 3243 1145 3322 quaestionem
1152 3244 1324 3317 movebunt,
1336 3252 1370 3306 ut
1382 3246 1413 3305 in
1424 3245 1511 3306 Actis

74 3330 217 3391 usonem
231 3330 373 3408 gentium,
397 3347 436 3388 sn
451 3347 522 3387 vcro
536 3335 651 3408 spectet
665 3330 766 3408 potius
813 3326 919 3407 Apost
935 3327 1039 3390 videre
1056 3335 1114 3405 est;
1137 3349 1230 3410 qusm
1244 3330 1370 3411 proinde
1388 3332 1512 3412 probsri

73 3413 318 3479 thudseorum
347 3414 554 3493 abjectionem.
588 3414 648 3475 Pro
673 3417 765 3496 priori
814 3434 853 3475 ex
875 3414 1053 3495 Prophetis,
1077 3418 1336 3497 operaepretium
1359 3426 1432 3479 erst
1464 3418 1510 3480 Si·

74 3504 218 3563 sententis
242 3500 330 3575 iecit,
354 3499 438 3582 quod
459 3519 565 3581 suprs,
590 3499 628 3560 de
649 3504 765 3563 vocetis
814 3508 865 3561 cut
886 3509 917 3561 et
937 3501 1071 3563 Jscobus
1087 3503 1249 3584 Apostolus
1269 3505 1378 3566 iecisse
1399 3505 1512 3586 legitur

74 3585 203 3672 loquens,
227 3587 348 3649 dixerat
370 3596 544 3669 utrumque:
568 3606 605 3649 cs
627 3589 765 3651 Judosss
813 3588 882 3648 Ant.
901 3588 949 3648 15.

74 3683 147 3739 stes
159 3675 317 3752 pentem
342 3674 442 3755 Qusre
457 3683 488 3735 et
502 3673 541 3735 de
552 3682 680 3755 utroque
695 3674 764 3736 suh·
856 3674 967 3737 Sensus
982 3675 1075 3754 igitur
1096 3675 1274 3757 prophetise
1290 3685 1351 3738 est:
1374 3678 1442 3739 utri
1457 3697 1510 3761 pc·

72 3760 196 3840 friends
206 3760 371 3824 videbatur
380 3761 526 3842 probatio.
536 3760 666 3834 Deinde,
682 3760 764 3842 quod
812 3760 912 3843 pulns,
934 3760 1096 3823 secundnm
1119 3783 1239 3825 esrnem
1260 3783 1299 3825 ex
1313 3764 1410 3825 lsrsttl
1426 3768 1508 3844 geni·

72 3847 295 3925 iuhuostrsm
303 3849 471 3910 versionem
479 3845 565 3908 dicit:
578 3866 641 3925 pro
649 3850 763 3924 Israel,
812 3856 868 3923 tus,
888 3850 978 3927 juxte
995 3851 1222 3928 promissionem
1237 3850 1378 3911 Abrshse
1390 3850 1509 3928 isctsm,

73 3935 143 4017 quod
157 3936 267 4016 ntique
282 3956 343 3997 non
357 3934 397 3994 sd
412 3934 607 4010 abjectionem
623 3937 762 4014 pertinet,
810 3954 907 4015 usque
930 3936 1008 3996 sdeo
1030 3936 1261 4017 multiplicetur,
1285 3946 1321 3996 ut
1342 3939 1509 4017 comparari

75 4022 119 4084 red
131 4025 236 4106 potius
251 4021 290 4082 ed
307 4022 503 4083 vocationem.
812 4041 902 4103 posse
924 4021 1063 4083 videatur
1084 4043 1151 4084 eum
1177 4043 1282 4096 arens,
1309 4043 1389 4104 quse
1412 4032 1458 4086 est
1476 4025 1508 4088 iu

10 4118 12 4177 ἓ
106 4110 148 4171 At
160 4129 235 4173 vero
249 4109 445 4191 posteriorem
460 4109 640 4169 seutentiam
654 4109 761 4189 probs·
812 4109 912 4170 littore
927 4111 1024 4184 meris,
1041 4110 1123 4170 soles
1137 4119 1238 4171 temen
1249 4129 1288 4171 ex
1299 4130 1336 4170 eo
1350 4111 1506 4191 reliquisse,

10 4206 12 4225 ²
74 4193 201 4260 liliorem
225 4195 359 4258 ostendit
380 4194 531 4256 conclusio
553 4194 651 4269 Psuli,
674 4215 763 4276 quem
811 4196 843 4257 id
858 4205 913 4269 est,
929 4197 1191 4276 paucissimisslvi
1204 4205 1296 4257 erunt
1319 4199 1371 4258 Ex
1386 4218 1446 4278 quo
1462 4199 1506 4260 in·

75 4283 187 4364 subjicit
200 4292 271 4365 post
292 4283 417 4345 inducte
438 4281 615 4362 prophetica
630 4284 761 4345 testimo·
810 4282 1008 4362 telligendum
1033 4283 1177 4363 relinquit
1201 4283 1383 4363 Apostolus,
1410 4286 1506 4365 ipssm

75 4370 296 4434 uscanensis
304 4373 394 4444 enim
412 4377 518 4450 gentes
528 4369 763 4450 apprehendisse
811 4369 1505 4451 multitudinempopuliperitursmess03quem·

72 4455 218 4534 justitium,
239 4457 380 4520 Judseos
402 4463 501 4518 sutem
523 4476 584 4517 non
599 4455 762 4537 apprehen·
812 4455 971 4518 admodum
998 4456 1071 4517 dicit
1096 4455 1174 4517 inirs
1200 4477 1264 4541 csp.
1291 4462 1355 4520 11.:
1379 4458 1506 4523 Castori

77 4540 432 4627 Mdmpegimm
443 4541 574 4623 lapidem
582 4542 763 4606 offensionis.
811 4562 888 4606 vcro
903 4547 1061 4607 coeccmcti
1074 4551 1156 4606 suot
1415 4592 1424 4597 .
