3254 5190
92 263 170 330 430
595 249 828 307 strumentus
845 250 877 304 nt
894 250 960 305 clv.
973 250 1028 311 ,vll

91 438 123 491 et
137 444 263 510 concup.
286 448 351 508 esp.
367 430 412 501 4..
434 430 491 505 qui
510 447 578 491 non
600 430 659 488 loeo
681 430 789 489 inten-
838 447 905 490 mus
929 426 968 488 sd
991 425 1068 487 illud
1090 425 1198 506 ospitis
1221 425 1450 505 praecedentis:
1479 425 1535 488 See

91 521 189 592 tione,
205 518 263 576 boc
277 517 445 577 voluntate
452 560 463 590 ,
483 517 540 576 boc
554 515 617 592 tine
632 521 790 590 uenerant
839 535 894 592 epu
910 515 966 576 ereb
982 515 1103 577 nullius
1117 513 1249 589 radiper-
1261 519 1428 590 potestate.

90 605 190 681 filios,
205 610 241 662 ut
257 620 308 662 eos
323 620 360 664 ec·
375 601 522 662 membris
536 603 674 662 bominis
686 603 788 678 primi
882 604 932 662 Ex
948 601 1004 662 heo
1018 609 1105 681 perte
1122 601 1167 660 sic
1178 600 1363 679 generaliter
1378 599 1535 672 intellecto,

90 693 127 750 in
140 689 282 751 mentire
297 689 498 766 transforant
515 690 648 764 Christi,
665 689 789 748 etiarnsi
834 692 897 769 jam
919 706 1108 767 consequens
1131 694 1191 760 est,
1213 685 1299 767 quud
1320 695 1424 766 putres
1447 705 1485 747 ex
1502 704 1536 747 es

91 785 185 838 tonte
198 778 239 836 eit
251 776 463 850 observantia,
479 783 516 836 nt
530 775 703 835 secundum
717 793 789 833 rno-
838 776 983 855 colligunt
998 783 1028 832 et
1044 772 1161 846 docent,
1176 773 1307 833 Penlum
1322 773 1361 833 cb
1376 773 1457 833 omni
1472 792 1535 832 oon

90 862 290 924 trimoniales
310 862 437 923 tubulas
451 881 520 923 non
536 864 598 922 nisi
614 861 789 922 liberorum
839 863 941 924 cubitu
968 880 1036 922 sess
1059 859 1261 933 continuisse,
1288 866 1320 920 et
1342 861 1374 918 in
1397 867 1535 939 perpetus

86 949 366 1028 procreandorum
377 967 473 1009 causo
484 948 707 1022 concumbant,
719 965 788 1009 non
839 950 977 1009 cestitsto
997 946 1127 1019 vixisse,
1154 955 1186 1008 ut
1206 946 1403 1026 Epiphanius
1423 945 1533 1006 mereri

91 1046 134 1097 eet
162 1040 200 1098 in
229 1038 272 1098 eie
301 1053 379 1097 uera
414 1036 573 1111 pudicitia
603 1034 788 1110 conjunclis.
840 1039 900 1110 58„
916 1054 996 1115 quse
1007 1042 1053 1094 est
1065 1032 1266 1105 Volesiorum,
1280 1032 1410 1095 Hieron
1423 1031 1532 1092 inlibro

90 1124 178 1187 Hecu
196 1121 257 1183 ille.
290 1122 366 1183 Dixi
390 1121 577 1184 concubitum
600 1120 789 1199 conjugalem
840 1122 877 1182 de
893 1118 1029 1181 custodis
1042 1120 1150 1199 virgin.
1166 1118 1418 1181 sdEustoohium
1433 1117 1530 1198 cept

90 1220 161 1271 tunc
175 1210 270 1271 solum
286 1208 377 1289 culpe
392 1228 509 1282 cerere,
525 1207 646 1288 quondo
662 1228 721 1268 non
738 1227 788 1266 ex·
839 1218 871 1270 st
886 1211 916 1269 in
932 1209 1018 1288 epist.
1036 1207 1075 1267 sd
1091 1204 1262 1269 celantiam
1277 1227 1343 1287 cop.
1360 1206 1409 1278 8.,
1438 1224 1528 1285 qusu-

90 1296 203 1377 petitur
214 1296 272 1356 nisi
283 1296 376 1374 prolis
388 1293 692 1374 generendseceuss.
708 1293 789 1353 Nom
839 1297 887 1355 vis
902 1294 979 1355 hunc
995 1291 1156 1373 epistolem
1179 1292 1231 1354 elii
1246 1292 1379 1353 Paulino
1401 1291 1526 1352 tribuent

90 1384 117 1444 si
136 1401 198 1444 uon
220 1383 385 1462 expetitur,
414 1402 472 1443 neo
494 1380 627 1443 debitum
649 1381 789 1460 exigitur,
838 1381 916 1443 Item
932 1381 1120 1461 Augustinus
1141 1379 1192 1441 lib.
1216 1378 1254 1440 de
1275 1381 1380 1458 gretie
1403 1386 1434 1439 ot
1447 1377 1526 1439 libero

91 1468 142 1531 sed
159 1477 275 1531 tentum
296 1467 445 1538 redditum,
471 1487 532 1528 non
554 1475 710 1546 peccatum
733 1474 789 1539 est,
839 1468 901 1528 erb.
918 1487 982 1547 cup.
997 1470 1025 1527 4.
1051 1468 1097 1526 Ac
1112 1474 1272 1547 praetores
1281 1472 1524 1536 commentetorcs¹

91 1555 145 1617 sod
160 1565 245 1619 notus
254 1555 410 1633 justitiae,
434 1574 523 1634 quem
535 1554 599 1632 jem
615 1562 688 1614 ente
702 1571 787 1633 prse-
837 1563 900 1615 tom
916 1554 995 1615 bunc
1011 1553 1109 1615 locum
1125 1553 1333 1633 explicantes,
1347 1571 1438 1633 quern
1455 1550 1522 1619 illut

92 1642 174 1723 cepit
195 1641 360 1722 Apostolus
383 1640 444 1703 illis
470 1641 587 1702 vorbis:
616 1641 715 1702 Uxori
737 1642 789 1699 vir
839 1641 920 1722 quod
934 1640 1025 1721 poulo
1040 1648 1111 1721 post
1126 1641 1276 1720 sequitur:
1314 1641 1405 1703 Siout
1426 1645 1455 1698 et
1472 1654 1522 1712 epo.

91 1729 232 1789 debitum
247 1728 378 1802 reddat,
403 1735 432 1788 et
453 1745 537 1791 uuor
559 1729 638 1788 viro.
677 1726 787 1788 Verum
838 1729 938 1790 Lstini
953 1727 1075 1807 quidem
1090 1726 1243 1798 Ambros,
1273 1725 1419 1787 Sedulim
1432 1731 1521 1786 eton-

90 1815 147 1876 bsc
170 1814 209 1875 (le
227 1834 261 1876 re
283 1823 348 1876 tote
370 1813 433 1875 lete
456 1815 571 1894 egimus
594 1811 634 1874 nd
649 1811 720 1875 dist.
737 1813 787 1872 31.
838 1835 892 1877 nes
907 1815 1100 1894 posteriores.
1137 1811 1248 1874 Grseoi
1265 1832 1338 1873 vero
1356 1810 1512 1892 chryson

92 1902 142 1963 lib.
158 1905 188 1962 4.
203 1910 279 1963 sent.
839 1922 919 1972 mus,
948 1920 984 1961 cc
1013 1901 1109 1979 magis
1140 1917 1289 1978 expresse
1318 1898 1520 1970 Theodorum

839 1987 1093 2067 Theophylectus
1119 1994 1149 2047 et
1175 1984 1389 2047 oecumenius.
1423 1984 1521 2066 Quibus

136 2076 164 2137 t.
194 2076 272 2137 Volo
294 2077 376 2135 enim
405 2092 513 2135 omnes
538 2091 593 2133 uos
623 2091 684 2132 esre
709 2073 791 2132 dont
839 2075 978 2136 omnibns
1006 2072 1086 2134 sdde
1110 2074 1348 2134 vetustissimum
1374 2070 1521 2135 Tertullin-

91 2165 253 2239 meipsum
276 2161 362 2221 Hsec
378 2180 448 2242 pers
462 2161 547 2219 veris
562 2158 670 2238 legitur
685 2159 715 2218 iu
731 2159 789 2218 Le·
839 2183 925 2232 num,
945 2159 1075 2223 disserte
1100 2161 1221 2240 nuptias
1238 2182 1257 2221 s
1272 2158 1373 2221 Psulo
1387 2178 1520 2222 temonem

89 2250 160 2310 tinis
172 2247 335 2320 codicibus,
348 2250 439 2308 etism
450 2247 641 2327 pervetustis.
666 2244 788 2305 Inmul·
839 2256 900 2309 tem
922 2246 974 2307 lib.
998 2247 1109 2326 scripte
1131 2245 1169 2306 cd
1193 2264 1319 2308 uxorem
1341 2267 1408 2327 usp.
1431 2247 1459 2306 3.
1485 2245 1520 2305 Dr

90 2338 313 2417 tisouternpro
326 2338 411 2395 enim
424 2334 567 2412 scripturn
581 2341 635 2392 est.
659 2333 790 2393 Rursum
839 2335 953 2396 exhort.
976 2342 1048 2395 cest.
1071 2352 1135 2413 esp.
1160 2336 1189 2395 t.
1213 2331 1306 2395 etde
1330 2333 1521 2413 monogenin

90 2425 121 2484 in
136 2422 290 2503 plerisque
304 2442 365 2483 uon
381 2439 435 2482 vos
450 2418 505 2479 sed
517 2421 669 2493 homines,
686 2438 789 2497 quem·
840 2441 905 2500 esp.
931 2421 960 2480 3.
984 2428 1014 2480 et
1037 2421 1066 2479 8.

91 2507 250 2570 admodum
267 2516 299 2567 et
319 2508 395 2587 legit
410 2506 547 2567 Ambros.
564 2513 787 2566 commentator.
880 2507 992 2568 Veleot
1014 2504 1140 2586 proinde
1164 2506 1319 2578 ursanus,
1345 2507 1401 2586 qui
1423 2507 1453 2567 in
1471 2505 1521 2570 mir

90 2596 126 2655 In
143 2593 294 2657 nonnullis
309 2614 365 2655 neo
386 2613 459 2667 voe,
483 2611 539 2653 nec
561 2593 712 2653 domines.
746 2591 791 2651 At
836 2592 1082 2655 annotationibus
1116 2610 1154 2653 ex
1181 2592 1238 2652 boc
1271 2594 1336 2673 ipso
1371 2593 1438 2654 loco
1468 2611 1520 2652 ocu·

90 2680 300 2761 aliquidem,
324 2680 506 2759 snffrsgsnte
524 2687 610 2739 textu
629 2676 787 2757 Aquinatis
834 2682 916 2761 jioit,
958 2679 1054 2740 Psulo
1088 2678 1163 2739 hsec
1199 2679 1341 2741 scribenti
1381 2679 1521 2758 conjugem

90 2777 121 2829 st
143 2767 260 2837 hireni,
282 2767 359 2826 haec
378 2768 436 2827 trie
458 2765 655 2844 conjungunt,
683 2782 790 2825 omnes
840 2766 947 2827 fuisse:
976 2773 1201 2845 posteaquem,
1232 2767 1343 2846 inquit,
1367 2766 1406 2827 dc
1427 2768 1522 2840 conju·

89 2873 146 2916 vos
167 2854 317 2914 nominer.
353 2852 448 2913 Porro
472 2850 591 2912 Graece
618 2858 790 2911 constanter
837 2857 921 2930 potis
936 2871 1043 2929 opens,
1058 2853 1203 2930 sutfecit
1217 2856 1422 2914 mentionem
1450 2852 1522 2932 ch

90 2943 134 3002 sio
154 2938 281 3001 hebent:
313 2939 392 2999 Volo
414 2941 497 2998 enim
522 2957 628 2999 omnes
649 2939 790 2998 bonriner
839 2941 1013 3018 conjecturo
1024 2958 1148 3021 prorsus
1160 2939 1277 3000 infirme
1288 2948 1343 3000 est
1382 2941 1521 3008 anun

91 3047 152 3090 esee
167 3030 247 3087 sieut
262 3033 292 3086 et
306 3029 469 3102 meipsum.
504 3023 603 3104 Quam
618 3023 708 3085 facile
724 3025 787 3085 exi·
838 3028 908 3108 quir.
939 3047 998 3086 non
1029 3025 1067 3088 de
1103 3025 1176 3084 solis
1209 3028 1381 3106 conjugatis
1411 3028 1522 3107 sporn

90 3116 208 3175 stimem
219 3131 401 3173 verumesse
412 3111 579 3173 lectionem.
601 3111 677 3171 Sunt
688 3119 788 3170 sutem
838 3114 900 3173 lnm
930 3112 1015 3192 loqui
1042 3111 1235 3174 menifestum
1262 3122 1316 3173 est.
1349 3113 1435 3174 Dicit
1459 3113 1523 3174 suin

89 3201 167 3261 bsec
181 3199 275 3259 verba
289 3219 349 3260 non
364 3198 523 3259 absolutae
538 3197 712 3270 voluntatis,
735 3194 787 3258 sed
839 3219 947 3261 omnes
961 3201 1119 3272 domines,
1142 3206 1175 3258 ut
1190 3198 1283 3260 hebet
1306 3201 1405 3278 ipsius
1418 3196 1523 3261 Erum

90 3287 252 3367 optetivse.
275 3287 351 3346 Nem
367 3284 565 3346 Hebrsismns
584 3293 632 3344 eet
646 3284 718 3345 volo
734 3302 788 3362 pro
838 3288 946 3347 venio.
981 3286 1124 3359 Deinde,
1140 3287 1166 3346 si
1181 3288 1366 3365 conjugatus
1382 3294 1447 3349 erst
1460 3286 1524 3347 Psu·

90 3374 203 3435 uellens
210 3417 221 3447 ,
237 3378 271 3431 ut
284 3372 359 3452 legit
374 3373 535 3452 Angustin.
564 3370 642 3431 libro
657 3369 696 3430 de
712 3378 787 3448 gret
838 3375 901 3447 lus,
917 3372 1039 3453 qusndo
1056 3371 1130 3433 hoec
1145 3372 1311 3444 scribebst‚
1326 3375 1405 3454 quie
1418 3371 1457 3435 de
1470 3392 1524 3434 cou·

91 3471 123 3521 ot
137 3459 188 3520 lib.
204 3458 266 3519 orb.
282 3479 348 3539 cop.
365 3460 394 3518 4.
411 3467 443 3519 et
463 3458 546 3518 elibi.
583 3456 649 3517 Neo
671 3455 788 3518 diverso
834 3461 949 3541 jugatis
966 3478 1059 3537 egene
1076 3459 1122 3516 sui
1136 3457 1414 3533 fecitmentiouem,
1428 3474 1526 3539 cosque

90 3566 182 3609 sensu
207 3553 424 3607 commentator
447 3546 579 3604 Ambros.
603 3543 679 3623 legit
703 3544 788 3604 sole·
839 3547 877 3608 od
894 3565 979 3607 suum
996 3547 1131 3606 hortetur
1145 3545 1334 3625 exemplum:
1349 3546 1442 3626 igitur
1452 3546 1525 3606 etism

91 3634 183 3706 bam,
211 3651 319 3711 nempe
340 3633 501 3712 praeterito
517 3631 689 3710 imperfecto
706 3639 788 3710 optu-
840 3635 981 3714 innuptus
1007 3641 1037 3692 et
1064 3630 1173 3692 viduus
1201 3639 1266 3693 erst
1293 3631 1372 3693 hsec
1399 3632 1527 3699 contens

90 3721 146 3783 tivi
168 3718 234 3783 looo
254 3717 368 3799 posito:
392 3716 543 3797 quomodo
567 3717 682 3777 Pnulus
704 3716 789 3787 dixit.
840 3721 914 3800 quie
928 3719 1028 3780 stetim
1043 3726 1112 3798 post
1135 3738 1194 3779 non
1218 3719 1324 3797 nuptis
1339 3716 1526 3780 etvidulslo

50 3876 54 3881 ,
91 3807 244 3884 optabam
265 3825 320 3884 pro
343 3808 481 3882 optarim
503 3803 588 3865 Rom.
613 3808 640 3867 9.
665 3822 742 3864 vers.
759 3803 788 3861 3.
840 3825 953 3885 quens,
978 3804 1114 3865 similiter
1130 3805 1177 3865 sui
1200 3803 1274 3866 fecit
1288 3806 1474 3869 mentionem
1487 3800 1526 3866 sd·

133 3894 242 3974 Iteque
264 3891 344 3973 quod
366 3891 414 3952 hio
437 3891 510 3953 dicit
532 3891 594 3951 tele
614 3898 673 3951 eet:
703 3888 790 3950 Adeo
839 3891 955 3964 dendo,
981 3894 1062 3953 siout
1076 3898 1106 3951 et
1122 3908 1186 3967 epo.
1225 3889 1286 3970 Qui
1303 3890 1392 3953 locus
1407 3889 1526 3973 protecto

91 3999 150 4041 non
180 3980 332 4061 praecipio
364 3980 535 4059 conjugium
572 3985 625 4036 sut
655 3977 790 4055 conjugii
840 3979 1042 4057 suspicionem
1064 3976 1184 4040 blussmi
1203 3997 1326 4058 prorsus
1343 3978 1528 4061 dissipst‚ct

90 4086 195 4141 mum,
215 4074 249 4127 ut
263 4066 364 4144 potius
387 4066 478 4128 velim
495 4072 588 4142 etque
603 4072 712 4143 optem,
728 4082 788 4121 om·
840 4066 978 4138 Petrum,
994 4084 1071 4145 quos
1086 4064 1263 4139 memoravi,
1283 4066 1466 4128 sententium
1479 4083 1526 4123 un

90 4174 145 4215 nes
161 4156 206 4216 sie
222 4172 305 4225 esse,
327 4160 362 4211 ut
376 4172 432 4232 ego
448 4171 530 4212 surn:
552 4150 582 4210 id
598 4158 657 4223 est,
680 4149 790 4209 liberos
839 4152 920 4233 plius
935 4153 1027 4213 etism
1043 4150 1205 4224 confirmet,
1220 4158 1255 4209 ui
1265 4150 1330 4213 illic
1342 4152 1526 4216 ostendemus

91 4249 121 4302 et
136 4239 293 4322 expeditos
308 4240 423 4300 scuris
442 4246 471 4298 et
486 4237 604 4298 notibus
619 4235 709 4316 hujus
725 4254 789 4298 see·
840 4237 931 4300 Certe
945 4258 1005 4299 non
1021 4239 1063 4298 its
1078 4235 1261 4298 confidenter
1277 4238 1406 4315 Paulus,
1420 4238 1458 4303 (lc
1471 4256 1525 4299 coo·

91 4327 166 4398 culi,
196 4325 429 4406 impedientibus
458 4322 628 4384 libertatem
661 4322 790 4384 vecsndi
839 4326 967 4386 tinentia
982 4322 1148 4395 disserens,
1173 4327 1371 4406 semetipsum
1395 4340 1526 4408 propone

89 4415 171 4486 Deo,
193 4414 347 4492 rebusque
367 4410 493 4485 divinis;
516 4408 685 4489 cujusmodi
701 4410 789 4488 inpri·
839 4419 884 4472 ret
906 4411 1045 4472 omnibus
1069 4411 1258 4491 exemplum3
1287 4413 1399 4479 sinon
1423 4414 1453 4477 in
1472 4412 1526 4490 ipo

91 4502 147 4562 mis
159 4507 207 4561 est
217 4508 316 4560 stetns
328 4506 358 4559 et
369 4508 455 4559 ectus
468 4496 643 4577 conjugalis.
660 4494 696 4555 Id
709 4494 790 4574 quod
839 4506 926 4572 esset,
942 4497 1024 4578 quod
1035 4519 1096 4559 non
1112 4497 1209 4559 solum
1221 4499 1378 4580 conjugati
1389 4501 1525 4562 imitmcn

91 4606 130 4648 ex
140 4587 281 4667 sequenti
291 4585 427 4647 doctrino
439 4584 530 4662 hujus
542 4584 649 4662 cepitis
661 4580 790 4660 emplius
838 4593 902 4656 tur,
918 4604 1021 4646 verum
1038 4585 1128 4645 etism
1145 4583 1226 4665 quod
1241 4586 1379 4667 virgines
1394 4596 1427 4648 et
1439 4600 1526 4647 omues

90 4673 249 4737 constebit
271 4672 332 4733 Pro
347 4690 515 4753 quereum
531 4665 790 4749 videqueedixi-
841 4670 989 4742 caelibes,
1018 4670 1048 4731 id
1079 4679 1140 4745 est,
1170 4672 1358 4735 continentie
1388 4678 1526 4755 perpetus
