3254 5190
427 277 591 333 srsstctst
607 277 648 332 tn
666 276 816 332 notatos.
834 276 926 333 'ttttt
948 280 987 332 tt.
1008 280 1046 333 17.
1383 282 1461 357 3η

57 453 212 517 nonnullis
227 456 319 516 etiam
333 454 450 516 Latinis
464 455 590 536 legitur:
620 474 714 535 quan·
763 456 914 526 consistat,
928 474 965 515 ae
979 475 1039 517 non
1054 456 1151 517 solum
1163 450 1275 519 ¹refellit
1284 454 1460 535 hujusmodi

57 562 97 601 rm
111 541 154 601 ad
168 560 293 603 sensnm
314 561 375 601 uon
396 541 501 615 refert,
528 551 660 602 nocuum
675 562 713 601 sn
763 542 962 621 objectionem
976 560 1014 603 ex
1028 552 1113 625 parts
1128 545 1215 623 regni
1227 544 1287 604 Dei
1303 551 1460 624 sumptam,

57 638 141 688 mum
154 628 252 707 legas.
274 629 343 689 Hoc
355 628 472 689 benum
483 648 543 689 non
554 648 614 688 uno
625 628 714 688 modo
762 648 868 689 verum
883 630 974 689 etiam
989 632 1022 689 in
1042 631 1124 710 ipsos
1140 631 1318 709 objicientes
1333 650 1399 690 eam
1413 637 1461 690 ie·

57 725 167 775 munt
183 717 375 795 interpretes.
399 712 558 795 chrysost.
574 715 715 795 iutelligit
762 722 900 794 torquet,
914 715 961 774 uti
972 735 1042 776 mcx
1056 718 1179 796 patebit

57 821 114 873 tm,
129 809 190 861 sut
199 794 331 862 loturum
343 803 540 882 praemiorum
552 821 645 883 spem,
660 810 715 860 aut
804 802 944 881 Regnum
960 802 1021 862 Dei
1036 824 1096 864 non
1108 804 1203 864 solum
1215 804 1264 865 bio
1275 802 1460 883 intelligitur,

57 886 181 948 tectam
198 890 351 969 pietatem.
388 889 437 948 De
451 890 563 968 quibus
577 888 656 948 male
670 887 712 947 lo·
762 907 819 975 quo
841 889 926 948 Deus
948 899 1054 969 regnat
1076 899 1128 950 aut
1153 898 1333 970 regnaturus
1359 896 1404 948 est
1429 889 1461 947 iu

57 976 112 1035 'tur
126 974 239 1049 tritor,
254 976 307 1054 qui
321 973 547 1035 scandalizator.
570 976 639 1035 Non
655 974 713 1034 dis·
761 974 860 1034 beatis
880 976 999 1054 patriae
1021 975 1176 1050 coelestis,
1202 976 1258 1037 sed
1279 974 1460 1055 generaliter

57 1060 146 1121 iliter
169 1060 335 1141 Origenes,
361 1061 415 1141 qui
437 1062 611 1140 religionem
627 1060 713 1121 Obri-
761 1059 849 1135 illud,
872 1080 933 1141 que
956 1081 1084 1141 regnare
1099 1062 1208 1124 (licitur
1222 1064 1307 1123 Deus
1321 1064 1353 1122 in
1368 1061 1460 1121 bomi-

57 1167 139 1208 tnsm
159 1147 326 1227 significari
339 1147 421 1222 vult,
441 1169 461 1208 s
483 1168 543 1229 qua
565 1149 714 1208 alienatur
762 1148 865 1220 nibus,
889 1155 1032 1229 tanquam
1054 1151 1087 1210 in
1107 1150 1220 1231 populo
1243 1149 1301 1209 sibi
1317 1147 1463 1227 benepla-

57 1253 154 1309 rmns,
173 1254 232 1295 uec
246 1254 267 1295 a
280 1235 451 1295 maledictis
466 1235 627 1308 abstinens,
643 1233 714 1294 dum
762 1235 830 1295 cito.
863 1232 954 1313 Quod
968 1235 1003 1295 iit
1016 1255 1071 1316 per
1085 1255 1123 1296 ea
1137 1236 1217 1297 bons
1238 1236 1325 1297 nobis
1340 1234 1461 1307 collata,

57 1339 149 1381 reum
163 1323 326 1400 provocari
339 1341 373 1383 se
386 1320 473 1381 videt
486 1321 525 1381 sd
541 1322 625 1382 cibos
646 1341 713 1401 pro·
762 1339 843 1400 quae
858 1321 960 1381 statim
974 1323 1154 1384 recensebit
1176 1323 1228 1385 Fit
1238 1329 1341 1383 sutem
1352 1323 1461 1401 imper-

57 1427 150 1467 tcuon
175 1408 244 1468 Hoc
260 1418 360 1470 tamen
375 1408 426 1468 alii
448 1407 487 1468 sd
510 1407 649 1468 infideles
668 1426 713 1468 re·
762 1408 841 1469 fecte
864 1406 985 1488 quidem
1011 1410 1041 1468 in
1064 1409 1121 1469 boc
1154 1410 1292 1486 saeculo3
1327 1407 1461 1488 perfecte

57 1503 111 1555 not
124 1514 165 1555 sc
178 1495 206 1555 si
221 1513 329 1557 sensus
344 1497 398 1555 sit:
428 1495 478 1557 Ne
492 1496 660 1569 committe,
682 1502 715 1555 ut
761 1514 833 1555 vero
847 1496 880 1554 in
894 1493 1006 1557 tuturo.
1037 1495 1129 1576 Quod
1143 1496 1205 1557 Dei
1224 1514 1349 1576 ragnum
1370 1493 1461 1555 ιιὶιιι

57 1581 88 1641 le
101 1581 212 1642 sudint
224 1583 428 1662 Evangeliunr
439 1602 493 1643 seu
507 1582 616 1662 religio
628 1580 713 1643 Obri-
762 1583 792 1644 iu
822 1581 960 1643 oratioue
988 1582 1149 1645 Dominica
1175 1583 1376 1664 significatum
1405 1588 1461 1656 cst,

57 1688 109 1729 ιιι
124 1668 212 1749 spnd
227 1688 296 1744 ecs,
322 1669 462 1749 quiteria
481 1678 566 1743 sunt,
592 1677 714 1750 propter
763 1687 824 1749 qus
845 1668 989 1729 dicimus:
1013 1671 1176 1733 Advcuict
1200 1687 1335 1746 reguum
1360 1676 1461 1730 tuum.

57 1754 136 1817 nrbes
152 1757 375 1831 contentiones,
397 1775 475 1836 quas
497 1756 615 1818 habetis
637 1759 715 1817 inter
761 1756 831 1816 Hoc
845 1757 937 1835 igitur
950 1754 1010 1818 Dei
1031 1776 1158 1839 regnum
1179 1777 1239 1818 non
1261 1764 1309 1817 est
1329 1757 1462 1818 cibus'et

57 1841 121 1903 asle
137 1843 217 1904 cibis
232 1842 359 1904 edenffis
372 1854 426 1903 aut
441 1864 502 1904 non
516 1842 652 1904 edendis.
762 1852 866 1927 potus,
892 1845 1007 1920 idest,
1033 1864 1093 1906 non
1116 1846 1253 1907 consistit
1279 1846 1312 1906 in
1334 1843 1403 1904 cibo
1429 1849 1463 1903 et

57 1930 116 1992 Sed
131 1933 208 2012 quis
222 1950 321 2012 neque
343 1932 401 1992 boc
423 1932 488 1992 loco
504 1950 605 2011 neque
619 1933 652 1991 in
666 1949 714 1990 su·
763 1943 854 2014 potu,
877 1952 978 2013 neque
993 1934 1024 1993 iu
1039 1931 1182 1994 libertate
1196 1930 1245 1993 bis
1260 1931 1464 1992 indifferenter

57 2018 184 2079 rioribus
199 2017 263 2077 ulls
283 2018 448 2079 infidelium
469 2020 582 2078 montio
599 2026 660 2090 est,
681 2026 717 2078 ut
765 2022 989 2101 stc-promiscue
1012 2018 1173 2095 vescendi,
1198 2017 1270 2078 licet
1292 2016 1463 2097 hujusmodi

66 2125 120 2167 scs
136 2103 296 2165 commode
310 2105 416 2166 referri
436 2105 535 2186 possit
548 2105 623 2167 baec
637 2104 714 2166 blac·
762 2108 933 2169 libertatem
959 2105 1137 2166 secundario
1164 2124 1312 2166 annexam
1334 2105 1463 2166 bsbest:

57 2193 135 2253 emis
152 2192 226 2253 boni
248 2194 355 2253 nostri:
378 2193 474 2272 magis
495 2189 613 2269 ploret,
636 2211 716 2272 quae
764 2215 826 2276 qua
840 2203 941 2254 temen
954 2191 1101 2253 utendum
1116 2193 1157 2253 sit
1169 2192 1256 2252 selva
1270 2191 1339 2270 legs
1353 2194 1461 2252 cants-

57 2278 217 2360 nplurium
231 2280 381 2339 sententis
395 2287 450 2353 est,
465 2285 500 2337 ut
513 2276 662 2339 referatur
676 2275 716 2337 ad
765 2283 812 2355 tis,
821 2278 1158 2361 quseadsubstantism
1165 2277 1462 2360 reguiDeipertinct.

57 2373 136 2427 ιιιιι
151 2364 310 2438 infirmum,
325 2363 408 2446 quod
419 2364 526 2426 volunt
535 2366 649 2443 priores
665 2384 715 2426 ex·
807 2365 947 2427 Eandem
962 2367 1139 2426 sententiam
1149 2363 1218 2424 aliis
1226 2363 1326 2425 verbis
1340 2381 1462 2445 expres·

57 2453 199 2527 titionem
224 2453 268 2512 its
288 2460 404 2523 nmen,
430 2459 465 2511 ut
484 2469 553 2510 cum
575 2452 716 2513 Hervaec
766 2456 807 2515 sit
819 2453 984 2534 Apostolus
1002 2450 1101 2512 lOcr.
1116 2454 1145 2509 8.
1161 2449 1278 2512 dicens:
1307 2451 1392 2511 Esca
1405 2466 1464 2512 nes

57 2538 212 2620 Aquinate
227 2542 257 2597 et
271 2536 341 2599 aliis
355 2537 571 2598 recentioribus
583 2541 717 2610 seutiam,
765 2560 833 2603 uon
855 2539 1057 2600 consumam
1078 2539 1157 2598 Dec.
1194 2537 1302 2614 Neque
1326 2540 1411 2597 caim
1436 2539 1464 2597 si

57 2624 198 2686 rbouum
222 2632 358 2685 nostrum
379 2627 491 2686 rectius
512 2624 643 2705 intelligi
664 2625 716 2686 be·
765 2627 1078 2702 manducaverimus,
1094 2622 1347 2685 abundabimus:
1361 2642 1464 2703 nsque

57 2710 155 2772 icium
185 2708 335 2771 libertatis
362 2730 418 2791 per
447 2709 600 2773 Christum
630 2710 717 2772 nobis
765 2717 791 2775 si
820 2732 888 2774 uca
919 2712 1236 2786 manducaverimus,
1275 2709 1462 2787 deficimus.

57 2815 199 2869 masse,
225 2816 318 2876 quaa
336 2797 480 2857 servitute
502 2795 644 2876 legalium
666 2796 717 2858 ob·
764 2802 859 2861 Porro
874 2818 938 2860 non
951 2807 1036 2860 caret
1048 2799 1206 2859 allucionis
1220 2797 1320 2878 grstia
1334 2814 1464 2876 maccus

57 2883 221 2945 nationum
244 2883 376 2962 exempti
391 2902 493 2943 sumus
508 2877 588 2958 (nam
603 2887 716 2966 inpar
765 2906 861 2948 sermo
891 2880 1008 2962 βρῶσις
1033 2875 1085 2945 καὶ
1110 2875 1218 2951 uicto
1251 2901 1319 2943 cum
1349 2883 1464 2965 alioqui

57 2988 92 3031 ns
120 2966 311 3029 Jndseomm
340 2969 471 3029 fidelium
502 2968 654 3048 loquitur),
684 2978 718 3029 ut
764 2971 915 3034 vocabulo
923 2964 1087 3049 βρώματος
1095 2977 1367 3049 ututurtamsuprs
1375 2989 1465 3048 qnam

57 3074 122 3116 usus
137 3056 195 3114 sit:
211 3055 299 3116 Haeo
313 3054 435 3115 libertas
449 3064 559 3126 nostro,
574 3055 718 3118 vescendi
766 3059 852 3120 inire
882 3057 972 3139 Quod
994 3077 1068 3118 vero
1092 3060 1241 3136 interpres
1260 3075 1341 3117 nuuc
1365 3075 1464 3117 escam

57 3139 204 3202 ibuslibct
230 3141 315 3213 cibis,
336 3143 452 3202 nonsit
474 3141 603 3202 obnoxia
623 3143 715 3203 malc-
766 3164 847 3207 nuuc
869 3146 970 3205 cibum
991 3146 1095 3220 vertit,
1121 3147 1153 3204 in
1179 3141 1295 3203 Graeco
1320 3138 1397 3202 nibil
1418 3150 1466 3202 est

57 3229 108 3289 ctis
133 3226 318 3288 infirmorum
343 3227 483 3299 fratrum
513 3229 717 3308 sugillantium
767 3232 927 3293 diversum.
963 3236 969 3247 ’

57 3334 80 3374 ιι
94 3314 405 3394 tnnqusmlicentism
418 3315 516 3375 carnis
532 3322 570 3388 et,
585 3323 620 3374 ut
633 3317 715 3377 'Pho-
810 3319 872 3379 Sed
893 3319 1023 3392 justitia
1049 3323 1078 3377 ct
1100 3334 1170 3393 pau
1196 3323 1225 3375 ct
1247 3315 1403 3391 poectum
1427 3318 1466 3376 iu

57 3399 233 3480 reloquitur,
241 3399 457 3481 indulgentiam
465 3400 565 3480 gulae.
589 3402 717 3463 Sensum
767 3407 891 3482 Spiritu
907 3409 1025 3464 sancto.
1049 3402 1120 3475 Sed,
1134 3402 1241 3482 inquit,
1257 3419 1383 3480 regnum
1397 3401 1467 3474 Dei,

57 3506 96 3547 ne
108 3486 192 3547 bene
210 3486 321 3567 probat
339 3487 468 3548 Teletos
484 3506 523 3546 ex
539 3488 634 3549 altero
650 3489 717 3549 loco
767 3510 825 3572 quo
841 3489 955 3551 scilicet
968 3490 1053 3549 Deus
1074 3490 1113 3549 in·
1126 3490 1214 3549 nobis
1238 3495 1361 3567 regest,
1386 3489 1467 3567 priu-

57 3570 315 3634 nitilcor.10.:
344 3576 384 3634 Ut
404 3574 481 3651 quid
504 3573 633 3636 libertos
646 3592 718 3634 mea
767 3577 904 3656 cipaliter
920 3577 1056 3635 censistit
1070 3576 1102 3636 in
1113 3576 1247 3655 justitia,
1265 3592 1326 3654 qus
1341 3573 1393 3634 lex
1408 3573 1467 3634 Dei

57 3660 185 3720 sicana
201 3660 241 3720 ab
256 3661 365 3720 aliena
381 3663 598 3721 conscicntia?
612 3665 647 3724 Si
662 3679 718 3738 cqc
770 3663 962 3738 observatur3
979 3670 1011 3721 et
1024 3663 1056 3723 in
1070 3680 1160 3743 pace,
1175 3660 1206 3721 it
1221 3668 1282 3733 est,
1294 3660 1420 3740 pacifica
1436 3667 1469 3719 et

57 3764 87 3807 ιιι
100 3749 214 3822 qratia
225 3750 389 3823 participo
397 3792 407 3822 ,
427 3747 505 3825 quid
520 3747 719 3825 blasphemor
769 3749 934 3830 tranquillo
958 3750 1187 3810 couversatione
1213 3766 1281 3807 cum
1303 3746 1467 3825 proximis3

57 3851 78 3892 u
92 3851 141 3909 co,
157 3834 246 3910 qaod
259 3836 382 3909 gratias
393 3834 477 3910 aye?
500 3832 560 3894 Ubi
577 3835 719 3896 deirstre
769 3846 801 3899 et
815 3838 847 3897 in
860 3835 972 3915 gaudio
995 3854 1056 3895 non
1077 3833 1205 3907 carnali,
1234 3832 1287 3895 sed
1310 3832 1468 3915 spirituali,

57 3917 135 3981 irino
157 3919 320 3999 judicante
350 3915 433 3993 eum,
463 3920 515 3999 qui
540 3922 719 3983 vescebatur
769 3922 850 4004 quod
865 3923 1031 4001 exjustitia
1046 3932 1078 3982 et
1089 3921 1317 4000 pacensscitur.
1340 3920 1408 3981 Hoc
1423 3925 1469 3978 est

57 4005 196 4086 clotbytc,
211 4025 378 4067 sermonem
389 4026 463 4080 esse,
478 4017 637 4069 contextus
653 4009 720 4089 ipse
771 4012 848 4071 euim
864 4007 1009 4089 gaudium
1024 4009 1055 4067 in
1070 4007 1183 4089 Spiritu
1200 4013 1314 4067 sancto.
1345 4004 1407 4066 Sub
1420 4005 1469 4064 his

57 4103 113 4153 wt-
770 4096 867 4157 tribus
882 4102 1017 4156 meteres
1032 4091 1219 4157 Christianos
1240 4093 1365 4153 virtutes
1379 4091 1468 4152 intel·

64 4179 114 4239 li.
135 4182 211 4241 Nou
225 4188 269 4239 cst
286 4182 518 4256 animaequum
528 4182 591 4241 Dei
606 4198 675 4240 caca
690 4188 720 4242 ct
769 4184 855 4262 ligit,
879 4201 953 4261 quas
973 4181 1091 4261 plenius
1113 4186 1270 4242 enumerat
1289 4187 1319 4238 et
1339 4177 1468 4238 fructum

57 4272 119 4327 tina
158 4265 328 4346 Occupatic
346 4274 401 4326 est
434 4268 513 4327 Nam
528 4268 600 4347 quis
615 4266 720 4328 dicere
770 4271 893 4350 spiritus
919 4266 1103 4328 vocatGal
1119 4268 1157 4340 5,
1182 4265 1234 4326 ubi
1258 4266 1411 4325 caritatem
1438 4267 1468 4325 in

57 4361 160 4414 want
179 4353 290 4415 frames
306 4353 464 4425 firmiores,
489 4372 522 4413 se
542 4353 587 4412 uti
609 4352 719 4414 debere
770 4357 869 4437 cupite
882 4357 997 4437 posuit,
1025 4374 1062 4413 ac
1081 4353 1189 4414 deinde
1213 4351 1356 4431 gaudium
1372 4361 1404 4412 et
1416 4370 1469 4432 ps·

57 4458 75 4499 ι
91 4438 246 4513 libertate,
268 4450 430 4520 propterea
450 4439 533 4520 quod
555 4441 720 4520 participes
769 4461 835 4503 cem
851 4463 888 4503 ac
901 4448 1022 4502 caetera
1037 4442 1173 4502 suescit

57 4527 92 4588 cti
101 4537 203 4589 ment
216 4528 304 4606 regni
317 4526 380 4586 Dei
391 4534 422 4587 et
436 4525 556 4599 Christi,
572 4548 633 4606 quc
648 4527 717 4589 sub·
812 4528 836 4590 J
837 4550 885 4589 am
900 4531 925 4590 si
940 4546 1067 4607 regnum
1081 4527 1142 4587 Dei
1158 4528 1189 4587 in
1207 4525 1326 4605 justitia
1347 4533 1379 4586 ct
1392 4542 1470 4607 pace

57 4620 84 4675 ta
104 4616 149 4674 sit
169 4614 303 4675 servitus
324 4613 418 4693 legis:
434 4612 525 4674 docet
545 4613 720 4694 Apostolus,
772 4622 803 4675 ct
817 4614 928 4695 gaudio
944 4613 1097 4695 spirituali
1117 4614 1270 4686 consistit,
1295 4632 1357 4673 non
1379 4609 1471 4672 (lebet

57 4699 180 4783 quibus
195 4700 288 4762 rebus
301 4700 511 4782 principaliter
524 4720 648 4782 regnum
661 4702 723 4763 Dei
774 4703 935 4783 quisquam
961 4699 1152 4763 Christianus
1173 4701 1218 4761 nti
1246 4717 1302 4762 sus
1330 4698 1470 4761 humato
