3254 5190
463 286 624 342 marotia
641 287 659 340 l.
676 286 715 340 An
738 285 924 344 CORINTHIOS.
953 285 1036 340 vulis,
1052 286 1077 338 7.
1422 294 1494 360 481

73 466 121 546 luc
133 462 201 524 iere
212 463 301 526 modo
312 463 553 525 ratiocinaturad
564 464 645 525 huuc
655 463 754 524 locum
801 470 927 523 statuat
941 471 1043 524 votum
1067 463 1267 525 continentiae
1289 470 1397 543 sponte
1413 463 1497 524 amia·

73 550 274 613 llseodoretua
802 572 874 623 sum,
890 550 1001 611 autlax
1010 550 1218 611 ecclesiastica
1230 559 1337 630 sponte
1349 557 1499 629 suscepta,

94 636 259 699 Caeterum
275 638 351 698 haec
366 638 457 698 Pauli
472 639 601 718 optatio,
617 658 676 718 quo
688 635 755 696 vult
803 657 862 718 quo
877 638 977 697 minus
993 638 1068 698 illud
1087 637 1250 698 remedium
1265 635 1499 718 apprehendant.

73 742 155 785 unes
178 725 318 787 homiues
341 743 407 785 esse
434 727 512 786 sicut
538 727 689 804 seipsum,
716 723 755 784 de
802 726 881 786 Nam
895 726 1012 785 astricti
1027 734 1113 799 voto,
1137 727 1163 785 si
1179 724 1292 785 nubere
1306 722 1428 797 volunt,
1450 730 1502 783 aut

73 830 242 893 uoqucque
258 820 305 873 est
318 812 453 885 homine,
477 829 538 873 non
556 810 595 871 de
619 809 755 871 omnibus
802 814 846 872 uti
861 813 1011 891 conjugio,
1028 813 1269 872 damnationem
1281 812 1407 885 habent,
1423 813 1501 888 pata
1558 877 1561 882 ,

73 896 150 959 nul.
168 899 234 958 Aut
255 907 353 970 certe,
377 898 458 978 quod
478 898 594 959 mavult
608 898 753 980 Aquinas,
802 901 944 975 primam
971 899 1066 975 fldem
1094 902 1223 958 irritam
1244 901 1406 977 facessant,
1435 899 1501 977 ipso

73 986 254 1047 utecedeute
269 985 424 1046 voluntate
439 987 471 1047 id
482 985 595 1058 voluit,
610 1006 670 1046 uon
686 1003 754 1042 con·
804 983 899 1045 Paulo
920 993 998 1045 teste
1022 991 1035 1044 1
1059 984 1138 1046 Tim.
1156 986 1183 1044 6.
1217 985 1278 1045 Par
1298 987 1373 1046 ratio
1397 984 1435 1045 de
1455 984 1502 1056 iis,

73 1080 206 1153 squente,
218 1073 317 1133 scieas
329 1070 360 1132 id
371 1092 431 1133 non
442 1071 585 1133 futurum.
601 1071 690 1133 Unde
702 1091 753 1131 va·
804 1073 856 1152 qni
871 1071 931 1151 legi
947 1092 980 1132 se
994 1072 1202 1133 submiserunt.
1236 1071 1330 1133 Tales
1346 1071 1437 1152 igitur
1450 1090 1502 1130 ne·

73 1167 196 1230 umest,
214 1158 298 1237 quod
311 1158 661 1238 objiciebatJovinianus
673 1156 755 1237 apud
804 1177 889 1219 cesse
905 1168 950 1219 est
965 1157 1004 1218 ad
1027 1158 1089 1220 alia
1111 1161 1258 1219 sanctiora
1280 1179 1355 1219 suae
1377 1158 1502 1218 inconti-

73 1245 275 1324 iicrouymum
296 1245 348 1305 lib.
375 1251 400 1305 l.
425 1267 488 1326 cap.
514 1251 562 1307 21.
583 1245 699 1306 dicens:
722 1245 757 1305 Si
803 1247 924 1305 nentiae
954 1247 1086 1307 remedia
1119 1245 1295 1326 collugere:
1333 1242 1504 1323 cujusmodi

73 1350 162 1393 mrsu
173 1334 316 1408 viraines
329 1334 476 1410 fuerant,
493 1334 650 1410 quomodo
662 1331 757 1392 stabit
804 1343 872 1391 sunt
882 1332 1039 1411 jejunium,
1056 1336 1158 1405 oratio,
1173 1334 1286 1413 vigilia,
1305 1333 1394 1393 lectio
1410 1351 1503 1405 sacra,

73 1420 366 1493 machumariam?
393 1418 450 1480 Oui
465 1428 535 1499 post
549 1420 698 1480 aliabeue
712 1437 757 1477 re·
803 1421 874 1498 piae
896 1419 1127 1493 meditationes,
1153 1422 1207 1480 otii
1221 1419 1310 1498 fuga,
1335 1419 1456 1480 labores
1474 1425 1504 1476 et

73 1507 183 1585 pondet
205 1506 426 1585 Hieronymus:
456 1509 531 1568 Noli
555 1514 693 1567 mamers
716 1524 757 1566 ne
805 1508 1016 1586 occupationes
1041 1508 1202 1578 honestae,
1233 1516 1265 1569 et
1289 1503 1432 1588 quicquid
1455 1503 1503 1564 hia

73 1609 161 1654 maes
170 1594 409 1670 viraincsriaat.
424 1595 757 1672 Difficilisresestuir·
805 1593 919 1653 simile·
949 1592 1027 1655 Nam
1051 1613 1206 1655 commune
1229 1604 1259 1655 et
1281 1594 1402 1654 obvium
1425 1589 1501 1650 illud

73 1682 192 1754 sicitas:
212 1688 242 1740 et
254 1681 426 1755 ideorara,
446 1685 523 1758 quta
539 1681 687 1758 difficilis,
700 1687 755 1740 etc.
804 1679 986 1756 remedium,
1009 1683 1089 1762 quod
1112 1681 1162 1741 hic
1184 1681 1352 1742 ostenditur
1366 1679 1405 1739 ab
1419 1679 1502 1757 Apo·

73 1766 108 1827 tl
122 1767 252 1829 modern
268 1767 467 1847 objectionem
479 1768 656 1828 dicentium:
674 1765 757 1849 Quid
803 1766 897 1841 stolo,
908 1769 973 1847 jam
989 1770 1032 1829 eis
1046 1767 1222 1828 factumest
1236 1767 1388 1842 illicitum:
1404 1775 1434 1825 et
1449 1784 1503 1844 per

73 1856 207 1916 domnas
221 1856 322 1915 velint
336 1855 376 1915 ab
392 1859 481 1916 amnt
496 1855 665 1916 concubitu
679 1873 756 1915 con-
804 1856 877 1928 hoc,
900 1855 1052 1916 moraliter
1075 1864 1106 1916 ct
1126 1858 1156 1915 iu
1178 1874 1289 1934 genere
1308 1850 1503 1934 agendorum,

73 1942 155 2002 iissre
162 1965 175 2019 ,·
189 1943 280 2002 ande
294 1942 436 2003 misistct
445 1961 545 2018 penus
556 1941 756 2003 humanum?
805 1942 997 2021 impossibile.

73 2026 245 2109 Augustinus
259 2028 310 2088 lib.
323 2029 362 2090 de
373 2029 451 2089 boue
464 2028 618 2109 conjugali
629 2050 692 2108 cap.
707 2029 755 2088 10.
848 2030 941 2090 Porro
955 2031 1035 2089 siout
1050 2048 1089 2088 ex
1104 2027 1160 2088 hoc
1182 2027 1248 2089 loco
1264 2049 1324 2091 non
1340 2036 1387 2088 est
1402 2044 1503 2086 conse·

73 2113 115 2176 loc
127 2114 217 2176 modo
233 2115 410 2194 respondet:
432 2118 561 2177 Waam
578 2134 686 2178 omnes
700 2116 758 2175 hoe
805 2136 909 2197 quens,
921 2115 1312 2194 homincmconjugatum‚si
1323 2134 1384 2174 non
1395 2112 1505 2173 habeat

73 2203 191 2278 odient,
216 2203 386 2264 domasa:
408 2205 444 2262 in
459 2208 593 2263 caritate
609 2205 648 2263 de
663 2202 757 2262 cortic
806 2203 916 2264 ‹lonum
939 2203 1141 2263 continentiae
1163 2202 1345 2282 conjugalis,
1376 2198 1415 2260 ad
1439 2217 1504 2258 eam

73 2307 158 2364 paro,
183 2297 214 2349 ct
236 2293 429 2352 commentia
443 2290 545 2365 bona,
568 2298 598 2350 et
612 2291 675 2366 fide
690 2306 758 2350 non
804 2288 983 2350 servandam
998 2310 1058 2349 non
1079 2289 1193 2348 teneri:
1216 2292 1257 2350 ita
1278 2309 1335 2351 nec
1358 2290 1503 2369 sequitur,

73 2375 150 2452 icta5
176 2378 280 2438 multo
302 2380 394 2438 citius
408 2378 471 2437 Dei
493 2381 604 2438 civitas
619 2376 757 2452 eomple-
806 2397 875 2451 cos,
902 2378 956 2456 qui
973 2397 1031 2437 non
1046 2376 1161 2437 habent
1176 2375 1285 2437 donum
1301 2378 1504 2439 continentiae

73 2471 163 2538 mur,
179 2463 757 2525 etaceelerareturterminussaemsit'.
806 2462 998 2544 simpliciter,
1028 2462 1068 2523 od
1097 2463 1175 2523 hanc
1206 2464 1414 2542 praestandam
1443 2484 1504 2523 non

73 2545 147 2628 Quod
163 2560 197 2611 et
212 2550 280 2610 aliis
294 2552 394 2612 verbis
416 2553 526 2629 repetit
547 2550 598 2611 lib.
618 2550 657 2611 de
679 2551 758 2611 bono
806 2551 908 2624 teneri,
924 2552 951 2610 si
964 2548 1003 2609 ad
1016 2570 1082 2611 eam
1091 2550 1160 2629 lege
1169 2558 1300 2612 autvoto
1311 2554 1373 2612 sint
1380 2550 1503 2612 astricti.

73 2635 215 2697 viduitatis
240 2657 308 2718 cap.
334 2637 390 2698 ult.
420 2638 492 2698 Jam
522 2637 672 2719 quomodo
698 2656 758 2697 uon
806 2637 928 2698 Etenim
943 2635 981 2696 ad
1004 2637 1100 2697 multa
1124 2644 1264 2697 tenentur
1284 2639 1421 2699 homines
1436 2657 1502 2718 par-

73 2723 264 2804 ptgnethaec
280 2725 416 2804 optativa
434 2724 521 2784 Pauli
536 2724 675 2785 voluntas
691 2743 759 2783 cum
807 2725 860 2785 tim
885 2724 953 2802 lege
979 2723 1054 2797 Dei,
1080 2724 1189 2803 partim
1212 2723 1282 2805 lege
1308 2727 1504 2806 superiorum,

73 2827 109 2885 sc,
123 2809 206 2892 quod
222 2809 299 2871 dicit
315 2815 330 2871 1
348 2812 427 2873 Tim.
445 2814 473 2871 d.
517 2812 596 2873 Volo
614 2815 761 2887 juniores
806 2812 917 2891 partim
943 2812 1033 2871 etiam
1059 2811 1128 2890 lege
1153 2812 1288 2891 privata,
1319 2832 1410 2892 qnam
1437 2813 1506 2892 quis

73 2897 195 2971 meere,
222 2899 355 2978 reperies
371 2896 557 2977 explicatum
574 2899 605 2957 in
620 2899 685 2976 ejus
701 2898 760 2957 loci
807 2898 864 2959 sibi
882 2896 1022 2958 vovendo
1044 2899 1188 2978 imponit:
1211 2918 1336 2979 quorum
1358 2898 1505 2971 habitum,

73 2985 278 3044 commentario.
806 2984 995 3056 facultatem,
1019 2986 1144 3062 gratiam
1166 3002 1220 3044 ssu
1244 2984 1353 3047 donum
1376 3006 1437 3045 non
1451 2985 1504 3045 ha-

99 3071 163 3132 aad
191 3074 411 3148 unumquisque
437 3073 611 3146 proprium
638 3071 760 3130 donam
805 3071 892 3147 bant,
927 3071 1039 3132 habere
1070 3079 1169 3131 tamen
1199 3080 1325 3152 possunt
1356 3072 1423 3132 Deo
1453 3070 1504 3130 do·

73 3155 151 3217 uta:
167 3176 208 3218 ea
222 3158 309 3218 Deo:
334 3158 419 3217 alius
439 3157 566 3234 quidem
588 3159 649 3230 sic,
676 3159 760 3217 altas
806 3166 906 3229 nante,
933 3165 965 3217 et
984 3157 1141 3218 habebunt
1159 3157 1185 3216 si
1207 3166 1320 3238 petant,
1340 3156 1504 3219 secundum

73 3260 133 3304 etro
148 3247 213 3321 sic,-
239 3244 271 3304 id
286 3253 346 3316 est,
371 3243 449 3304 aliua
464 3242 541 3316 tale,
567 3241 645 3303 alius
663 3253 760 3303 autem
806 3243 847 3317 id,
870 3242 952 3323 quod
972 3243 1121 3303 Dominus
1147 3245 1282 3322 promisit
1304 3244 1420 3305 dicens:
1443 3247 1505 3305 Pc-

73 3330 127 3391 als.
145 3331 219 3391 Non
230 3332 386 3410 significat,
399 3329 645 3391 omneshomines
658 3329 760 3410 aliqua
807 3333 862 3390 tite
884 3337 914 3389 et
936 3332 1103 3406 accipistis.
1139 3328 1213 3390 Ideo
1240 3351 1299 3391 non
1327 3331 1401 3391 dicit
1423 3332 1504 3409 Apo·

73 3415 172 3478 abere
194 3415 277 3477 ‹loua
298 3438 316 3477 a
337 3418 415 3477 Deo.
459 3417 536 3476 Nam
558 3418 759 3491 multisunt,
806 3417 916 3489 stolus,
951 3419 1160 3496 unusquisque
1184 3419 1337 3495 propriam
1363 3420 1504 3479 virtutem

73 3506 160 3585 aquit
191 3504 287 3585 Hugo
317 3503 491 3564 Victorinus
520 3504 552 3564 in
581 3504 759 3582 quaestione
807 3504 914 3576 habet:
936 3502 1006 3562 sed:
1019 3506 1190 3580 propriam
1207 3504 1338 3578 donam,
1367 3514 1398 3564 et
1413 3503 1505 3578 addit,

73 3590 147 3669 :ujus
175 3591 250 3664 loci,
279 3591 392 3668 patto:
416 3591 499 3650 nihil
526 3590 677 3650 collatum
704 3597 758 3664 cst,
808 3609 846 3652 ea
875 3592 961 3651 Dec:
989 3598 1023 3650 ut
1053 3597 1084 3651 et
1112 3588 1224 3649 donum
1253 3600 1447 3671 agnoscatur,
1474 3600 1506 3651 et

73 3677 146 3738 sade
160 3678 285 3738 salvari
305 3679 428 3754 possint
449 3673 541 3758 (quod
563 3684 683 3751 notent,
708 3678 760 3757 qui
807 3685 893 3738 autor
909 3676 994 3749 doui,
1021 3685 1052 3737 et
1067 3677 1105 3737 ab
1121 3696 1156 3736 eo
1171 3685 1310 3756 petatur,
1333 3678 1505 3738 sinendum

73 3766 184 3841 patiam
197 3764 334 3825 omuibus
346 3762 540 3824 sufficientem
549 3760 759 3839 introducunt),
807 3763 943 3824 habetur.

73 3849 113 3912 sd
128 3852 169 3913 dc
183 3851 325 3912 fidelibus
341 3854 404 3930 agit
416 3850 590 3929 Apostolus,
606 3871 642 3909 ac
657 3850 759 3911 dicere
851 3849 1014 3910 cavendus
1038 3849 1095 3909 hoc
1114 3850 1181 3910 loco
1205 3851 1433 3911 commentarius
1448 3852 1505 3910 Pe·

73 3938 139 4014 nlt,
164 3958 228 3998 uon
243 3957 336 3999 unum
354 3938 452 3999 omnia
467 3936 595 4010 habere,
615 3937 671 3997 sed
686 3938 760 3998 alios
807 3937 894 4015 logii,
919 3939 971 4016 qui
994 3936 1147 4017 proprium
1169 3935 1292 4008 donum,
1315 3936 1394 4015 quod
1416 3956 1504 3996 unus-

73 4022 126 4085 :lia
151 4024 286 4105 Quidam
303 4026 381 4085 enim
397 4019 522 4098 (utare
539 4025 692 4103 proposita
710 4043 758 4084 su·
807 4024 940 4104 quisque
979 4025 1095 4102 accepit
1124 4042 1143 4082 a
1172 4022 1255 4094 Deo,
1293 4023 1507 4102 interpretatur

73 4109 353 4190 usturcxemplum)
366 4109 475 4171 donum
485 4111 599 4172 habent
611 4112 760 4170 castitatis
808 4112 949 4189 propriae
962 4110 1126 4170 voluntatis
1150 4109 1340 4180 donativum,
1363 4108 1508 4171 videlicet

73 4197 245 4280 ttujugalis‚
271 4196 323 4257 alii
345 4196 494 4270 vidualis,
518 4198 570 4257 alii
593 4198 759 4275 virginalis.
806 4215 888 4255 more
904 4216 958 4256 suo
974 4196 1084 4256 donum
1100 4217 1155 4256 seu
1178 4195 1302 4275 gratiam
1317 4196 1379 4256 Dei
1397 4198 1506 4257 consti-

73 4280 178 4348 indicat
201 4293 303 4345 autem
319 4283 500 4363 Apostolus,
522 4284 559 4344 iis
582 4284 633 4364 qui
648 4282 759 4343 donum
807 4290 896 4343 tuens
927 4284 959 4342 in
984 4282 1128 4344 facultate
1159 4280 1288 4342 naturali
1315 4290 1345 4342 et
1370 4284 1506 4344 omnibus

73 4373 277 4445 monastice,
293 4390 354 4450 qus
370 4371 489 4430 omnino
502 4391 520 4429 a
535 4369 694 4430 concubitu
710 4370 756 4431 ab·
808 4371 899 4430 insita
914 4389 932 4429 a
946 4371 1031 4443 Deo,
1046 4390 1106 4450 qus
1121 4371 1250 4449 quisque
1269 4367 1383 4447 eligere
1397 4378 1506 4449 potest,

73 4460 205 4531 arunt,
225 4458 358 4518 sentiunt
374 4477 407 4516 sc
422 4478 482 4516 non
497 4456 624 4529 habere,
649 4476 705 4517 nec
721 4454 760 4516 ad
809 4455 890 4536 quod
924 4455 997 4516 vult.
1043 4457 1133 4536 Quae
1163 4457 1368 4533 interpretatio
1398 4457 1509 4537 legitur

73 4541 299 4607 munderici
322 4543 444 4620 volunt3
468 4552 606 4622 paratum
630 4561 699 4604 esse
713 4563 759 4603 re·
809 4545 899 4602 etiarn
915 4544 945 4603 iu
961 4541 1039 4603 libro
1055 4542 1184 4624 quodam
1200 4541 1239 4601 de
1254 4544 1399 4617 castitate,
1416 4564 1507 4623 quem

73 4631 191 4695 tedium
207 4649 249 4693 cx
264 4631 414 4712 conjugio.
808 4649 876 4689 cum
892 4629 1007 4690 duobus
1023 4630 1089 4690 aliis
1105 4637 1175 4688 ante
1189 4649 1283 4689 annos
1306 4630 1507 4710 quadraginta

104 4720 220 4781 Verum
237 4716 277 4778 de
292 4717 328 4778 iis
345 4717 492 4797 loquitur,
509 4715 617 4795 quibus
632 4736 691 4776 uon
709 4715 759 4775 ob·
808 4717 839 4776 in
866 4715 962 4779 lucem
987 4717 1114 4799 protulit
1134 4716 1276 4778 Sola'nius
1303 4716 1438 4797 quidam,
1463 4719 1507 4777 iu·

109 4817 179 4860 ull.
199 4816 360 4858 latitem.
375 4815 460 4868 tent.
1258 4819 1299 4880 31
