3254 5190
90 288 163 357 534
585 282 865 339 cumuuaausu
884 283 1008 340 cun.

89 456 120 517 id
134 465 180 518 est
190 452 235 534 (ut
250 478 352 522 erasse
367 457 540 541 explicem),
562 464 630 537 ejus
645 459 731 538 quod
745 467 789 522 est
836 459 981 522 elusivam
992 462 1187 542 particulam3
1203 465 1423 526 atrewasiam
1432 465 1516 527 bomi-

88 563 156 606 aaa
172 549 309 620 operari.
835 565 908 608 aem
933 558 1088 629 exponunt
1109 547 1275 610 seeundum
1303 550 1461 612 hammam
1483 573 1515 613 ra

133 634 160 691 7.
184 633 260 708 Quis
285 635 407 694 militat
436 636 500 694 suia
528 634 696 711 stipendiis
723 652 788 695 ua·
836 636 956 708 tionem,
970 645 1004 694 ut
1019 655 1125 696 sensus
1140 637 1197 695 sit:
1217 637 1267 696 An
1283 638 1515 701 solnmexrebus

88 719 208 796 quam?
232 720 386 800 Deinceps
411 722 596 799 argumentis
611 720 789 800 quibusdam
834 720 971 781 humanis
997 722 1070 782 mihi
1096 730 1263 803 suppetunt
1293 726 1514 803 argumentosi

89 803 235 881 ostendit,
263 814 324 866 tem
351 828 385 868 se
410 827 500 887 quam
527 807 602 868 alios
625 806 789 885 Evangelii
835 806 1024 887 probandum
1036 809 1119 889 quod
1132 810 1209 883 dieo,
1226 809 1345 871 seilicet
1360 830 1407 871 me
1422 811 1514 872 etBsr

87 893 238 953 ministros
263 892 374 955 habere
395 902 577 974 potestatem
599 892 721 954 urendi
749 912 789 954 ex
835 893 943 954 nabam
965 894 1077 955 habere
1100 903 1281 974 potestatem
1304 918 1344 959 ex
1366 897 1514 977 Evangelio

88 979 266 1058 Evangelio.
300 982 357 1040 Est
373 983 450 1042 enim
471 987 535 1041 tota
556 979 693 1061 probatio
710 999 788 1039 aom-
835 979 982 1041 visendi?
997 980 1060 1041 alii
1076 984 1133 1043 sie:
1149 980 1305 1063 Numquid
1319 983 1398 1044 haec
1412 983 1513 1046 dieser

88 1066 186 1126 munis
215 1066 353 1127 omnibus
382 1066 545 1146 Evangelii
573 1065 786 1147 praedicatori·
835 1067 965 1127 humano
979 1077 1011 1128 et
1026 1068 1140 1128 carnali
1156 1069 1280 1143 affectu3
1295 1079 1440 1151 tanquam
1451 1072 1512 1144 milri,

89 1152 159 1226 bus,
184 1159 214 1211 et
229 1154 261 1211 in
282 1155 454 1215 universnm
472 1152 621 1214 ecclesiae
635 1153 788 1226 ministris,
835 1154 974 1233 meisque
985 1154 1148 1214 commodis
1160 1156 1316 1218 eonsulere
1328 1156 1457 1217 volens?
1468 1156 1511 1217 Fa·

90 1247 239 1318 qnatenus
261 1239 416 1320 indigeant
438 1247 558 1320 sumptu
579 1238 619 1299 ed
642 1241 734 1300 vitam
757 1240 789 1298 in
836 1258 907 1301 vere
936 1240 1058 1303 videtur
1086 1242 1158 1302 huie
1183 1244 1286 1303 senam
1311 1242 1430 1323 phrasis
1456 1245 1511 1323 ipsa

89 1323 235 1386 obeundis
252 1327 427 1388 ministeriis
448 1324 684 1387 sustentandam.
723 1327 787 1387 Pri·
836 1328 1008 1388 seauadum
1035 1329 1212 1403 homiaem,
1238 1338 1330 1410 prout
1359 1349 1397 1391 aa
1422 1330 1511 1390 Paulus

89 1430 168 1474 mum
178 1421 278 1473 autem
287 1421 515 1493 argumentatur
527 1413 565 1473 ab
578 1413 723 1492 exemplis
735 1412 788 1474 hu·
836 1414 911 1474 alias
926 1417 1028 1488 utitur,
1041 1423 1076 1474 ut
1086 1415 1212 1480 Roman.
1228 1417 1257 1475 3.
1280 1416 1459 1479 madum
1469 1419 1511 1477 io·

89 1500 194 1575 manis,
208 1500 321 1561 seilicet
332 1502 471 1573 militurn,
482 1499 682 1579 agricolarum
695 1507 787 1581 etpa-
836 1503 955 1561 minem
971 1501 1059 1576 dico,
1082 1510 1114 1561 et
1136 1501 1228 1582 hujus
1249 1503 1396 1582 epistolae
1417 1522 1474 1583 oep.
1489 1507 1510 1564 t.

90 1594 210 1647 storum.
248 1587 357 1666 Neque
380 1587 461 1647 enim
484 1586 571 1647 miles
593 1593 713 1646 tenetur
735 1605 788 1648 suo
836 1587 1018 1648 secuudum
1032 1590 1192 1650 bominem
1205 1590 1394 1664 ambulatis,
1411 1588 1510 1649 airis

90 1681 209 1753 sumptu
223 1674 368 1750 militare;
389 1673 443 1733 sed
459 1693 477 1733 a
492 1672 742 1753 provincialibus,
756 1679 791 1733 ut
837 1694 903 1753 cap.
932 1674 980 1735 15.
1017 1676 1052 1736 Si
1079 1671 1265 1749 (secundum
1291 1674 1460 1754 homimem)
1480 1672 1510 1734 ad

90 1760 279 1840 Augustinus
294 1761 443 1840 loquitur,
467 1760 577 1841 accipit
597 1760 719 1820 decreta
733 1759 790 1820 sibi
838 1760 950 1821 besuus
961 1767 1119 1838 pugnaui.
1155 1764 1269 1825 Verum
1283 1765 1315 1823 in
1337 1764 1509 1842 priorissam

91 1846 249 1927 stipendia.
837 1848 967 1927 phrasim
981 1848 1061 1910 hanc
1075 1851 1234 1929 usurpavit
1245 1848 1315 1910 Gal.
1331 1850 1372 1923 3,
1387 1848 1437 1909 ubi
1450 1848 1509 1909 sini·

134 1935 210 2013 Quie
228 1935 362 2010 plantat
390 1937 538 2008 viaeam,
567 1941 596 1994 et
619 1933 658 1993 de
678 1934 790 2010 fructu
836 1935 920 2009 liter,
945 1943 979 1994 ut
993 1934 1042 1995 hic
1057 1933 1147 2007 feeit,
1166 1937 1291 1997 erebus
1306 1934 1509 1998 hnmaniaslle

92 2024 157 2095 eius
173 2022 341 2081 eomedit?
370 2020 406 2081 Id
428 2029 484 2081 est:
514 2019 593 2100 Quis
615 2019 790 2100 prohibetur
837 2029 920 2081 turus
937 2021 1118 2099 exemplum,
1133 2021 1234 2094 idest,
1250 2022 1509 2083 evaliditatetasts·

92 2105 181 2168 edere
208 2106 246 2167 de
274 2106 372 2167 fructu
398 2109 519 2182 vineae,
545 2106 595 2166 vel
625 2106 791 2185 cujuslibet
837 2109 1067 2182 mentihumani,
1079 2110 1189 2169 sicait:
1206 2110 1509 2185 &alreaaeeuodtu

91 2193 207 2254 arboris
222 2215 240 2254 a
255 2193 474 2275 seplantatae?
491 2194 576 2272 quasi
589 2191 786 2266 dicetnemo.
837 2194 1165 2270 homiminumque.
1196 2196 1340 2275 Denique
1354 2196 1448 2258 eidem
1460 2212 1508 2255 sen·

91 2284 168 2360 Quis
179 2284 283 2358 pascit
303 2299 446 2358 gregem,
475 2287 505 2340 et
526 2281 565 2340 de
587 2282 667 2340 lacte
688 2282 792 2356 queuis
838 2281 1007 2342 animellas
1022 2282 1193 2362 respondet,
1209 2282 1289 2362 qaod
1306 2286 1453 2362 sequitur:

91 2387 159 2430 aaa
175 2369 373 2429 manducat?
396 2367 530 2429 Graece:
554 2369 727 2444 Aulacia?
749 2367 792 2426 Et
882 2373 937 2431 Aa
962 2375 991 2428 et
1013 2368 1066 2430 lea
1087 2370 1163 2430 baec
1185 2387 1253 2430 aaa
1275 2370 1378 2430 dicit?
1404 2370 1509 2431 Grecos:

92 2455 156 2516 edit
170 2457 271 2535 potius
286 2475 377 2535 quam
392 2455 586 2530 manducat,
613 2455 691 2515 utin
706 2462 791 2534 parta
838 2459 905 2515 Aut
927 2472 1037 2517 aenae
1060 2463 1090 2515 et
1110 2456 1162 2517 lec
1176 2458 1252 2516 baeu
1267 2456 1369 2517 dicit?
1395 2455 1510 2517 videlieet

91 2540 284 2622 praecedenti
308 2543 403 2601 vertit
424 2540 504 2601 idem
529 2541 657 2602 verbum
685 2534 790 2599 ἐσθίει.
839 2543 894 2602 sub
906 2542 1053 2622 allegoria
1063 2541 1121 2603 hoc
1131 2543 1231 2621 ipsum
1242 2541 1362 2617 doeens,
1374 2537 1510 2621 Evangelii

92 2631 186 2690 Porro
202 2648 306 2688 sensus
323 2636 369 2688 est
385 2627 497 2688 similis.
521 2627 701 2707 Significant
712 2628 790 2688 enirn
838 2629 990 2689 ministros
1002 2628 1114 2690 habere
1126 2637 1307 2709 potestatem
1319 2649 1360 2690 ex
1367 2626 1510 2708 Evangelio

93 2715 152 2776 hae
175 2717 436 2794 percontationes,
461 2733 521 2775 non
547 2724 609 2775 tam
633 2713 709 2794 quid
729 2713 790 2785 hat,
838 2715 967 2776 avendi.
1002 2717 1116 2795 Legem
1130 2725 1262 2777 veterem
1279 2717 1434 2796 intelligit,
1453 2728 1511 2796 quat

93 2822 182 2883 quam
199 2801 272 2882 quid
283 2803 353 2881 jura
368 2802 437 2872 fiat,
454 2821 489 2861 ac
504 2802 569 2862 fieri
582 2803 686 2882 possit.
839 2811 921 2862 certa
936 2801 1040 2864 divina
1055 2812 1111 2873 est,
1127 2823 1188 2865 non
1203 2802 1343 2863 bumana.

135 2887 211 2949 Vult
225 2896 326 2949 autem
341 2887 506 2968 Apostolus
522 2909 561 2949 ex
583 2889 630 2948 his
645 2886 791 2948 similibus
883 2892 910 2950 9.
927 2890 1090 2965 Scriptum
1113 2898 1157 2950 est
1178 2893 1263 2950 emim
1285 2894 1324 2950 ia
1346 2892 1411 2967 leqe
1426 2885 1512 2962 libyi

93 2974 239 3054 intelligi,
262 2973 344 3056 quod
365 2978 408 3049 ai,
429 2977 482 3055 qui
498 2973 618 3036 Christo
639 2974 746 3034 militat
761 2975 791 3033 in
839 2975 909 3034 Non
920 2976 1012 3037 Masis
1026 2975 1217 3054 legislatoris,
1233 2977 1258 3036 si
1273 2979 1397 3057 proprie
1412 2977 1512 3055 loquer

93 3061 258 3143 Evangelii
272 3062 507 3143 praedicatione,
524 3062 671 3122 debeatur
682 3063 791 3142 stipen·
840 3062 910 3121 dnm
925 3063 977 3138 sit,
1000 3060 1053 3122 sod
1068 3064 1213 3124 ministri:
1237 3066 1291 3141 qui
1316 3063 1416 3143 legem
1434 3060 1512 3121 aba

93 3150 190 3224 dium,
218 3169 258 3210 ax
281 3169 340 3229 quo
361 3149 463 3210 vivat:
491 3157 521 3208 et
544 3147 626 3228 quod
642 3148 790 3229 plantanti
840 3157 994 3228 acceptam
1009 3148 1156 3210 Israelitis
1177 3149 1289 3210 attulit.
1327 3147 1513 3231 sequanis

94 3238 215 3298 vineam
230 3236 347 3308 Christi,
362 3237 440 3296 sicut
452 3234 534 3316 apud
545 3235 713 3296 Corinthios
726 3238 792 3315 ipse
839 3234 995 3315 Scriptura
1006 3235 1114 3297 Mosen
1124 3256 1250 3317 usquam
1265 3237 1465 3317 legislatorem
1477 3250 1512 3293 ιι

95 3344 129 3385 se
145 3323 253 3384 iecisse
276 3331 487 3384 commemorat
508 3342 598 3403 supra
620 3342 685 3403 cap.
703 3327 731 3385 3.
748 3320 790 3381 di·
840 3330 896 3382 cat
933 3323 976 3383 Et
998 3323 1103 3401 utique
1126 3324 1194 3403 plus
1217 3332 1263 3384 est
1286 3343 1356 3385 esse
1372 3325 1432 3385 Dei
1451 3316 1513 3381 nni

95 3432 182 3473 oens:
211 3412 281 3487 Ego
304 3412 474 3487 plantavi,
505 3409 652 3470 debeatur
677 3408 791 3469 fructus
840 3417 933 3469 strum
955 3411 986 3470 in
1008 3409 1077 3488 lege
1093 3410 1158 3489 ejus
1181 3409 1320 3485 ferenda,
1347 3430 1436 3492 qnam
1450 3421 1513 3468 sust

95 3518 134 3559 ex
148 3499 239 3560 vinea
254 3497 402 3577 plantatu3
418 3496 561 3578 quodque
575 3497 710 3576 pascenti
725 3512 791 3574 gre·
838 3496 917 3557 ferre
932 3496 1039 3576 legem.

95 3604 163 3665 gem
183 3586 282 3644 ovium
298 3584 409 3646 Christi
431 3583 578 3645 debeatur
599 3583 647 3643 lac
670 3591 701 3642 et
720 3582 792 3644 lana
881 3584 956 3644 Noa
971 3584 1118 3657 alligabis
1133 3601 1167 3643 os
1182 3582 1254 3642 boui
1273 3584 1451 3644 trituranti
1472 3576 1513 3640 Al·

95 3691 135 3733 ex
158 3673 226 3750 ipso
249 3691 349 3751 grege
385 3672 470 3732 Bene
486 3669 717 3750 chrysostomus
738 3667 789 3728 ad·
839 3668 970 3746 liqabie,
993 3669 1112 3732 Graece
1129 3663 1297 3747 φιμώσεις,
1315 3666 1514 3750 signiiiosnb‘ut

94 3766 202 3831 monet,
217 3757 346 3818 Paulum
359 3778 419 3819 uon
431 3755 559 3818 dixisse:
574 3759 650 3834 Quis
661 3757 789 3831 militat,
839 3757 992 3833 obligabis
997 3801 1008 3833 ,
1033 3763 1068 3815 ut
1090 3757 1143 3816 alii
1168 3763 1334 3818 verterunt
1373 3754 1515 3819 naues

95 3854 124 3906 et
139 3864 207 3908 aaa
222 3852 265 3906 est
280 3846 390 3906 dives?
417 3846 494 3924 Quis
504 3844 636 3921 plantat
651 3845 789 3918 vineam,
838 3844 930 3907 Dent.
947 3846 997 3906 ab.
1035 3842 1095 3902 Ubi
1110 3845 1250 3923 quamvis
1267 3862 1301 3905 os
1316 3866 1378 3906 uon
1398 3836 1513 3923 orprlnl

95 3941 124 3994 et
139 3952 257 3995 aarum
272 3951 338 3994 aaa
356 3933 498 4009 colligit?
513 3933 590 4009 Qrsis
601 3933 709 4007 pascit·
718 3949 790 4005 pre·
838 3938 894 4002 tur,
906 3929 1174 3991 includitnrtamen
1183 3930 1315 3992 inverbo
1324 3940 1386 3992 tam
1395 3928 1513 3992 Hebraei

93 4040 162 4097 aem
169 4066 180 4096 ,
209 4028 238 4081 et
253 4020 291 4080 de
307 4023 399 4097 aquia
412 4037 480 4079 noa
496 4024 616 4078 exercet
629 4024 790 4077 mercatu·
838 4036 927 4096 quarn
943 4016 1073 4078 Graeco:
1094 4026 1128 4075 ut
1144 4016 1300 4090 obturare,
1316 4021 1385 4078 sive
1400 4017 1514 4095 ohligvt

93 4109 189 4168 ram?
203 4106 263 4169 Sed
275 4107 364 4168 militi
378 4103 567 4186 stipendium,
584 4102 791 4183 quodGrsece
837 4104 953 4175 bovem,
976 4105 1017 4163 sit
1031 4104 1128 4184 ligare
1143 4122 1177 4164 os
1191 4105 1270 4181 ejus.
1309 4104 1425 4166 Noster
1443 4105 1514 4162 ints*

95 4203 142 4256 est
155 4184 301 4272 ὀψώνιον,
318 4192 478 4274 plantatori
494 4189 661 4263 defructu,
677 4191 790 4270 pastori
836 4209 906 4271 pres
922 4189 1048 4251 eandem
1070 4209 1175 4253 vocem
1195 4193 1210 4249 1
1228 4191 1309 4250 Tim.
1335 4194 1365 4253 5.
1385 4182 1516 4252 moaci

95 4280 133 4340 de
147 4279 227 4340 lacte
243 4279 340 4341 cibum
357 4280 506 4359 assignat:
529 4276 690 4337 ostendens
706 4277 790 4354 quad
837 4276 1048 4354 infraenabis.
1085 4277 1215 4338 Liranns
1239 4296 1332 4357 super
1346 4279 1514 4340 Desierunt

96 4374 219 4442 oportet
248 4367 408 4428 ductim
434 4381 541 4442 parvo
578 4363 698 4424 salama
729 4381 790 4424 esee
837 4365 929 4424 mium
941 4364 1076 4425 scribens
1088 4367 1268 4426 iarostrare
1279 4373 1381 4425 vocat
1402 4357 1515 4426 Nosst

95 4459 289 4529 contemtum,
304 4453 432 4529 soloque
446 4452 633 4512 amassario.
838 4450 906 4512 dem
928 4470 969 4512 ex
987 4452 1128 4513 versione
1144 4451 1175 4514 S.
1191 4448 1375 4532 Hieronymi
1396 4452 1441 4513 sie
1458 4445 1514 4527 leri

139 4540 168 4600 8.
183 4540 347 4618 Numquid
358 4539 530 4601 aeneadum
544 4538 704 4599 homiaem
714 4539 790 4598 baec
836 4556 920 4598 mus:
946 4539 1021 4600 Noa
1043 4539 1156 4615 ligabis
1180 4556 1213 4599 os
1236 4538 1325 4599 bouis
1346 4532 1515 4600 samm*

96 4627 190 4688 dieo?
220 4625 337 4688 Graece
366 4621 454 4687 λαλῶ
484 4625 605 4704 loquor.
646 4623 790 4705 Plerique
836 4641 915 4684 area
928 4625 1038 4702 fruges
1053 4633 1132 4687 tuae.
1169 4626 1235 4687 ssa
1257 4626 1340 4687 enim
1362 4634 1430 4687 erut
1450 4615 1514 4705 ιβ

94 4721 157 4775 tam
172 4712 284 4776 Graeci
306 4732 396 4796 qaam
410 4712 513 4773 Latini
534 4709 720 4774 manuum
733 4726 789 4773 ex·
836 4708 1023 4788 orimola,
1051 4721 1087 4774 nt
1115 4720 1147 4774 et
1175 4711 1268 4774 hodia
1295 4713 1329 4775 ia
1357 4707 1513 4797 qdffl
