3254 5190
507 285 669 339 aceretae
686 285 726 339 Ab
744 283 896 338 aestues
931 284 1016 336 VERS.
1037 285 1100 336 17.»
1460 289 1504 355 91

64 476 137 535 erat,
164 472 198 522 nt
220 463 364 524 Christus
387 460 431 538 (in
453 485 512 543 quo
539 461 765 523 benedicendae
855 460 963 539 Itaque
985 459 1145 519 seeundum
1169 479 1219 518 eos
1240 477 1344 517 sensus
1371 467 1429 517 est:
1457 457 1510 536 qui

67 561 145 610 erant
160 571 267 610 omnes
284 548 404 629 gentes)
421 572 459 610 ex
475 549 686 610 sesecundum
701 567 763 607 car·
813 547 897 605 Deus
909 547 1045 606 homines
1054 546 1246 625 spiritualiter
1259 555 1399 614 mortuos,
1412 543 1442 603 id
1454 551 1508 614 est,

65 635 760 715 nemnasceretur.subsemivitimplendaepro·
813 632 886 691 nihil
909 636 990 693 vitae
1013 634 1174 713 spiritualis
1197 633 1356 703 hebentes,
1376 629 1509 690 vivificat

67 724 193 783 ruisaioni
205 724 401 802 paternitatis
413 744 449 782 ac
460 724 577 783 seminis
593 721 762 801 spiritualis.
813 739 865 797 per
882 719 975 788 fidem,
993 722 1104 799 quique
1116 741 1175 778 nou
1188 716 1410 777 tilioaAbrahae
1422 725 1509 775 vocat

102 817 185 870 Ante
202 811 323 885 Deum,
336 813 389 871 cai
408 809 550 869 credidit.
569 807 698 887 Quidam
711 829 759 866 co·
813 813 842 863 et
857 805 931 866 facit
946 807 1022 865 filios
1038 806 1178 865 Abrahae
1193 826 1248 884 per
1270 802 1395 863 eandem
1412 802 1507 861 tidem.

66 897 156 968 dices,
183 898 359 956 credidisti.
383 895 446 955 Sed
467 896 583 955 tertiam
605 914 763 974 personam
812 892 893 951 Huic
948 893 1126 971 expositioni
1167 899 1308 970 coaptant
1348 891 1508 968 scripturas

66 1003 99 1042 ex
112 983 242 1043 Graecia
258 993 290 1044 et
301 982 472 1042 melioribus
482 982 597 1041 Latinis
610 982 764 1040 restituere
811 978 917 1037 Matth.
935 980 979 1036 4.;
1001 981 1118 1038 Potens
1134 987 1177 1039 est
1192 977 1331 1038 Deuade
1347 975 1509 1051 lapidibus

65 1079 247 1129 correctores
264 1071 408 1140 Romani,
436 1068 667 1145 suffragantibus
692 1069 763 1125 item
812 1067 878 1124 istis
893 1068 1041 1124 reserare
1056 1066 1137 1142 {ilios
1153 1065 1308 1124 Abrahae.
1326 1061 1440 1121 Ooloss.
1458 1064 1503 1120 2.:

64 1154 249 1216 Graecorum
280 1156 513 1226 commentariis,
539 1155 654 1213 tametsi
686 1174 761 1212 oom-
812 1153 855 1211 Εῖ
869 1170 935 1225 vos,
952 1171 1022 1211 cum
1038 1154 1270 1212 essetismortai
1283 1149 1461 1222 indelictt'e,
1479 1156 1508 1208 et

65 1249 210 1301 necuter
221 1241 312 1301 Amb.
324 1241 486 1300 credidisti
496 1241 571 1319 legit
586 1249 616 1299 θῖ
631 1241 761 1319 exponit.
808 1242 980 1314 praeputio
996 1242 1103 1299 carnia
1118 1245 1251 1310 vestrae,
1268 1234 1509 1310 convivificavit

10 1354 12 1383 ι
65 1328 169 1406 Neque
186 1329 269 1388 eninr
286 1329 361 1386 haee
376 1347 445 1407 pars
461 1326 647 1386 annectenda
663 1333 762 1387 estte-
811 1343 882 1383 cum
906 1326 971 1384 ille.
995 1325 1035 1383 Et
1054 1326 1143 1403 hujus
1177 1323 1319 1402 epistolae
1342 1341 1408 1400 cap.
1425 1325 1452 1382 9.
1470 1340 1509 1381 ex

10 1400 13 1435 ³
65 1416 201 1474 stimonio
218 1416 357 1493 proxime
373 1415 460 1472 citato
480 1433 518 1473 ex
542 1412 661 1473 Genesi.
685 1412 763 1471 Nam
812 1409 890 1470 Osee
919 1411 1086 1490 Propheta:
1131 1411 1253 1470 Vocebe
1290 1427 1357 1468 noct
1384 1407 1509 1483 plebem

65 1501 120 1560 illic
135 1501 202 1560 tale
217 1501 296 1560 nihil
311 1499 438 1559 additur.
462 1499 521 1559 Sed
543 1498 701 1559 referenda
725 1498 761 1557 ad
811 1514 932 1572 meam,
959 1498 1082 1573 plebem
1104 1516 1215 1556 meum.
1239 1498 1306 1555 Hoc
1333 1495 1411 1553 enim
1436 1493 1507 1574 quid

10 1638 14 1671 ,ι
64 1586 152 1645 illud:
180 1589 246 1665 Qui
271 1594 425 1662 pretereat
442 1589 762 1662 monteronem-am
811 1583 893 1642 aliud
909 1593 956 1644 est
967 1605 1056 1664 quam
1068 1605 1176 1643 vocare
1189 1603 1236 1659 ce,
1249 1601 1330 1660 qaae
1342 1600 1409 1641 nott
1421 1588 1507 1657 sent,

63 1684 93 1730 nt
105 1675 209 1732 citatio
224 1672 327 1732 media
342 1672 547 1751 parenthetica
562 1672 608 1729 sit.
812 1679 965 1746 tauquam
981 1691 1028 1746 ea,
1045 1691 1125 1747 quae
1141 1679 1232 1746 sunt,
1250 1672 1313 1729 siva
1329 1676 1362 1729 ut
1376 1667 1429 1727 alii
1443 1687 1508 1727 ver·

103 1760 161 1819 Eat
181 1769 283 1818 aetem
306 1760 466 1818 secundum
488 1759 611 1817 Latinos
633 1757 681 1817 hic
697 1778 763 1817 sen·
811 1766 890 1827 tunt,
921 1766 1076 1834 tanquam
1099 1759 1185 1818 aiat?
1212 1755 1294 1837 quod
1317 1754 1355 1815 ad
1384 1754 1509 1813 verbum

64 1865 123 1905 aas:
149 1846 307 1905 Abraham
333 1865 400 1905 esse
424 1855 539 1924 patrem
561 1845 688 1904 omnium
713 1866 763 1903 no·
812 1854 859 1904 est
869 1846 900 1902 in
910 1844 1041 1904 Graeco:
1057 1864 1165 1903 vocare
1178 1863 1245 1904 eon
1254 1845 1340 1902 entia
1351 1850 1508 1917 tanquam

64 1946 165 2004 smum,
193 1953 256 1991 nun
271 1934 454 2011 paternitate
471 1933 598 2002 carnali,
626 1939 763 2010 quaeest
812 1934 910 1990 entia.

64 2040 160 2078 coram
176 2019 364 2089 hominibus,
379 2018 432 2079 sed
448 2018 607 2097 spirituali,
624 2036 701 2097 quae
717 2025 763 2076 eat
855 2017 965 2077 Gratus
981 2017 1099 2098 quidem
1116 2019 1164 2077 hic
1181 2037 1285 2076 sensus
1301 2023 1421 2095 propter
1437 2013 1506 2072 alle·

64 2125 159 2164 ceram
175 2106 260 2175 Deo,
290 2106 337 2163 cui
355 2104 529 2164 crediderat.
553 2104 670 2162 Dicitur
685 2103 761 2162 haec
812 2105 939 2182 goriam,
957 2113 1130 2165 nontamen
1147 2102 1266 2163 videtur
1280 2124 1299 2161 a
1314 2104 1409 2162 Paulo
1423 2118 1506 2179 spec·

63 2193 225 2272 paternitas
243 2210 309 2250 esse
325 2211 424 2250 coram
441 2191 521 2256 Deo.
545 2190 614 2269 quia
636 2188 764 2248 fundata
811 2199 898 2248 tatus.
915 2190 1027 2269 Adjicit
1042 2193 1120 2249 enirn
1136 2192 1213 2249 hanc
1229 2199 1355 2269 partem,
1373 2209 1431 2249 non
1448 2205 1510 2264 qua

63 2276 479 2355 oetmtidequaehominem
490 2274 761 2337 Deocommendat.
812 2277 971 2354 significet,
999 2277 1071 2357 quid
1096 2276 1202 2335 iecerit
1228 2286 1280 2335 aut
1305 2275 1437 2335 facturus
1469 2274 1506 2331 sit

64 2363 169 2423 Graeci
184 2383 260 2420 vero
277 2365 319 2422 sic
337 2372 511 2442 exponunt:
534 2362 594 2442 Qui
617 2370 702 2442 pater
717 2369 762 2422 eet
811 2365 911 2433 Deus,
928 2363 980 2422 sed
997 2373 1031 2421 ut
1046 2363 1161 2422 duobus
1176 2363 1260 2422 velut
1275 2362 1413 2440 epithetis
1429 2354 1510 2434 (sunt

63 2453 187 2509 omnium
203 2457 338 2509 nostrum
354 2449 393 2508 ad
416 2450 585 2529 exemplum
608 2449 684 2519 Dei,
711 2450 762 2509 vel
812 2450 889 2509 enim
907 2451 937 2511 in
952 2449 1069 2510 Graeco
1085 2450 1242 2528 participia
1258 2449 1325 2507 Deo
1349 2446 1509 2505 cohaeren-

65 2539 152 2596 inatar
168 2536 231 2595 Dei
255 2533 313 2609 (his
330 2537 408 2594 enim
423 2536 518 2594 medis
530 2544 652 2595 vertunt
667 2534 761 2596 Gree-
812 2531 865 2611 tia)
878 2535 1011 2595 declaret
1027 2537 1124 2595 Deum
1141 2535 1238 2595 omnia
1253 2554 1348 2614 posse,
1365 2534 1452 2592 simul
1464 2534 1506 2592 in·

64 2644 160 2682 curum
177 2618 390 2700 interpretes),
408 2623 454 2680 cui
471 2622 612 2698 credidit3
629 2632 668 2694 ut,
686 2622 762 2682 sieut
812 2642 907 2683 nuens
922 2625 1011 2682 ctiam
1027 2624 1083 2681 hoc
1099 2624 1194 2701 ipsum
1210 2620 1248 2681 de
1271 2623 1337 2681 Deo
1355 2621 1507 2679 Abraham

63 2711 141 2769 Βθηε
169 2717 217 2768 θεῖ
247 2710 379 2768 omnium
406 2717 489 2788 pater
517 2711 683 2781 creatione,
717 2711 760 2769 sie
811 2709 984 2769 credidisse.
1008 2711 1085 2768 Nam
1107 2717 1239 2768 mortuos
1262 2708 1404 2767 advitam
1422 2728 1507 2766 revo-

63 2797 212 2855 Abraltam
241 2795 326 2854 fieret
357 2796 485 2854 omnium
514 2804 601 2875 pater
624 2796 761 2875 exemplo
812 2816 889 2869 aare,
907 2807 990 2856 etex
1007 2796 1098 2856 nihilo
1115 2816 1162 2855 res
1178 2795 1351 2875 producere,
1368 2795 1447 2874 quod
1465 2804 1509 2854 est

65 2882 135 2943 idei.
158 2881 232 2940 Non
255 2883 380 2940 enimin
397 2881 511 2941 Graeco
529 2892 575 2941 est
589 2881 762 2942 adverbium
811 2904 919 2943 vocare
934 2906 992 2942 nen
1009 2886 1089 2942 entia
1104 2893 1244 2963 tanquam
1259 2883 1348 2950 entia,
1375 2903 1435 2941 non
1451 2882 1508 2940 nisi

64 2961 236 3044 ἔμπροσθεν
250 2980 304 3025 aut
321 2959 462 3041 ἐνώπιον,
488 2968 518 3026 id
534 2977 596 3038 θεῖ,
613 2976 697 3038 ante,
715 2989 760 3027 co·
811 2970 942 3029 infinitae
973 2973 1104 3042 virtutis,
1132 2968 1162 3028 id
1186 2977 1243 3040 est,
1271 2968 1410 3028 divinae.
1439 2976 1509 3026 sunt

63 3076 133 3127 ram,
150 3055 181 3112 in
198 3064 382 3133 conspeetu,
406 3055 515 3133 quibus
531 3057 562 3114 in
577 3057 634 3115 hac
650 3056 760 3132 signifi·
812 3077 913 3134 opera.

61 3144 175 3201 catione
203 3142 314 3217 passim
343 3141 435 3199 utitur
460 3143 607 3220 scriptura
633 3141 760 3214 Graeca,
854 3144 1016 3203 Nobiscum
1034 3146 1123 3202 sentit
1139 3146 1168 3201 iu
1184 3144 1240 3201 hnc
1255 3145 1442 3221 expositione
1458 3142 1507 3200 Fr.

62 3227 109 3287 sed
125 3217 307 3302 κατέναντι,
335 3226 439 3299 idest,
463 3249 501 3287 cx
517 3228 659 3300 adverso,
684 3248 759 3287 ere·
812 3229 952 3299 Toletus,
969 3231 1020 3309 qui
1036 3231 1123 3288 etiem
1140 3229 1289 3289 subtiliter
1305 3231 1459 3301 observat,
1477 3230 1507 3288 in

61 3316 165 3390 gien03
187 3313 269 3392 quod
292 3314 402 3392 legitur
425 3313 518 3374 Marci
541 3321 589 3373 11.
615 3324 645 3375 et
668 3319 713 3373 12.
731 3323 760 3374 et
810 3318 901 3394 priori
917 3315 1045 3375 membro
1062 3316 1189 3374 Paulum
1203 3318 1350 3394 respicere
1367 3315 1405 3375 ad
1419 3315 1505 3374 tidem

60 3400 400 3479 lae.19.‚quorn·rdo‚
423 3401 758 3480 quodpingitur,ere·
810 3404 965 3468 Abrahae.
1001 3401 1120 3482 quaudo
1147 3404 1250 3480 jussus
1281 3412 1325 3461 est
1355 3402 1509 3461 immolare

60 3490 146 3565 gione
169 3487 216 3545 aui
239 3487 421 3565 exemplaris
444 3490 588 3546 statuitur.
614 3488 759 3567 Quamvis
810 3490 901 3548 filium
928 3510 1013 3548 suum
1040 3488 1142 3557 lsaac,
1166 3488 1309 3547 videlieet
1331 3490 1506 3562 arbitram,

61 3583 88 3630 at
115 3576 146 3632 in
173 3572 269 3652 priori
296 3573 514 3650 significatione
541 3576 686 3654 reperitur
716 3577 757 3634 in·
811 3580 886 3653 qaia
902 3585 930 3636 et
953 3596 973 3634 a
997 3579 1131 3634 mortuis
1152 3578 1302 3633 suscitare
1326 3582 1506 3651 potensest

60 3659 182 3719 terdnm.
809 3665 912 3737 Deua,
940 3671 974 3721 ut
989 3661 1027 3721 de
1045 3683 1080 3722 eo
1097 3662 1205 3721 dieitur
1226 3661 1303 3719 Heb.
1322 3667 1387 3738 11.,
1415 3664 1507 3721 inse·

99 3748 165 3824 Qui
181 3745 327 3820 vivificat
349 3754 507 3820 mortuos,
535 3755 564 3805 et
588 3756 680 3806 vocat
702 3768 757 3822 ee,
810 3750 908 3808 cundo
935 3761 1033 3808 autem
1059 3749 1190 3808 membro
1217 3747 1256 3806 ad
1284 3748 1370 3807 fidem
1400 3750 1506 3826 prioris

60 3852 139 3907 ecee
154 3851 226 3892 aaa
240 3840 323 3901 sarit,
340 3841 496 3909 tanquam
513 3853 560 3908 ee,
579 3853 658 3908 quae
673 3845 755 3894 aaut.
809 3838 965 3914 temporis,
993 3836 1112 3914 quando
1136 3833 1263 3895 credidit
1286 3835 1342 3893 sibi
1362 3836 1453 3893 filium
1469 3853 1508 3892 ex

61 3917 146 3978 Prius
162 3919 327 3978 membrum
343 3920 431 3997 hujus
447 3921 539 3998 partis
561 3920 698 3999 plerique
715 3942 757 3981 re·
809 3923 885 3981 Sara
908 3923 1094 3982 nasciturum.
1129 3922 1258 4001 Deque
1282 3921 1340 3980 tide
1367 3922 1507 3979 continuo

60 4004 158 4064 ierunt
175 4003 216 4063 ad
238 4005 412 4064 miraculum
424 4007 469 4064 rei
495 4017 615 4084 gestae,
639 4007 758 4086 quande
809 4009 980 4086 subjungit:
999 4012 1060 4088 ραι·
1072 4016 1185 4068 contre
1197 4028 1281 4084 spent
1295 4012 1331 4068 in
1342 4027 1428 4083 spent
1440 4025 1507 4065 cre-

60 4089 142 4150 Dens
157 4090 197 4149 ad
220 4091 424 4168 generandum
439 4092 571 4151 viviticat
593 4101 758 4153 emortuum
808 4096 898 4153 didit.
909 4095 1000 4173 Quod
1012 4095 1050 4153 ad
1064 4097 1206 4175 syntexin
1219 4095 1325 4155 attinet
1337 4095 1427 4172 hujus
1440 4093 1506 4160 loci,

60 4196 164 4257 cerpus
179 4177 321 4236 Abrabae
337 4186 368 4237 et
383 4179 521 4257 conjugis
538 4181 610 4256 ejus.
637 4181 705 4259 Qua
721 4180 758 4239 de
809 4184 885 4241 scies
903 4202 942 4240 ex
959 4181 1073 4240 Graeco
1091 4191 1205 4241 textum
1225 4183 1267 4240 sie
1291 4180 1507 4241 ordinandum:

59 4283 198 4324 msermo
222 4273 268 4323 est
290 4264 382 4342 paulo
410 4266 538 4325 inferius.
562 4266 624 4324 Alii
645 4275 756 4326 utrum·
808 4273 891 4327 Ante
910 4271 1030 4342 Deum,
1055 4272 1106 4329 cai
1128 4269 1272 4340 credidit,
1292 4267 1507 4342 vivificantem

59 4368 115 4428 que
126 4350 289 4410 membrum
302 4350 437 4412 referunt
448 4352 487 4412 ad
499 4352 630 4420 eosdem,
643 4353 758 4413 scilicet
806 4365 948 4414 mortuos
964 4363 992 4413 et
1009 4364 1191 4428 vocantem,
1220 4365 1292 4422 otc,
1321 4376 1380 4413 non
1408 4363 1506 4412 autern

59 4435 192 4513 gentiles.
216 4438 330 4496 Putant
353 4441 432 4498 enim
448 4439 576 4498 Paulum
600 4439 657 4498 huc
673 4449 757 4519 parte
808 4443 864 4499 sic:
889 4447 971 4505 Ante
988 4444 1103 4516 Deam,
1116 4444 1167 4500 cui
1180 4442 1314 4500 credidit
1327 4441 1505 4515 vivificanti

59 4523 134 4582 velle
150 4523 317 4596 ostendere,
333 4527 484 4604 quemodo
496 4526 647 4585 Abraham
660 4526 756 4587 fuctus
807 4536 947 4587 rnorttcos
964 4536 991 4586 ct
1016 4531 1160 4601 coecati,
1189 4537 1261 4602 etc.;
1288 4529 1360 4587 lieet
1382 4538 1507 4606 utraque

57 4608 93 4667 sit
101 4620 186 4689 pater
197 4612 290 4671 etiarn
302 4613 466 4689 gentilium,
480 4621 511 4674 et
521 4611 668 4692 quomode
682 4635 753 4693 gen·
806 4623 951 4674 structura
990 4636 1106 4674 sensum
1145 4615 1207 4673 iere
1237 4614 1365 4674 eundern
1396 4615 1501 4694 pariat.

57 4694 120 4756 tire·
135 4696 205 4757 iacti
222 4698 290 4777 ejus
306 4697 369 4759 filii.
789 4701 894 4761 'Hanc
916 4722 1003 4783 porro
1028 4704 1204 4762 sententiam
1229 4701 1395 4775 illustrant,
1422 4720 1500 4785 quae
