3254 5190
128 285 202 354 482
625 275 858 331 conserimus
876 275 907 328 ιι
926 275 993 329 crs.
1010 273 1059 329 ιιι.

126 455 271 534 scriptum
293 453 378 514 Sixto
401 453 489 514 tertio
514 452 650 533 pontifici
671 453 822 515 Romano:
873 445 890 512 ὁ
918 443 1057 528 ἄγαμος,
1087 451 1226 515 solicitus
1255 457 1301 513 stt
1325 470 1409 529 quus
1440 452 1566 515 Dorniul

127 561 194 600 cum
216 560 255 601 ne
282 540 419 600 catholici
441 539 562 621 quidem
585 541 739 620 scriptoris
766 542 825 601 sint
871 547 954 600 sunt.
991 539 1069 598 Nam
1093 538 1268 618 subjungit:
1300 540 1364 618 Qui
1377 545 1487 603 usim
1502 556 1563 599 ουιυ

126 623 211 700 libri,
234 627 304 700 sed,
325 636 359 687 ut
375 647 413 689 ex
426 627 526 688 multis
548 627 713 706 colligitur,
735 627 822 687 Pela·
870 645 970 688 uxore
983 634 1035 701 oet,
1045 624 1186 687 ιοὶιοιουι
1197 634 1251 702 cst,
1264 645 1347 703 quur
1359 633 1436 687 emt
1447 625 1561 698 muudi,

126 716 208 793 giaui
234 715 409 794 cujuspiam.
455 715 593 776 Tantum
618 713 719 788 abest,
745 722 780 772 ut
804 735 822 774 a
871 715 1027 775 insinuans
1035 714 1201 792 utiqueper
1214 704 1334 790 ἄγαμον
1343 733 1378 775 se
1386 712 1563 775 intellexisse

68 879 71 882 .
125 810 287 862 memorato
302 801 445 882 pontifice
461 802 618 883 conscripti
633 801 709 876 sint,
735 820 822 881 quem
871 820 953 872 oum,
969 802 1020 880 qui
1036 800 1214 877 conjugatus
1225 801 1291 879 jam
1305 819 1367 861 non
1382 809 1439 871 est,
1458 800 1561 859 etiamsi

126 896 243 948 constat
264 889 400 951 haeresis
414 888 604 968 Pelagianos
625 887 721 949 fuisse
739 907 821 947 acer·
870 886 970 947 fuerit
1005 885 1149 946 Similiter
1172 896 1203 947 et
1222 889 1255 949 in
1274 906 1326 961 eo,
1354 884 1438 968 quod
1461 883 1559 945 ibidem

124 976 230 1035 rimum
256 983 499 1056 expugnatorem.
537 976 586 1036 Itu
611 973 650 1037 do
676 976 712 1035 iis
738 974 821 1035 libris
870 974 1007 1054 coquitur
1023 975 1113 1053 juxto
1136 971 1286 1037 Graecam
1307 974 1487 1036 lectionem:
1508 973 1558 1033 Di·

123 1071 192 1142 post
212 1063 407 1125 Wilhelmum
427 1061 598 1123 Lindanum
621 1061 822 1122 doctissimum
869 1063 939 1120 visu
957 1068 1000 1121 est
1015 1062 1130 1125 mulier
1146 1067 1175 1121 ct
1189 1065 1290 1138 uiroc.
1313 1063 1465 1138 Innupta
1479 1065 1557 1120 erro

124 1151 296 1229 episcopum
312 1151 429 1210 consuit
440 1147 612 1211 Cardinelis
627 1149 775 1209 Beronius
790 1149 822 1207 in
869 1166 951 1223 quoa
967 1149 1103 1209 Domim
1118 1156 1201 1208 runt.
1239 1149 1316 1209 Nem
1339 1168 1409 1211 cum
1424 1148 1554 1226 virgiuum

124 1236 184 1296 fine
198 1237 272 1296 tomi
287 1239 315 1297 5.
332 1257 453 1297 suorum
469 1237 629 1297 annalium.
869 1233 1017 1308 dixisset,
1034 1256 1093 1295 non
1116 1237 1240 1315 repetit,
1261 1246 1296 1294 ut
1310 1233 1439 1296 diceret:
1474 1234 1553 1308 Virdo

167 1325 196 1382 8.
219 1324 301 1384 Dico
316 1332 422 1384 cutam
437 1341 505 1384 ιιου
525 1324 636 1399 nuptis
657 1330 686 1383 ot
706 1321 820 1383 viduis.
869 1329 971 1396 currat,
988 1321 1383 1399 persecutorumque
1398 1313 1419 1399 ἡ
1436 1311 1550 1397 ἄγαμος,

123 1413 197 1472 Non
217 1415 343 1487 nuptis,
375 1409 492 1472 Graeco
515 1412 587 1478 τοῖς
610 1400 745 1486 ἀγάμοις
767 1411 820 1468 in·
868 1411 1010 1485 innupta
1032 1417 1124 1470 curat
1148 1419 1213 1483 etc,
1236 1411 1376 1469 nimirum
1399 1407 1503 1471 volsus
1513 1426 1550 1467 ex·

122 1502 232 1574 nuptie
239 1542 250 1572 ,
265 1507 299 1558 ut
314 1498 390 1577 legit
402 1498 624 1578 Hieronymus:
641 1516 696 1557 sou
711 1495 820 1575 potius,
868 1495 992 1556 tendere
1007 1495 1174 1561 doctrinam
1197 1496 1236 1556 ad
1258 1504 1395 1559 coeteras
1417 1495 1549 1556 continer-

122 1584 372 1665 quemadmodum
386 1585 438 1644 alii
453 1594 578 1658 venunt,
594 1584 819 1659 interimatis,
868 1591 929 1654 tos,
944 1584 1000 1643 etsi
1015 1603 1075 1644 non
1089 1584 1232 1665 virgines.

122 1692 198 1751 quos
214 1671 344 1733 caelibes
359 1680 468 1731 vocant
484 1673 602 1733 Latini:
621 1680 655 1730 ut
670 1669 818 1748 intelliga-
910 1669 1010 1750 quue
1025 1672 1123 1750 magis
1147 1673 1238 1731 etiem
1252 1679 1380 1751 apparet
1398 1689 1442 1732 ex
1460 1669 1550 1729 Latio

122 1768 171 1819 tur
201 1760 291 1819 etiem
321 1758 360 1818 ad
388 1759 470 1818 viros
501 1760 666 1840 pertinere,
697 1777 764 1817 cum
789 1758 819 1818 in
868 1757 998 1818 lectione
1028 1756 1165 1835 ejusdem
1194 1757 1267 1829 loci,
1296 1776 1376 1837 quae
1402 1755 1548 1824 minitere,

122 1846 239 1907 Graeco
254 1845 436 1906 masculinus
457 1848 497 1907 sit
512 1845 664 1907 articulus.
703 1844 819 1916 viduis,
868 1845 958 1907 etism
981 1842 1107 1905 Hieron.
1130 1852 1196 1905 test
1219 1844 1270 1904 lib.
1295 1850 1322 1903 1.
1339 1854 1445 1906 contra
1464 1842 1548 1904 Josiu

121 1953 230 2013 graece
245 1933 320 2000 ταῖς
335 1926 461 2010 χήραις,
487 1932 719 1995 lemineicexus.
757 1929 820 1994 Sed
869 1952 933 2010 rap.
952 1935 988 2006 7.,
1005 1931 1121 1992 indicat
1135 1930 1294 1993 discrimen
1307 1932 1491 2013 innuptaeet
1504 1929 1547 1988 vir·

122 2022 260 2099 quaestio
276 2029 337 2093 est,
361 2028 461 2080 uuum
485 2013 628 2097 ἀγάμους
643 2019 757 2079 Paulus
777 2019 818 2077 in·
868 2021 963 2098 ginis,
993 2019 1100 2092 saltem
1122 2026 1155 2078 ut
1174 2020 1295 2098 generis
1312 2022 1478 2100 etspeeioi.
1509 2016 1548 2078 Sic

120 2107 240 2186 telligut
256 2127 324 2181 eos,
339 2108 389 2184 qui
405 2109 523 2188 nuptias
539 2127 598 2168 non
611 2114 681 2167 sunt
696 2104 818 2185 experti,
870 2107 949 2165 onim
976 2103 1085 2166 labet:
1109 2106 1228 2166 Mulier
1253 2108 1396 2183 innupta
1423 2114 1453 2168 st
1475 2110 1548 2180 οἰιοο

121 2214 197 2273 quos
214 2193 323 2255 Graeci
346 2196 466 2274 proprie
483 2185 626 2270 ἀγάμους
646 2192 818 2274 appellant:
868 2194 1004 2268 roqitut,
1028 2211 1109 2269 quae
1121 2194 1256 2253 Domini
1270 2200 1356 2267 ιυιιι,
1378 2213 1417 2253 sc
1431 2196 1457 2255 si
1471 2193 1549 2253 diest:

121 2300 159 2340 on
176 2280 350 2358 generalius
368 2299 427 2356 eos,
443 2283 496 2361 qui
512 2283 578 2341 sine
597 2282 726 2359 conjuge
740 2287 818 2352 sunt,
867 2280 998 2358 Innupta
1020 2279 1142 2351 mulier,
1162 2279 1345 2358 praesertim
1367 2281 1395 2340 si
1417 2283 1497 2360 virgo
1515 2279 1550 2349 et

119 2368 185 2428 sive
214 2369 370 2447 conjugati
401 2367 513 2428 fuerint
541 2365 724 2446 aliquando,
754 2366 819 2426 sive
868 2366 983 2445 cogitet
997 2374 1053 2426 otc.
1087 2364 1136 2427 Ad
1153 2385 1244 2447 qoem
1264 2365 1385 2427 modum
1403 2369 1493 2429 stiam
1507 2366 1550 2427 lrot

120 2473 187 2513 uon.
868 2454 933 2513 loco
964 2472 1029 2512 cum
1060 2451 1204 2513 dixisset:
1238 2454 1319 2514 Dico
1349 2471 1419 2515 nort
1447 2455 1549 2530 eupit,

162 2541 307 2600 Priorem
333 2540 516 2603 intellectum
552 2541 675 2619 exigere
701 2537 822 2599 videtur
868 2540 1009 2619 quamvis
1024 2537 1440 2618 ibividuoecomprehensae
1453 2541 1552 2620 possint

119 2624 281 2686 discrimen
297 2628 376 2686 inter
392 2618 537 2704 ἀγάμους
552 2633 584 2686 ot
599 2624 716 2686 viduas.
740 2625 820 2686 Nem
867 2624 1003 2704 intelligi,
1019 2631 1117 2685 umen
1132 2624 1171 2686 ad
1186 2626 1330 2704 majorem
1346 2629 1551 2707 expressiones

119 2713 177 2772 nisi
198 2713 300 2772 stricte
326 2732 362 2772 ac
375 2714 495 2793 propris
512 2703 654 2788 ἆγάμους
677 2713 819 2791 accipiar,
867 2710 979 2773 addere
993 2709 1106 2783 voluit,
1129 2719 1160 2772 ct
1173 2713 1298 2787 vidum
1324 2719 1434 2775 utnon
1448 2721 1551 2794 proptr

120 2797 819 2876 comprehendentureonomineetismviduas:
866 2818 920 2861 rea
934 2817 1123 2878 consequens
1146 2799 1185 2858 sit
1208 2789 1352 2874 ἀγάμους
1374 2798 1425 2861 liic
1447 2796 1551 2865 diddo

120 2903 195 2965 ques
212 2895 314 2944 minen
334 2885 473 2964 adjungit
486 2883 650 2964 Apostolus
672 2893 707 2949 ut
721 2883 818 2946 diver·
867 2885 938 2947 solis
950 2885 996 2956 iis,
1008 2886 1061 2964 qui
1071 2883 1122 2946 vel
1132 2904 1215 2964 quae
1225 2903 1380 2963 nunquam
1391 2891 1551 2967 nupserunt

119 2990 176 3031 ses.
219 2969 286 3031 Nec
313 2991 371 3052 qno
394 2973 492 3032 minus
519 2969 818 3052 comprehendantur,
867 2969 958 3051 Quod
974 2979 1004 3030 et
1018 2970 1203 3050 Augustinus
1218 2978 1324 3050 aperte
1348 2972 1443 3033 trudit
1456 2969 1552 3034 libus

119 3056 252 3117 obstabit
281 3077 375 3138 genus
404 3056 577 3121 femineum.
625 3057 706 3119 Nam
734 3079 818 3121 mens
865 3058 945 3119 bono
960 3058 1020 3118 vid.
1037 3077 1102 3138 cup.
1120 3061 1158 3129 3.,
1174 3059 1312 3138 quumvis
1327 3068 1497 3140 utrumqua
1510 3061 1552 3119 in·

118 3144 259 3222 Apostoli
274 3156 331 3217 est,
355 3144 409 3206 sub
425 3153 554 3226 utroque
573 3147 691 3206 nomine
705 3151 817 3206 utrum·
866 3146 977 3220 nuptis
1002 3152 1031 3203 rt
1054 3144 1176 3219 viduis,
1203 3143 1243 3207 ad
1268 3141 1366 3204 solum
1388 3147 1552 3209 munuum

119 3248 180 3311 que
191 3249 296 3290 sexum
311 3233 472 3305 instruere,
496 3242 527 3292 et
546 3230 585 3292 dc
599 3231 818 3294 abstinentias
867 3250 970 3293 sexum
993 3229 1142 3300 referens,
1164 3230 1280 3292 Graeco
1306 3237 1392 3292 textu
1416 3254 1478 3295 non
1498 3252 1552 3294 eor

120 3317 278 3396 conjugio,
301 3327 331 3378 et
352 3317 391 3378 de
409 3319 595 3380 continentie
616 3317 647 3378 in
669 3316 818 3379 viduitate
867 3318 960 3389 sulto,
976 3319 1191 3393 innuptarum
1206 3319 1347 3392 nomine,
1371 3319 1480 3398 inquit,
1493 3319 1554 3379 ctu

118 3413 188 3483 post
202 3404 316 3466 obitum
332 3406 485 3485 conjugis:
501 3403 752 3487 quemadmodum
767 3403 818 3465 hio
866 3404 1041 3480 significat,
1071 3424 1153 3479 quae
1168 3422 1236 3466 nott
1258 3411 1333 3465 norst
1353 3405 1554 3481 oupeouttt·

118 3496 263 3550 annotant
292 3491 503 3554 Theodoretus
537 3501 569 3553 et
606 3488 817 3552 Oeeumenius.
866 3498 977 3568 quiue,
1003 3493 1068 3551 sive
1088 3493 1215 3568 fuerim
1222 3536 1232 3565 ,
1258 3493 1324 3551 sive
1344 3508 1415 3554 ιιοιι
1432 3495 1554 3571 fuerint

117 3574 233 3637 Viduas
263 3586 363 3640 cutem
389 3579 522 3641 nominat
542 3578 723 3660 Apostolus,
757 3598 817 3639 non
866 3578 999 3658 Cumque
1014 3576 1046 3638 id
1068 3579 1160 3640 etism
1183 3597 1222 3639 ex
1243 3578 1337 3657 ipsius
1352 3577 1447 3641 Pauli
1466 3578 1553 3642 ναοὶ

119 3662 243 3738 viduos3
258 3673 320 3724 tum
338 3666 420 3745 quod
431 3665 571 3728 usitatius
586 3667 625 3727 sit
639 3662 816 3727 femininum
865 3664 944 3725 inira
958 3664 1065 3743 positis
1080 3665 1252 3743 probasset,
1278 3662 1400 3725 domum
1415 3663 1555 3729 concludit

118 3769 243 3823 nomen,
264 3758 299 3809 ut
313 3753 430 3813 Latinis
453 3753 559 3826 vidua,
582 3754 626 3811 sic
642 3757 673 3810 et
687 3749 816 3812 Graecis
865 3752 908 3811 ita
923 3748 1037 3812 dixisse
1051 3751 1194 3812 Paulum:
1217 3752 1298 3813 Dt‘co
1309 3752 1460 3829 innuptis
1471 3761 1500 3815 et
1511 3753 1553 3815 υἱ·

118 3830 217 3914 γήραι
241 3845 303 3897 tum
319 3839 399 3919 quod
414 3839 471 3900 hoc
485 3858 580 3919 genus
596 3837 815 3899 exhortationis
865 3837 954 3898 duis:
976 3836 1133 3914 tutiquum
1156 3839 1291 3910 diruet,
1308 3839 1397 3913 quod
1420 3840 1490 3902 dico
1509 3843 1553 3900 is·

118 3923 156 3983 od
170 3922 297 3985 sominae
312 3927 406 4004 magis
422 3925 513 4002 dirigi
528 3925 631 3985 soleat
863 3928 993 4001 nuptie,
1016 3943 1086 3986 non
1101 3927 1144 3985 oia
1158 3925 1232 3986 eolis
1255 3925 1342 3999 dico,
1364 3945 1449 4002 quus
1463 3927 1552 4002 visui·

158 4010 376 4073 Verumtamen
398 4013 555 4093 posteriori
577 4008 746 4072 intellectui
769 4010 812 4071 sa·
863 4030 918 4073 noe
939 4019 1031 4088 sunt,
1057 4011 1111 4072 sed
1137 4015 1232 4072 otium
1253 4013 1313 4084 cit,
1341 4030 1425 4088 quoe
1447 4014 1552 4075 viduet

114 4114 186 4156 vers
200 4095 321 4158 videtur
335 4101 402 4179 ipse
417 4098 548 4171 Paulus,
570 4101 624 4176 qui
646 4117 707 4157 non
720 4097 813 4159 multo
862 4105 944 4160 runt.
968 4097 1019 4159 Ita
1031 4099 1229 4178 Augustinus.
1253 4096 1314 4159 Sed
1332 4117 1416 4161 nunc
1432 4099 1504 4179 quid
1516 4099 1552 4159 ix·

114 4188 183 4260 post
206 4173 322 4260 ἄγαμον
345 4195 434 4246 vocat
454 4185 610 4245 mulierem
633 4184 722 4243 etium
745 4204 813 4245 con·
861 4186 963 4264 nuptis
971 4184 1108 4246 etvidnis
1119 4183 1380 4265 dicatApostolus,
1395 4187 1552 4251 sudiamnu

110 4267 266 4345 jugatum,
282 4270 335 4331 sed
351 4293 370 4332 a
385 4273 451 4333 viro
466 4270 643 4350 digressam.
681 4271 814 4348 Quodsi
904 4274 1034 4334 Bonum
1056 4281 1099 4332 ert
1121 4273 1201 4347 illis,
1231 4273 1551 4348 usurpatorum

114 4349 812 4438 discesseritinquitmunoutirruet:quanto
861 4358 994 4421 Graece:
1024 4361 1154 4420 Boreum
1185 4363 1227 4421 eis
1256 4365 1310 4432 ort,
1340 4361 1368 4419 ri
1395 4365 1551 4424 meum

112 4439 208 4518 magis
231 4460 266 4500 eo
288 4443 436 4506 vocabulo
459 4442 728 4522 comprehensurus
751 4464 812 4519 eos,
859 4444 947 4506 Multi
964 4464 1085 4525 quoque
1100 4447 1201 4506 Letini
1216 4443 1335 4505 codices
1348 4445 1550 4509 monost·

113 4526 168 4605 qui
181 4528 303 4604 nuptias
319 4533 451 4610 experti,
467 4531 612 4609 conjuges
626 4530 812 4591 emiserunt?
860 4540 918 4594 unt
943 4532 1069 4605 habent,
1094 4552 1153 4593 non
1176 4540 1413 4609 penituerunt:
1443 4530 1549 4596 unctui

113 4609 208 4691 Quod
223 4614 344 4692 quidem
366 4616 469 4679 iacere
493 4615 615 4678 videtur
630 4614 707 4677 imre
721 4637 812 4680 versu
859 4638 965 4680 sensus
980 4619 1059 4680 idem
1077 4626 1130 4679 est
1155 4617 1273 4680 Bonum
1289 4625 1344 4694 cst,
1361 4620 1475 4702 inquit,
1487 4618 1549 4692 illia

113 4701 165 4771 38.
181 4695 299 4760 diesne:
323 4704 385 4781 (lui
405 4707 472 4766 rinc
495 4719 597 4765 uxore
612 4710 672 4778 ort,
694 4724 812 4784 graues,
860 4706 892 4766 id
918 4713 979 4778 est,
1004 4706 1108 4768 melius
1131 4725 1167 4766 se
1193 4706 1288 4787 magis
1314 4704 1496 4786 eligendum,
1517 4710 1547 4764 ut
