3254 5190
433 278 596 335 1111810113
612 278 652 334 AB
669 278 822 334 romnus.
845 278 929 334 Vm
948 284 989 335 12.
1008 282 1048 336 lb.
1388 286 1460 357 201

61 476 101 531 se,
117 456 208 537 qnod
222 478 284 521 non
298 459 338 519 sit
351 478 391 519 ex
401 459 657 534 meritissimum
670 465 717 517 est
765 458 876 517 tionem
899 476 936 518 ex
959 458 1222 538 meritis··intelllgi
1242 456 1361 533 sinunt,
1379 476 1463 540 quse

64 542 215 623 Apostoli
236 545 328 606 l’snli
350 544 493 649 dootripe,
514 546 605 607 veiis
626 548 659 605 in·
673 544 716 604 lo·
764 543 1175 624 deincepssequnntnrh'em
1183 547 1359 626 quaestioni
1368 564 1460 626 quern

61 633 265 712 ,preeoipue
287 652 360 693 vero
378 652 417 693 ex
432 634 477 706 iis,
501 650 582 712 quse
597 632 718 692 disserit
765 633 864 690 stetim
889 632 946 690 sibi
971 641 1087 691 moret:
1116 632 1282 710 Nmrspass'd
1307 636 1461 710 iniqnitas

61 720 200 799 eapite,
222 721 303 780 siout
317 738 356 780 ex
376 720 571 835 sequennbns
587 719 716 799 amplius
764 718 853 793 apud
879 720 1006 778 Deum?
1028 738 1087 778 non
1109 720 1280 799 respondet,
1302 720 1376 781 ideo
1401 739 1462 780 non

61 804 135 865 etit
765 822 832 864 esse
844 804 1046 884 iniquitatem,
1061 808 1133 886 quie
1146 816 1210 869 tota
1219 825 1323 867 masse
1336 816 1463 886 peceato

61 890 102 950 De
116 893 335 971 reprobatione
352 912 424 953 rero
439 912 499 953 nou
514 892 640 973 perinde
655 912 717 952 om·
765 893 873 951 vitiata
888 901 942 965 est,
958 901 990 952 et
1001 911 1105 953 omnes
1114 892 1198 972 digni
1209 893 1411 969 damnatione,
1420 922 1462 937 -

89 980 300 1039 eonsentiunt
338 978 470 1058 Quidem
497 983 577 1041 enim
602 978 717 1052 dicunt,
765 988 808 1038 nt·
813 979 928 1056 gratiae
943 980 993 1052 sit,
1015 979 1088 1039 inde
1109 980 1257 1059 quosdam
1272 981 1390 1061 eripere
1404 980 1462 1041 sel·

61 1064 195 1125 ostolnm
219 1068 252 1127 in
273 1069 427 1146 praesenti
448 1067 586 1127 doctrine
605 1085 716 1145 suppo·
764 1064 887 1137 vendor,
897 1064 1046 1142 justitiae,
1061 1076 1311 1127 caeterosomnes
1322 1070 1355 1128 in
1369 1087 1405 1127 οι
1417 1086 1461 1128 ιο·

61 1170 83 1212 ο
110 1171 250 1213 messam
280 1153 405 1214 hnmani
430 1155 551 1233 generis
577 1152 717 1213 infestam
765 1152 902 1230 linquere
916 1151 1280 1214 damnandos—Sedita
1288 1155 1461 1234 respondet,

61 1248 141 1299 esto
159 1239 312 1318 originali,
335 1260 425 1319 qusm
440 1260 507 1300 eum
522 1248 616 1300 totam
632 1240 717 1300 Deus
766 1246 800 1296 ut
815 1248 875 1296 tem
890 1238 997 1299 horum
1015 1241 1265 1319 reprobationem,
1285 1260 1376 1321 quem
1394 1241 1462 1307 illo,

68 1325 161 1386 illius
183 1328 303 1405 peeoeti
323 1329 463 1387 meritum
485 1327 646 1405 reprobare
664 1347 717 1406 po·
764 1344 827 1383 rum
848 1324 1026 1386 electionem
1043 1326 1156 1388 referet
1176 1328 1206 1388 in
1222 1329 1317 1389 solem
1332 1328 1393 1388 Dei
1409 1346 1461 1389 vo·

61 1423 129 1483 teet,
153 1412 198 1472 ed
220 1412 316 1472 solam
338 1416 475 1475 referunt
495 1414 555 1474 Dei
576 1413 716 1475 volunte-
764 1411 918 1484 luntutem,
942 1414 1123 1475 notandam
1146 1414 1227 1475 dioto
1250 1416 1462 1477 euriosumin·

61 1520 78 1571 ι,
102 1499 195 1578 quod
210 1518 251 1560 ex
267 1519 303 1559 ea
318 1502 395 1561 ulios
410 1519 485 1581 prae
500 1501 568 1561 aliis
583 1502 717 1580 grstnits
765 1508 980 1577 terrogatorem
1007 1520 1219 1581 sompesoens:
1249 1505 1282 1563 O-
1298 1504 1402 1580 horno,
1426 1510 1464 1565 tts

61 1609 66 1647 ι
88 1586 236 1647 bonitate
260 1591 452 1666 superandos,
475 1596 569 1667 atque
583 1586 623 1648 sd
637 1587 717 1647 selu·
766 1588 835 1662 quis
858 1605 905 1663 es,
929 1590 984 1663 qui
1008 1590 1198 1664 respondeas
1213 1591 1307 1650 Deo?

61 1671 299 1753 rperdueendos
310 1675 441 1754 elegerit,
457 1683 492 1734 ut
501 1673 627 1754 proinde
637 1675 717 1735 eleo·
807 1674 881 1733 anr
902 1673 975 1734 illud
995 1677 1133 1748 maxime,
1156 1677 1237 1758 qnod
1262 1696 1317 1757 pro
1339 1694 1460 1756 comps·

64 1760 197 1840 quidem
213 1763 337 1820 istorum
348 1782 408 1823 non
419 1763 458 1821 sit
469 1780 507 1820 ex
517 1764 634 1835 merito,
651 1780 716 1821 ose·
765 1760 880 1819 ratione
893 1759 991 1823 adfert
1009 1760 1048 1822 ds
1063 1763 1165 1841 figulo,
1186 1784 1226 1824 ox
1242 1765 1349 1827 eedem
1364 1784 1462 1825 mussa

61 1866 148 1907 orum
174 1857 277 1907 entem
299 1849 469 1926 reprobatio
492 1851 533 1907 sit
554 1868 593 1909 ex
614 1850 717 1909 merito
766 1846 821 1906 luti
831 1847 959 1909 iaciente
970 1848 1053 1909 aliud
1065 1849 1188 1929 quidem
1199 1852 1297 1913 rasin
1308 1853 1463 1924 honorem,

61 1936 138 2005 neti,
161 1955 225 2014 quo
248 1944 311 1995 tots
333 1955 433 1995 masse
454 1936 576 2013 ponitur
597 1935 716 1995 infeste
765 1933 849 1994 aliud
872 1937 995 1996 veroin
1017 1936 1237 2010 contumelium,
1259 1958 1379 1999 messes
1402 1958 1463 1999 eor·

61 2020 157 2081 telio
175 2038 267 2081 sensu
282 2021 413 2083 letentur
428 2023 547 2101 aliquos
563 2023 718 2101 reprobari
765 2030 873 2100 ruptos
898 2022 1089 2101 hypothesim
1116 2023 1274 2087 excludit-¹
1299 2026 1359 2085 Hie
1383 2028 1462 2086 euim

61 2108 222 2179 emeritis,
239 2126 331 2187 quam
347 2110 512 2188 qnisnnlls
527 2111 602 2168 retio
620 2119 717 2172 estex
765 2107 900 2187 proiecto
926 2109 1002 2168 nihil
1025 2111 1056 2168 in
1076 2128 1175 2171 messa
1195 2114 1380 2192 supponitur,
1403 2113 1462 2173 nisi

61 2204 99 2253 ts
111 2194 281 2268 hominum,
304 2214 357 2255 our
379 2194 430 2254 alii
445 2214 519 2274 prae
533 2195 602 2255 eliis
617 2215 716 2276 repro·
766 2195 847 2273 quod
857 2197 897 2253 sit
908 2196 1082 2256 indifferens
1094 2195 1461 2259 otformsbilissdutrum·

61 2290 131 2351 stur,
155 2288 250 2360 atque
267 2284 297 2341 iu
312 2300 412 2341 messa
432 2282 610 2360 perditionis
627 2283 717 2343 relin·
766 2300 835 2359 que,
858 2283 979 2360 qnslem
1003 2283 1109 2364 utique
1130 2302 1198 2343 esso
1215 2293 1340 2365 oportet,
1362 2293 1461 2344 ntro·

61 2375 158 2438 soter,
184 2385 221 2426 eo
243 2367 326 2445 quod
347 2377 502 2447 peeramrn
524 2370 562 2428 sit
577 2370 717 2429 omnibns
766 2366 873 2427 luntati
889 2378 921 2428 et
934 2371 1000 2429 nsui
1015 2371 1126 2429 serviet
1148 2372 1275 2431 hominis
1288 2372 1382 2450 figuli.
1403 2372 1462 2433 Ve-

61 2472 182 2513 nrme
216 2453 278 2513 Pro
306 2473 369 2533 qua
398 2454 534 2514 doctrine
563 2454 717 2517 addnonnt
765 2472 829 2512 rum
844 2454 921 2514 haee
935 2474 983 2515 res
996 2463 1059 2515 tota
1078 2456 1199 2537 plenius
1215 2458 1461 2539 insequentibus

61 2539 253 2600 nritstesnB.
261 2542 432 2619 Augustini,
441 2540 715 2621 librol.adSimpl.
766 2539 977 2619 oxplioebitur.

61 2636 133 2687 sut
150 2629 192 2700 3.,
214 2626 373 2687 enchiridii
396 2628 445 2689 38.
466 2629 553 2706 epist
571 2631 652 2701 106,
675 2638 716 2688 at·
807 2626 845 2687 In
861 2627 943 2688 hone
963 2647 1053 2709 porro
1078 2633 1255 2693 sententium
1280 2642 1463 2711 seoepernnt

61 2732 74 2773 s
101 2712 182 2773 alibi
211 2711 364 2786 dooentis,
391 2715 632 2793 reprobationem
656 2715 718 2775 Dei
764 2722 798 2774 et
818 2715 1001 2794 interpretati
1023 2725 1095 2776 sunt
1118 2727 1303 2797 pressentem
1322 2718 1461 2797 Apostoli

61 2806 183 2879 »pterea
195 2818 257 2859 non
278 2818 346 2859 esse
359 2799 512 2877 injustum,
535 2804 608 2882 quie
622 2803 715 2861 nemi·
765 2800 977 2872 de,eleotione
1000 2811 1031 2862 et
1055 2804 1269 2883 reprobatione
1295 2803 1461 2866 dowinam

61 2904 84 2945 ι
97 2885 254 2966 reprobet,
269 2887 381 2946 nisiex
395 2888 499 2946 merito
513 2889 640 2966 pensati.
764 2887 873 2946 Petrus
894 2887 1084 2949 Lombsrdus
1106 2886 1158 2949 lib.
1181 2895 1208 2950 1.
1228 2900 1304 2952 sent
1326 2890 1461 2952 dist-tl.

61 2973 177 3032 Verum
202 2973 230 3033 si
252 2970 412 3051 diligenter
438 2975 649 3052 expendentur
672 2992 716 3047 ea,
764 2969 840 3048 §.a
856 2983 889 3033 et
902 2975 942 3047 d.,
962 2993 1020 3035 neo
1034 2988 1095 3036 non
1110 2978 1141 3036 in
1157 2992 1261 3037 eornm.
1278 2978 1367 3057 hujus
1382 2977 1463 3052 loci,

61 3078 96 3119 ιο
115 3057 159 3118 de
180 3058 329 3118 electione
351 3068 383 3120 et
396 3061 605 3139 reprobetione
625 3060 717 3121 tradit
764 3059 856 3138 Hugo
879 3060 1051 3122 Viotorinns
1075 3064 1105 3122 in
1131 3063 1208 3123 beno
1230 3064 1318 3144 epist
1345 3075 1461 3144 quaest

61 3145 182 3205 molus
195 3144 255 3205 hoo
268 3164 343 3224 nep,
364 3164 487 3226 prorsus
502 3147 663 3227 apperebit
676 3166 717 3206 ex
765 3147 837 3207 333.
850 3155 881 3207 et
890 3149 979 3223 sso.;
994 3147 1025 3208 S.
1036 3150 1172 3209 'l‘hornes
1183 3151 1214 3209 iu
1225 3161 1384 3210 sommant·
1392 3150 1460 3212 leot.

61 3251 83 3293 ιι
98 3233 263 3303 aunone
276 3240 340 3291 tam
354 3234 602 3313 reprobationem,
626 3252 716 3313 quam
764 3233 795 3291 3.
817 3241 846 3292 et
866 3237 911 3304 4.,
935 3243 1027 3314 atque
1047 3235 1135 3310 alibi,
1157 3234 1322 3314 Gejetsuus
1345 3246 1408 3297 tem
1429 3239 1462 3298 in

61 3319 200 3379 etioneru
229 3317 364 3379 absolute
392 3339 453 3380 non
482 3339 521 3381 ex
547 3319 620 3379 ullis
650 3339 716 3379 esso
764 3338 876 3379 sonim..
890 3319 982 3398 hujus
1001 3319 1068 3393 looi,
1084 3340 1174 3401 quem
1188 3325 1306 3401 primes
1319 3324 1459 3404 petes„

61 3406 169 3467 seritis
193 3406 319 3465 meritis
351 3406 484 3466 Primum
509 3409 590 3467 enim
613 3407 644 3465 in
671 3425 716 3480 eo,
764 3404 901 3467 Thomse
922 3415 1043 3486 quaest
1067 3410 1139 3482 335
1168 3409 1298 3470 Lirinus
1326 3412 1366 3470 in
1381 3411 1463 3470 hune

61 3490 100 3552 ed
113 3490 298 3551 airinom
312 3492 395 3554 nibil
409 3497 542 3568 opturet
555 3501 613 3553 ont
629 3493 714 3567 boni,
763 3490 877 3567 loonm3
900 3493 933 3552 F.
949 3493 1192 3555 winomannus
1182 3514 1213 3563 ιι
1236 3514 1349 3575 orgum.
1372 3495 1461 3575 hujus

61 3586 73 3637 t
93 3577 190 3652 moll,
212 3586 274 3637 tam
294 3578 429 3639 excludit
446 3582 594 3641 eudonem
607 3579 716 3638 melum
765 3578 805 3637 sd
819 3579 904 3639 Rom.
920 3580 1026 3658 epist,
1048 3580 1188 3641 Peterius
1202 3584 1369 3662 quoquein
1382 3581 1460 3663 disp.

61 3684 100 3725 ιιι
113 3662 188 3725 odio
203 3663 307 3735 babiti,
328 3683 420 3744 quem
442 3668 590 3726 senonem
608 3665 717 3725 bonnm
767 3668 817 3725 13.
838 3664 931 3743 hujus
950 3684 1015 3746 esp
1038 3668 1183 3747 Denique
1202 3669 1375 3730 sebolsstioi
1391 3668 1462 3730 doo-

61 3750 116 3811 ιώ
130 3749 254 3825 dileeti3
276 3761 308 3810 et
321 3762 541 3833 eonsequenter
556 3751 717 3812 exoludon·
764 3753 876 3824 tores,
866 3772 898 3811 ιι
909 3752 1086 3832 Magistrum
1096 3754 1270 3828 scribentes,
1281 3756 1358 3817 adeo
1366 3756 1460 3831 multi,

61 3857 88 3898 ι
99 3837 251 3917 relinquit
264 3845 325 3896 tam
339 3838 451 3898 melum
463 3841 600 3900 meritum
615 3858 715 3917 repro·
765 3848 797 3899 nt
811 3836 942 3900 fateatur
957 3840 1093 3901 'l‘homss
1104 3841 1340 3921 Argentisu'ssis,
1356 3862 1461 3923 quem·

61 3925 156 3997 ionis,
171 3930 265 4004 quern
276 3924 387 3984 bonnm
398 3927 539 3987 meritum
551 3926 715 3987 slsotionis.
764 3927 811 3985 vis
826 3923 965 3986 diverses
980 3929 1127 4007 opinionis
1141 3938 1276 4002 asertor,
1299 3929 1378 3989 hane
1392 3948 1460 3991 son·

61 4030 95 4071 ι
108 4009 228 4091 alioqui
242 4011 449 4073 tantumnodo
464 4011 623 4073 dioendum
639 4018 717 4071 erut:
765 4012 891 4072 tentiam
907 4032 974 4073 esse
989 4032 1181 4088 ιοιιιιιιιοιι,
1201 4016 1280 4081 sieut
1293 4034 1368 4091 οιιι,
1383 4034 1461 4096 quse

61 4116 88 4159 ι
99 4098 188 4159 nibil
202 4101 336 4173 episxot
350 4097 435 4174 horsi,
458 4102 486 4159 si
499 4118 608 4178 nempe
623 4098 716 4159 solius
764 4097 1067 4179 praedestinationem
1083 4119 1122 4160 ex
1137 4103 1252 4162 meritis
1266 4112 1366 4180 negot

61 4183 71 4243 l
87 4183 263 4247 dilectionis
284 4184 392 4257 Jacob,
414 4186 466 4247 vel
487 4187 643 4246 eleotionis
664 4206 716 4246 no·
806 4183 868 4246 Sed
883 4195 915 4245 st
926 4186 1102 4247 Dominirus
1118 4187 1208 4249 Sotus
1224 4190 1256 4250 in
1272 4189 1459 4249 retraetstlo·

61 4290 98 4333 ιο
109 4272 255 4333 meritum
271 4270 434 4333 excludere
449 4272 603 4333 voluisset.
627 4272 716 4333 Unde
766 4272 862 4345 nibus,
873 4292 950 4352 ques
963 4273 1120 4352 subjunxit
1129 4277 1213 4355 operi
1224 4294 1280 4335 sno
1291 4277 1322 4335 in
1333 4280 1361 4337 4.
1374 4285 1461 4351 sens,

61 4357 435 4525 amittit?
447 4379 716 4527 11111Ξῖἑῖ
764 4358 1088 4508 11113111ιῖ
1107 4363 1460 4527 ”isiibiblijiil'i

893 4490 901 4520 l
1095 4493 1102 4521 1

61 4541 224 4613 npeoesto.
238 4533 327 4593 Heee
336 4536 416 4594 enim
429 4534 593 4613 suppositio
605 4542 718 4614 pugnat
765 4536 1078 4595 commentariensem
1092 4536 1261 4614 scripserat.
1284 4538 1377 4598 Porro
1390 4535 1458 4598 Gor.

61 4638 88 4679 m
101 4620 203 4681 verbis
218 4620 357 4700 Apostoli
368 4620 547 4698 jamdictis.
765 4620 929 4681 dansenius
943 4630 1074 4682 neonus
1085 4621 1138 4681 illa
1149 4623 1460 4687 vorbslsleolesiastioi

66 4704 203 4769 ded-uso
221 4705 481 4782 sen-sdmitsunt,
501 4716 557 4768 eut
573 4705 716 4787 reprobe·
765 4710 832 4768 41.=
851 4709 892 4770 ⁵8t'
913 4709 986 4769 noti
1007 4710 1151 4788 W,
1176 4711 1215 4773 s‘ts
1238 4711 1461 4776 matrem
