3254 5190
98 294 178 362 m>
603 282 838 342 constitimus
854 284 886 342 rs
903 284 971 343 car.
988 288 1030 344 lx.

96 461 165 524 diae
186 464 379 544 praeparavit
393 462 432 524 ad
447 463 581 543 gloriam,
606 465 651 524 uti
664 483 736 524 mox
750 463 794 524 dl·
887 464 1010 526 Partem
1035 465 1114 527 banc
1136 466 1188 527 alii
1211 465 1301 526 aliter
1322 464 1363 526 ad
1383 465 1539 545 superiora

99 557 189 624 cetur,
206 551 326 632 quiaiis
337 549 376 610 ab
387 555 510 611 aeterno
521 552 723 630 praeparavit,
739 550 796 611 hoc
842 550 983 612 referunt.
1007 551 1139 631 Quidam
1155 553 1234 612 enim
1256 552 1448 623 existimant,
1467 570 1537 632 quo·

96 643 157 710 est,
183 635 409 717 praeordinavit
424 644 456 697 et
470 635 544 698 dare
559 638 714 698 constituit
729 637 793 717 glo·
842 637 929 698 modo
944 645 1033 718 parte
1047 638 1243 719 praecedeuti
1258 639 1417 718 assignata
1432 646 1481 698 est
1493 657 1538 698 ra·

95 720 186 798 riam3
203 743 240 783 eo
251 732 351 783 tamen
362 720 541 797 discrimine,
554 721 636 804 quod
645 723 693 784 his
705 725 793 784 etiam
842 727 882 783 tio
897 724 1117 804 reprobationis
1131 726 1163 785 iu
1178 744 1296 804 genere,
1311 724 1431 785 scilicet
1442 731 1540 784 osteu-

95 809 202 869 merita
216 809 329 889 gloriae
336 810 530 889 praeparavit
541 809 580 869 ab
591 816 720 884 aeterno,
732 831 793 871 nou
842 812 886 871 sio
898 811 1036 889 justitiae
1053 818 1082 872 et
1095 812 1251 891 potentias
1271 810 1409 884 divinae,
1433 812 1478 870 ita
1493 809 1540 870 hio

96 896 168 955 item
184 895 245 956 illis
260 897 368 955 merita
378 893 586 956 damnationis.
841 899 981 972 seorsim,
996 904 1141 978 tanquam
1156 898 1250 957 altero
1265 898 1358 958 totius
1373 897 1540 959 sententies

137 982 229 1042 Hunc
255 1001 377 1043 sensum
402 984 557 1042 confirmat
578 983 661 1042 locus
684 980 791 1042 Mattb.
840 984 980 1058 membro,
996 982 1109 1044 adferri
1119 985 1267 1045 rationem
1279 982 1449 1056 electionis,
1461 1001 1540 1063 quae

95 1065 160 1142 25„
184 1066 236 1129 ubi
257 1065 509 1150 quemadmodum
532 1068 634 1129 electis
649 1067 759 1129 dicitur
774 1089 793 1128 a
842 1080 888 1130 est
913 1069 1117 1131 manifestatio
1142 1070 1286 1131 bonitatis
1312 1090 1349 1130 ae
1372 1067 1538 1130 misericor

93 1152 196 1214 mundi
211 1154 443 1229 constitutione,
472 1154 580 1228 idest,
607 1155 645 1214 ab
668 1163 791 1215 aeterno
842 1155 912 1217 diae
926 1157 986 1216 Dei
1002 1176 1041 1216 ex
1057 1156 1197 1237 eo,quod
1206 1154 1398 1239 provebitad
1411 1154 1539 1236 gloriam

92 1247 305 1321 praeparatum
320 1258 389 1301 esse
403 1260 544 1320 regnum,
560 1241 603 1301 sic
615 1247 645 1301 et
655 1241 793 1320 reprobis
842 1242 963 1303 electos.

93 1336 287 1408 praeparatus
313 1345 380 1387 esse
407 1326 514 1387 dicitnr
539 1328 618 1405 iguis
643 1335 791 1401 aeternus,
883 1329 934 1389 Ita
949 1329 1087 1391 sentiunt
1108 1327 1327 1402 oecumenius,
1349 1327 1493 1409 Aquinas
1512 1335 1541 1388 et

95 1418 259 1494 auumque
284 1414 398 1473 scilicet
422 1422 633 1493 praeparatum
666 1433 684 1473 a
713 1414 791 1475 Deo.
841 1414 1020 1494 Cajetanus.
1051 1415 1220 1477 Secundum
1243 1434 1332 1497 quem
1355 1413 1540 1474 intellectum

92 1500 205 1580 Itaque
219 1501 410 1581 praeparatio
421 1499 498 1560 haec
513 1502 543 1559 iu
558 1501 720 1580 scripturis
732 1520 793 1561 nou
841 1502 917 1562 haec
932 1521 1004 1580 pars
1017 1522 1084 1562 cum
1095 1502 1302 1583 supplemento
1314 1502 1374 1561 erit
1385 1500 1539 1580 explicam

92 1586 230 1648 effectum
245 1587 376 1666 aliquem
390 1586 555 1646 voluntatis
570 1587 643 1660 Dei,
665 1587 721 1648 sed
745 1589 791 1667 ip·
842 1587 890 1663 da,
905 1589 955 1650 vel
969 1588 1027 1649 boc
1042 1590 1148 1649 modo:
1170 1589 1247 1649 Item
1263 1589 1289 1648 si
1304 1588 1390 1648 Deus
1402 1588 1541 1648 sustinuit

93 1693 155 1734 sam
167 1681 318 1735 aeternam
329 1671 623 1754 praeordinationem
633 1675 790 1754 significat
842 1696 907 1734 cum
922 1674 1018 1735 multa
1039 1676 1188 1755 patientia
1208 1694 1286 1736 vasa
1304 1673 1538 1745 misericordiae,

93 1758 318 1820 Commentator
332 1758 419 1818 Amb.
435 1758 539 1819 itidem
562 1759 601 1820 ad
623 1760 724 1821 Deum
745 1781 791 1821 re·
840 1762 919 1821 utin
935 1764 979 1822 eis
994 1760 1167 1823 ostenderet
1180 1760 1306 1822 divitias
1321 1760 1442 1841 gloriae
1454 1777 1538 1834 suae3

92 1847 152 1907 lert
166 1846 244 1907 banc
259 1846 537 1927 praeparationem,
552 1845 606 1907 sed
623 1866 687 1906 eam
703 1848 790 1907 intel·

93 1934 174 2013 ligit,
190 1953 268 2015 quae
282 1932 317 1992 fit
332 1933 363 1993 in
378 1938 520 2013 tempore.
544 1933 626 1993 Dicit
638 1934 724 2006 enim,
739 1955 792 1994 vo·

91 2021 207 2080 luntate
225 2027 253 2080 et
275 2019 507 2097 longanimitate
529 2017 592 2080 Dei
613 2021 793 2100 praeparari

92 2105 229 2167 infideles
251 2104 290 2166 ad
313 2125 450 2186 poenam.
473 2107 574 2181 Nam,
598 2107 708 2186 iuquit,
728 2126 792 2184 pa-

94 2196 208 2253 tientia
235 2201 263 2254 at
291 2194 522 2268 lonpcm'mitas
547 2194 610 2255 Dcs'
636 2195 706 2268 ipsa
729 2200 790 2268 cst,

91 2297 173 2357 quas
180 2283 260 2341 aaut
267 2280 601 2355 malospreeparctcd
608 2282 790 2356 interitum,

91 2370 137 2427 ito
146 2374 175 2428 et
187 2369 283 2428 bonos
289 2367 520 2444 prosperatori
528 2384 687 2428 coronam.
701 2365 793 2446 Quod

90 2455 233 2534 intellige,
245 2453 498 2536 peroccasiouem.
511 2453 623 2515 Verum
637 2455 791 2515 contextui

90 2543 188 2621 magis
203 2541 341 2621 quadrat,
357 2538 438 2619 quod
449 2541 534 2620 prius
545 2540 615 2614 dixi,
630 2561 792 2621 praepara·

91 2626 203 2689 tionem
219 2626 399 2707 significari,
426 2646 505 2706 quae
528 2633 574 2687 est
597 2627 635 2686 ab
657 2637 790 2688 aeterno.

132 2713 228 2775 Porro
247 2714 387 2794 quamvis
402 2713 487 2772 Deus
501 2714 645 2794 reprobos
661 2712 700 2773 ad
715 2714 791 2774 inte·

39 2876 41 2881 Ι
91 2801 180 2861 ritum
195 2801 428 2881 praeparaverit
453 2818 490 2859 ex
515 2801 649 2880 ipsorum
669 2802 791 2874 meritis,

91 2887 167 2949 illud
183 2895 285 2948 tamen
301 2906 339 2947 ex
354 2887 470 2947 meritis
484 2907 545 2946 non
560 2895 613 2961 est,
629 2887 680 2946 sed
694 2907 733 2948 ex
744 2907 791 2947 so-

840 1848 891 1907 vel
906 1848 965 1910 isto
980 1847 1083 1919 modo,
1106 1867 1197 1927 quem
1219 1847 1310 1909 tradit
1324 1846 1539 1909 oecumenica:

840 1936 922 1994 Etsi
937 1937 1021 1997 Deus
1036 1934 1120 2009 tulit,
1136 1934 1169 1994 id
1183 1941 1230 1994 est
1244 1933 1380 2008 adduxit,
1395 1953 1475 1994 vasa
1488 1933 1537 1993 mi·

842 2021 1021 2083 sericordiae
1037 2021 1230 2096 adsalutem,
1246 2032 1279 2081 ut
1294 2022 1386 2082 ineis
1402 2019 1537 2082 ostende

840 2114 900 2182 ret,
916 2116 973 2169 etc.

883 2194 925 2253 At
954 2215 1028 2255 vero
1058 2194 1211 2274 plerique,
1242 2213 1363 2255 sensum
1386 2212 1428 2254 ex
1460 2195 1539 2273 Apo·

841 2280 910 2339 stoli
924 2282 1027 2342 verbis
1043 2282 1162 2341 obvium
1179 2291 1350 2360 sequentes,
1366 2280 1541 2359 intelligunt

840 2366 898 2427 bac
911 2375 998 2448 parte
1014 2367 1106 2429 aliam
1122 2367 1221 2428 adhuc
1244 2368 1368 2428 annecti
1393 2370 1538 2428 ratiomm

841 2454 1060 2533 reprobationis
1075 2455 1106 2514 iu
1120 2473 1248 2533 genere3
1270 2472 1381 2534 nempe
1397 2453 1537 2515 manlios·

840 2542 984 2600 tationem
999 2541 1120 2601 divinae
1136 2541 1282 2601 bonitatis
1297 2560 1372 2620 erga
1386 2559 1466 2601 vasa
1486 2541 1537 2598 mi·

841 2626 1029 2688 sericordiae.
1044 2627 1114 2687 Non
1125 2629 1204 2688 euim
1216 2629 1289 2688 satis
1298 2626 1539 2708 appareretbaso

840 2712 899 2774 Dei
913 2713 1136 2786 misericordia,
1152 2733 1252 2795 neque
1268 2716 1342 2775 satis
1360 2714 1400 2773 ab
1416 2714 1537 2774 bomini·

839 2800 895 2860 bus
910 2802 1132 2874 aestimaretur,
1156 2803 1183 2860 ei
1204 2808 1283 2861 esset
1306 2800 1446 2861 omnibus
1461 2818 1536 2860 com·

839 2890 947 2962 munis,
964 2907 1021 2948 uec
1035 2888 1091 2947 ulli
1105 2889 1346 2966 permitterentur
1361 2888 1393 2947 in
1409 2896 1537 2965 peccata

91 2975 122 3035 la
136 2976 195 3035 Dei
210 2973 378 3046 voluntate,
405 2972 486 3054 qnod
503 2993 554 3035 eos
570 2975 726 3052 permittat
741 2994 788 3034 ca·

91 3061 162 3122 dere
174 3060 205 3121 in
217 3069 355 3142 peccata,
368 3061 477 3138 quibus
489 3062 640 3122 interitum
652 3080 789 3121 merean-
838 3080 877 3140 pe
904 3064 1128 3141 comparatione
1148 3061 1375 3132 manifestatur,
1397 3061 1537 3140 amplius·

91 3159 154 3222 tur,
179 3168 259 3226 qnae
282 3146 403 3226 quidem
418 3149 574 3226 permissio
597 3148 711 3227 primus
734 3155 788 3223 est,
839 3166 898 3227 que
921 3148 1144 3208 commendatur
1165 3149 1310 3208 immensa
1332 3148 1392 3207 Dei
1418 3147 1536 3208 bonitas

89 3244 123 3295 ut
138 3242 209 3295 ante
224 3232 296 3306 dixi,
311 3233 532 3313 reprobationis
548 3236 681 3308 effectus,
696 3255 715 3295 a
728 3254 788 3315 quo
838 3253 911 3314 erga
926 3235 1052 3309 electos,
1070 3234 1319 3315 quemadmodum
1342 3234 1470 3314 pulchre
1491 3233 1537 3293 do·

91 3322 202 3382 caeteri
216 3319 356 3402 pendent.
388 3320 488 3401 Quem
511 3321 650 3382 effectum
671 3322 696 3381 si
711 3341 787 3381 com·
839 3319 1084 3401 cctAngnstinus
1093 3321 1306 3402 insnpradicta
1315 3321 1355 3381 ad
1363 3319 1434 3400 Opt.
1445 3322 1536 3401 epist,

89 3407 308 3489 prehendamus
324 3409 356 3466 iu
372 3427 417 3480 eo,
430 3409 512 3489 qnod
527 3408 692 3489 Apostolus
708 3408 787 3483 dicit,
838 3408 917 3468 hunc
932 3410 1031 3488 ipsum
1046 3410 1185 3488 Apostoli
1199 3408 1299 3468 locum
1320 3416 1468 3468 tractans.

89 3497 205 3570 Deum,
220 3501 253 3554 ut
268 3495 343 3554 iram
359 3513 445 3554 suam
461 3504 493 3555 et
506 3497 671 3576 potentiam
686 3504 784 3556 osten·
879 3493 1054 3554 Notandum
1062 3504 1171 3567 tamen,
1181 3498 1274 3556 etiam
1284 3492 1452 3554 secuudum
1461 3495 1536 3554 buno

91 3582 190 3654 deret,
214 3580 348 3642 attulisse
371 3600 446 3642 vasa
466 3582 529 3644 irae
545 3590 650 3664 aptata
666 3584 697 3641 iu
712 3584 786 3643 inte
837 3600 957 3641 sensum
972 3581 1097 3642 indicari
1112 3583 1171 3643 hac
1185 3592 1280 3662 porte,
1297 3580 1407 3642 saltem
1419 3600 1458 3641 ex
1469 3601 1534 3641 cou-

90 3671 195 3741 ritum,
223 3669 279 3728 erit
302 3675 333 3728 et
350 3669 408 3728 hoc
428 3669 655 3750 intelligendum
672 3670 788 3750 absque
838 3670 985 3747 sequenti,
1000 3670 1150 3729 rationem
1167 3669 1323 3730 electionis
1333 3670 1400 3748 jam
1416 3668 1535 3729 dietam.

89 3758 260 3816 meritorum
274 3762 427 3834 respectu3
442 3754 522 3837 quod
533 3757 657 3819 volebat
668 3776 788 3836 compa·
838 3754 872 3815 si
887 3755 966 3815 enim
985 3756 1106 3817 bonitas
1122 3755 1196 3827 Dei,
1220 3775 1311 3836 quam
1332 3754 1440 3815 electis
1456 3755 1536 3816 exbi-

90 3845 165 3904 ratio
183 3843 221 3904 de
235 3841 299 3903 luto
315 3850 346 3901 et
361 3841 462 3922 figulo,
478 3862 559 3925 quae
574 3844 710 3924 proxime
721 3863 786 3903 sen·
836 3842 896 3914 bet,
909 3842 1122 3903 manifestatur
1136 3862 1175 3903 ex
1191 3842 1389 3903 derelictione
1404 3850 1437 3901 et
1452 3842 1536 3922 puni·

89 3931 213 3991 tentiam
224 3929 304 3990 hanc
315 3928 474 3990 antecedit.
836 3930 918 3988 tione
928 3929 1131 4009 reproborum,
1143 3939 1256 4010 quanto
1269 3930 1367 4008 magis
1376 3929 1537 3989 innotescit

135 4021 184 4080 23.
205 4017 244 4077 Ut
259 4016 787 4092 ostendcrctdivtta'coplora‘aesaoc
837 4034 876 4075 ex
890 4018 1009 4096 proprio
1026 4036 1132 4097 opere,
1154 4016 1235 4096 quod
1254 4025 1313 4088 est,
1340 4014 1449 4077 electis
1471 4036 1535 4096 gra-

82 4106 127 4164 'ioa
143 4122 223 4164 vasa
238 4103 492 4180 misericordiae,
510 4123 592 4182 qaae
605 4121 788 4180 pracpara-
837 4104 908 4162 tiam
923 4111 955 4163 et
969 4101 1095 4183 gloriam
1111 4102 1272 4165 conferre?
1293 4103 1490 4183 Quamquam
1504 4101 1537 4162 il·

90 4193 136 4250 vit
151 4193 186 4250 in
201 4190 349 4266 pluriam.
358 4189 492 4251 Graece:
505 4181 558 4251 καὶ
573 4181 627 4250 ἵνα
640 4184 786 4270 γνωρίσῃ,
837 4188 888 4249 lud
903 4208 1017 4262 verum,
1034 4208 1073 4249 ax
1089 4191 1317 4268 comparatione
1330 4190 1536 4269 reproborum,

90 4285 120 4338 ot
132 4285 169 4338 ut
183 4285 277 4338 notos
289 4278 418 4355 feceret.
432 4277 631 4358 copulantem
645 4276 788 4338 voculam
836 4285 982 4357 tanquam
994 4277 1233 4358 juxtapositione
1256 4278 1406 4348 contrarii,
1428 4274 1536 4337 beneir

90 4364 223 4425 nonnulli
234 4366 325 4424 etiam
336 4363 514 4425 Latinorum
526 4361 649 4438 addunt,
664 4373 698 4424 ut
709 4385 787 4425 com·
836 4363 915 4423 cium
930 4365 1083 4425 electionis
1099 4365 1227 4444 amplius
1238 4364 1390 4424 illustrari.
1401 4360 1440 4424 ln
1449 4382 1536 4424 voca·

90 4459 242 4511 mentator
264 4451 351 4511 Amb.
376 4459 407 4511 et
427 4451 549 4532 August
572 4450 625 4511 lib.
654 4455 683 4512 2.
707 4460 786 4512 cont.
837 4450 907 4511 bulo
924 4452 1041 4532 gloriae
1056 4453 1148 4531 priori
1164 4453 1231 4512 loco
1243 4449 1343 4532 posito
1351 4451 1539 4530 metonymia

90 4538 167 4600 duas
181 4538 270 4619 epist.
287 4537 394 4618 Palag.
411 4556 477 4620 cap.
495 4541 540 4613 7.,
562 4544 593 4599 et
608 4538 688 4613 alibi,
712 4539 786 4600 licet
837 4545 898 4611 est,
925 4557 984 4619 qua
1009 4538 1180 4598 nominatur
1205 4538 1328 4598 effectus
1352 4556 1409 4617 pro
1436 4554 1537 4599 eausa

90 4622 242 4687 ediverso
263 4624 410 4686 nonnulla
433 4644 556 4709 quoque
577 4625 697 4689 Graeca
720 4647 788 4689 eam
835 4625 970 4686 Maxime
982 4625 1061 4686 euim
1076 4644 1132 4705 per
1146 4645 1239 4708 opera
1252 4625 1395 4687 bonitatis
1407 4623 1537 4688 sturiae

89 4730 150 4776 nou
161 4719 339 4797 agnoscant
651 4714 654 4719 '
836 4713 984 4775 ricordise
998 4710 1086 4774 Deus
1100 4710 1294 4794 glorificatur.

840 2973 957 3048 cadere,
968 2995 1023 3054 pro
1034 2976 1148 3035 meritis
1160 2973 1312 3055 puniendi.
1326 2975 1445 3033 Horum
1455 2976 1537 3053 quip-
