3254 5190
470 284 635 339 rrrsrotrr
653 286 692 338 m
710 285 865 340 somnos,
882 284 968 338 vans.
987 285 1029 337 aa
1048 285 1090 337 as.
1455 292 1500 358 73

61 480 140 534 ussa
158 468 192 520 et
202 462 357 541 justitiam
372 483 432 521 uon
448 482 488 522 ex
504 461 651 541 operibns,
668 461 721 522 sed
736 482 755 521 a
800 460 965 521 Mosaicam
978 461 1215 539 interpretentur,
1238 480 1299 542 qus
1313 471 1401 540 parte
1416 481 1498 522 cere·

60 546 107 606 tte
122 547 291 627 petendam
307 567 393 623 esse,
417 558 498 608 recte
514 548 660 608 subinfert
674 549 754 629 Apo·
801 547 936 606 monialis
963 555 1024 620 est,
1047 545 1181 607 diceutes
1207 548 1417 625 gloriationem
1444 548 1501 608 Ju-

61 634 155 705 stolns,
180 655 303 694 omnem
327 634 365 694 de
388 637 451 695 suis
473 636 585 694 meritis
606 634 755 713 gloriandi
803 632 951 705 dseorum,
977 632 1076 705 idest,
1099 634 1196 712 legem
1214 635 1243 692 in
1259 654 1319 713 qua
1335 634 1502 713 gloriaban-

60 723 203 779 nateriam
220 729 359 800 ereptam
376 741 442 782 esse
454 721 581 782 Judaeis
596 723 708 801 pariter
719 742 755 781 ac
803 729 859 793 tur,
883 719 1034 779 exclusam
1051 739 1125 792 esse,
1148 739 1207 779 nou
1227 740 1282 800 per
1297 720 1387 780 aliam
1403 720 1502 799 legem

61 807 229 883 gentilibus:
254 806 337 887 quod
361 818 391 868 et
410 818 480 869 ante
502 807 540 867 de
563 810 695 889 utrisque
711 807 753 868 di·
804 827 925 887 operum
939 806 1076 879 similem,
1100 806 1154 867 sed
1172 826 1227 885 per
1249 807 1346 886 legem
1368 806 1446 879 fidei,
1470 809 1501 867 id

10 888 12 973 j
63 904 134 952 rarat
158 894 221 953 illis
240 896 355 954 verbis:
378 898 421 956 Et
445 896 661 969 apestolorum
684 897 753 954 Dei.
804 902 856 965 est,
872 913 926 972 per
942 894 1142 971 Evangelium
1158 891 1277 967 Christi,
1298 914 1357 972 quo
1372 895 1501 973 promul-

63 981 128 1039 Ssue
151 979 320 1041 dicendum
343 993 424 1060 puto,
447 983 582 1062 quamvis
602 1002 755 1041 commuue
803 987 873 1058 gato
901 978 951 1038 lex
973 982 1105 1039 Mosaios
1133 981 1272 1039 cessavit
1307 980 1418 1040 Verum
1442 999 1502 1042 non

63 1080 130 1125 esset
145 1069 288 1148 utrisque
304 1089 364 1127 non
386 1067 498 1128 habere
513 1068 552 1127 de
568 1087 626 1147 quo
644 1068 754 1146 gloria·
803 1066 850 1124 lric
862 1068 961 1144 agitur
977 1067 1015 1126 de
1031 1067 1172 1145 legalium
1185 1065 1395 1144 abrogatione,
1411 1087 1501 1146 quam

62 1163 159 1224 rentur,
183 1154 267 1213 hanc
282 1163 382 1213 tamen
399 1156 657 1233 interrogationem
673 1157 755 1214 insti·
803 1174 866 1212 rem
882 1154 914 1212 in
929 1151 986 1212 hac
999 1153 1129 1232 epistola
1140 1151 1314 1212 dissimulat
1325 1153 1502 1233 Apostolus,

61 1241 95 1297 tui
114 1242 242 1320 proprie
265 1240 305 1299 ad
322 1239 471 1301 Judaeum
494 1240 603 1300 valde
626 1240 755 1315 Judaeo,
804 1238 1056 1318 quemadmodum
1076 1241 1151 1299 satis
1175 1239 1339 1299 ostendunt
1355 1259 1398 1312 aa,
1422 1260 1502 1320 quae

62 1327 103 1405 qui
116 1326 311 1406 gloriabatur
334 1326 479 1387 adversus
501 1329 642 1406 gentilem
658 1328 695 1387 de
707 1329 754 1405 ju·
804 1327 911 1386 scribit
926 1346 992 1406 cap.
1009 1331 1056 1387 14.
1078 1326 1149 1405 Qus
1161 1325 1199 1384 de
1211 1346 1244 1385 re
1256 1329 1351 1386 etiam
1367 1328 1397 1385 in
1413 1347 1501 1406 argu·

61 1414 130 1471 stitia
158 1412 238 1492 legis
265 1422 408 1492 acceptae
434 1434 452 1473 a
477 1416 560 1486 Deo,
588 1415 642 1473 sub
671 1417 755 1494 eujus
803 1422 905 1472 mento
920 1412 1011 1491 hujus
1027 1413 1178 1492 epistolae
1199 1414 1343 1473 nonnulla
1359 1413 1500 1473 diximus.

61 1499 138 1557 etiam
159 1520 294 1578 persona
318 1499 428 1560 dudum
452 1509 585 1561 moverat
608 1504 755 1581 quaestio·
847 1499 907 1559 Sed
923 1498 961 1558 de
977 1499 1148 1559 differentia
1163 1500 1239 1578 legis
1256 1511 1288 1559 et
1302 1502 1420 1580 gratiae
1436 1510 1501 1561 tota

61 1606 119 1644 uem
146 1585 272 1646 dicens:
304 1588 389 1666 Quid
410 1588 508 1662 erqo?
531 1589 756 1663 praecellimus
803 1586 893 1646 Pauli
910 1584 1079 1665 disputatio
1095 1596 1149 1659 est,
1173 1587 1390 1666 legisinqusm
1406 1609 1501 1648 mora-

62 1673 124 1730 eos?
148 1672 214 1733 Sed
231 1682 264 1732 et
279 1693 325 1745 ea,
341 1693 417 1753 quae
431 1683 701 1755 sequunturusque
717 1675 755 1734 ad
805 1673 861 1731 lis:
887 1673 1142 1752 quemadmodum
1158 1682 1314 1733 ostensum
1340 1683 1387 1734 est
1408 1693 1499 1755 supra

61 1759 137 1817 inem
161 1760 291 1839 capitis,
314 1759 474 1820 ostendunt
497 1761 534 1820 ad
558 1781 609 1820 eos
630 1764 695 1821 sive
717 1763 755 1820 de
805 1759 843 1819 ad
855 1779 977 1819 versum
991 1762 1039 1821 20.
1056 1763 1122 1822 Lex
1139 1763 1233 1840 igitur
1248 1780 1372 1840 operum
1389 1770 1436 1821 est
1451 1764 1502 1823 lex

62 1847 96 1903 cis
109 1865 178 1906 esse
195 1866 373 1921 sermonem,
390 1849 441 1927 qni
454 1847 552 1926 legem
568 1856 755 1928 acceperant
805 1846 960 1924 decalogi,
984 1850 1050 1907 sine
1071 1850 1158 1927 cujus
1182 1849 1326 1926 operibus
1341 1867 1411 1907 mox
1427 1849 1501 1908 affir-

63 1931 145 1990 Porro
161 1933 291 1992 exclusa
315 1931 422 1993 dicitur
442 1933 588 2014 gloriatio,
612 1937 683 2014 quia
705 1933 756 1992 de·
805 1942 868 1991 mat
882 1933 1035 1994 hominem
1053 1936 1217 2013 justificari
1240 1955 1293 2013 per
1315 1933 1414 1994 fidem.
1436 1935 1502 1995 Nec

63 2029 251 2078 nonsuatnm
262 2029 311 2079 est
319 2021 347 2078 ei
358 2019 453 2079 locum
465 2042 525 2080 non
536 2040 602 2079 esse
615 2022 755 2081 relictum.
805 2020 894 2080 aliter
910 2021 989 2079 hunc
1008 2020 1107 2080 locum
1132 2022 1285 2086 intellexit
1300 2022 1501 2099 Augustinus,

97 2106 159 2163 Pes·
190 2125 290 2182 quam
319 2107 441 2183 tapam?
466 2109 649 2183 factorum?
672 2126 757 2167 sora:
806 2126 896 2185 quem
920 2109 1043 2166 consule
1066 2108 1142 2167 libro
1164 2107 1200 2166 de
1223 2109 1334 2187 spiritu
1359 2118 1391 2167 et
1413 2108 1503 2168 litera

63 2191 105 2249 sed
125 2211 187 2264 per
209 2193 311 2268 tapam
334 2195 417 2271 fidei.
441 2196 626 2270 Factorum,
651 2194 681 2254 id
704 2204 756 2268 est,
805 2212 870 2271 cap.
890 2195 937 2252 13.
955 2203 987 2252 et
1004 2196 1052 2253 14.
1070 2204 1101 2253 et
1123 2214 1286 2273 sequacem
1308 2196 1375 2272 ejus
1394 2195 1502 2274 Hugo-

64 2297 198 2353 opemm,
224 2279 344 2339 Graece
367 2274 476 2357 ἔργων.
507 2282 563 2340 Est
585 2288 684 2341 autern
706 2281 758 2342 lex
805 2299 875 2339 uem
891 2281 922 2338 in
938 2288 1055 2358 quaest.
1075 2281 1166 2360 hujus
1182 2281 1250 2339 loci.

64 2383 186 2443 operum,
210 2386 372 2445 perquam
388 2367 514 2426 habetur
528 2366 611 2426 nuda
625 2368 757 2446 cognitio
849 2366 881 2425 Si
898 2385 1036 2446 quaeras,
1061 2386 1113 2426 cur
1129 2368 1229 2426 dicere
1245 2367 1355 2425 maluit
1370 2368 1500 2445 Aposto-

64 2451 253 2530 agendorum.
277 2451 345 2512 Lex
359 2452 437 2526 fidei,
453 2473 530 2533 quae
545 2455 635 2514 fidem
650 2454 756 2535 exigit,
806 2452 853 2512 lus
870 2453 967 2531 legem
987 2452 1067 2525 fidei,
1092 2475 1183 2533 quam
1199 2454 1379 2532 simpliciter
1402 2454 1501 2527 fidem,

64 2556 108 2615 per
120 2558 216 2617 quam
232 2541 298 2598 sine
309 2539 448 2619 operibus
460 2550 678 2620 exspectatura
690 2541 756 2602 Deo
805 2548 927 2599 auteur
950 2541 1071 2599 omnino
1091 2542 1301 2619 quaestionem
1326 2542 1370 2598 sic
1394 2560 1500 2619 propo·

61 2624 175 2699 jutitia
205 2625 280 2684 Alio
303 2628 421 2687 nomine
443 2627 493 2686 lex
516 2626 675 2707 evangelii.
698 2627 758 2688 Vel
805 2628 881 2687 suit:
902 2646 963 2703 par
979 2646 1077 2703 quam
1093 2628 1214 2703 legem?
1230 2627 1392 2706 respondet
1404 2628 1499 2705 Clu-y·

65 2720 133 2771 terte
149 2708 248 2793 (quod
264 2711 366 2790 placet
381 2711 594 2793 chrysostomo
610 2723 640 2774 et
656 2715 756 2774 Theo·
806 2722 965 2787 sostomus,
988 2723 1055 2773 uta
1070 2715 1148 2793 legis
1171 2715 1322 2774 vocabulo
1344 2735 1404 2774 non
1420 2734 1500 2773 rece·

65 2794 231 2875 phylade),
260 2797 357 2877 legem
382 2799 454 2859 fidei
480 2809 569 2861 vocat
595 2802 757 2881 Apostolus
807 2802 899 2874 deret,
922 2800 1004 2879 quod
1026 2810 1145 2880 gratum
1168 2802 1285 2862 sciebat
1300 2802 1426 2861 auribus
1442 2801 1499 2861 Ju-

66 2883 150 2962 ipsam
176 2883 285 2959 fidem,
314 2905 374 2965 qua
399 2888 481 2946 velut
508 2886 575 2966 lege
597 2888 759 2968 impellitur
807 2889 960 2948 daeorum.

65 2968 141 3030 bomo
170 2969 437 3051 adquaerendam
460 2994 478 3033 a
504 2974 573 3035 Deo
595 2976 757 3054 justitiam:
850 2976 900 3035 28.
924 2975 1133 3035 Arbitramur
1149 2979 1235 3036 euim
1253 2976 1428 3052 iustificari
1444 2976 1501 3034 bo·

65 3056 313 3135 quamadmodum
330 3057 408 3118 infra
424 3080 486 3140 cap.
506 3064 533 3120 7.
550 3063 757 3142 concupiscen-
806 3065 924 3121 minam
950 3080 1009 3137 por
1035 3061 1130 3136 fidem
1154 3067 1220 3123 aas
1248 3063 1394 3138 operibus
1417 3063 1501 3136 lepis.

66 3144 245 3204 &vocatur
267 3144 319 3204 lex
343 3148 468 3222 peccati.
492 3148 552 3207 Per
574 3168 638 3207 eam
660 3149 756 3227 legem
807 3151 905 3209 Enim
922 3147 1038 3208 Graece
1054 3138 1103 3204 οὖν
1121 3153 1237 3222 iqitur:
1260 3158 1294 3207 nt
1317 3151 1392 3209 haec
1408 3151 1450 3208 sit
1466 3148 1501 3207 il·

66 3230 233 3290 excluditur
248 3230 364 3292 «Iudaei
384 3233 532 3311 gloriatio,
555 3237 626 3313 quia
641 3236 671 3294 in
687 3255 756 3315 ope·
806 3238 880 3295 latio
893 3255 932 3295 ex
944 3233 1135 3312 supradictis.
1152 3236 1371 3310 Arbitrantur,
1385 3236 1503 3296 Graece

66 3315 137 3377 abus
158 3316 325 3397 gloriatum
349 3316 418 3377 dum
440 3321 537 3380 inanis
556 3341 592 3381 ac
614 3322 651 3380 de
666 3321 758 3382 nihilo
807 3313 1009 3397 λογιζόμεθα,
1038 3319 1069 3377 id
1092 3328 1136 3378 est
1158 3326 1286 3382 ratione
1313 3325 1500 3398 colligimus,

65 3422 123 3462 erse
148 3404 301 3483 ejusmodi
327 3405 464 3483 gloriatio
498 3410 692 3468 convincitur.
727 3411 759 3470 Si
807 3409 874 3488 Syr.
889 3411 1139 3467 ratiocinamur:
1155 3428 1234 3487 qnae
1246 3410 1429 3487 significatio
1442 3431 1501 3469 nou

64 3491 135 3550 enin
162 3511 203 3550 ex
227 3491 288 3550 tide
310 3491 441 3571 petenda
462 3495 580 3572 justitia
601 3505 661 3570 est3
683 3497 758 3556 nihil
807 3496 969 3555 estaliena
985 3493 1131 3552 abstine
1155 3495 1304 3554 vocabulo
1320 3497 1500 3557 arbitrandi.

65 3577 146 3655 igion
161 3577 204 3637 ad
214 3579 365 3656 justitiam
386 3599 476 3658 opera
496 3581 571 3660 legis
594 3581 757 3655 conferunt,
806 3584 894 3642 Dicit
905 3592 1006 3640 autem
1018 3582 1190 3655 homiaem,
1204 3582 1502 3661 aittlhrysostomns

66 3673 92 3722 rt
104 3663 142 3724 da
156 3666 195 3724 iis
210 3665 336 3745 gloriari
352 3666 375 3726 J
377 3664 492 3726 adaeus
507 3670 610 3747 possit.
807 3688 972 3728 commuue
987 3676 1127 3726 araturos
1143 3687 1261 3727 noman
1272 3688 1445 3746 usurpans,
1463 3690 1501 3728 ne

100 3748 256 3828 Quaeres:
279 3771 374 3831 quare
397 3771 457 3812 non
480 3755 569 3813 etiam
593 3755 758 3815 excluditur
807 3756 1039 3834 quisbominnm
1054 3765 1201 3833 exceptus
1211 3754 1409 3833 intelligatur.
1428 3758 1500 3815 Sen-

66 3834 196 3911 gloriatio
213 3858 270 3918 per
285 3838 384 3918 legem
403 3859 533 3918 operum,
556 3842 675 3920 quaudo
692 3862 757 3902 eam
807 3863 873 3902 sus:
890 3841 913 3901 J
915 3862 962 3900 am
979 3861 1049 3920 ergo
1065 3842 1236 3920 colligimus
1250 3852 1280 3902 et
1292 3843 1500 3902 concludimus

66 3919 196 3982 Judaeus
221 3944 294 3984 vere
327 3947 387 3985 non
419 3925 543 4004 implet?
576 3929 757 4009 Responsio:
807 3950 845 3989 ex
866 3931 1015 4006 superiori
1040 3929 1246 4006 disputatione
1269 3931 1346 3989 hanc
1369 3939 1501 3989 nostram

67 3998 127 4085 quia
141 4009 195 4069 lex
212 4032 336 4091 operum
357 4033 416 4072 non
439 4011 534 4086 docet,
556 4035 611 4094 per
626 4035 712 4095 quem
729 4025 758 4074 et
806 4016 1051 4095 propositionem.
1081 4016 1242 4075 Hominem
1269 4019 1335 4075 sive
1357 4016 1501 4095 gentilem

68 4095 166 4173 qubus
180 4097 305 4157 auxiliis
322 4099 387 4179 ipsa
402 4099 552 4178 implenda
567 4104 613 4174 sit,
636 4113 668 4161 ut
681 4123 758 4182 quse
802 4103 965 4181 justificari
983 4123 1038 4181 per
1051 4102 1140 4162 fidem
1155 4124 1215 4182 qua
1226 4103 1382 4182 justitiam
1394 4123 1499 4181 appre-

67 4189 169 4242 tautnru
186 4185 308 4264 agenda
322 4185 505 4265 praescribit.
530 4189 609 4247 Tum
621 4192 691 4268 quia
702 4189 757 4249 Ju·
806 4191 925 4262 hendat,
949 4191 1066 4249 etiamsi
1090 4189 1168 4268 legis
1191 4211 1282 4269 opera
1298 4212 1357 4249 uon
1374 4188 1500 4260 adferat,

68 4265 149 4328 dneus
163 4270 266 4351 aliquo
282 4272 389 4331 saltem
412 4271 499 4333 modo
522 4273 619 4352 legem
635 4296 756 4355 operum
806 4297 842 4336 es
858 4276 1012 4347 videlicet,
1035 4296 1115 4356 quse
1139 4278 1204 4336 sola
1227 4279 1401 4355 cognitione
1424 4276 1501 4354 legis

67 4353 168 4432 implet,
183 4378 294 4438 nempe
305 4358 456 4418 serviliter
468 4368 497 4419 et
509 4363 609 4441 specie
621 4371 754 4423 externa.
805 4362 927 4442 adjutus
939 4363 1061 4422 iecerit:
1075 4374 1108 4422 ut
1120 4384 1198 4444 quae
1210 4363 1285 4423 nihil
1298 4362 1337 4422 ad
1346 4364 1500 4442 justitiam

68 4438 146 4518 Quod
161 4442 231 4503 dum
246 4445 328 4518 iacit,
351 4446 446 4525 magis
467 4447 545 4507 intra
568 4469 600 4507 se
619 4448 703 4509 fovet
718 4449 756 4509 dc
805 4451 983 4510 conducant.

67 4529 239 4606 rnjustitis
255 4534 366 4592 noxiae
377 4537 624 4614 praesumptionis
641 4537 755 4610 vitium,
847 4539 914 4597 Nou
940 4540 1043 4616 igitur,
1066 4548 1100 4596 ut
1124 4540 1246 4598 sectarii
1270 4537 1385 4610 volunt,
1409 4556 1501 4615 opera

68 4626 94 4670 rt
104 4614 195 4675 dicat:
210 4620 287 4680 Non
298 4627 375 4679 sunt
386 4624 465 4679 morat
476 4627 591 4682 caetea·
603 4624 753 4699 homines,
804 4625 985 4704 simpliciter
1000 4624 1202 4686 excluduntur
1218 4647 1236 4685 a
1250 4626 1374 4704 negotio
1388 4623 1499 4703 justifi-

68 4699 156 4764 [Μ
171 4706 500 4787 18.Iaegemiactorum
512 4711 755 4791 suntquilegem
803 4714 948 4787 cationis,
971 4711 1025 4772 sed
1048 4733 1141 4793 opera
1163 4714 1252 4774 fidem
1276 4711 1500 4793 praecedentia,
