3254 5190
442 263 604 318 teutolus
622 263 661 317 ln
680 262 831 316 nolttltos.
867 263 951 316 teus,
973 265 1011 315 lt.
1029 265 1072 315 2⁰.
1422 269 1490 335 151

57 445 122 524 epit
132 441 244 521 capite
257 441 422 520 superiori:
438 441 589 503 Exhibetc
605 440 745 500 membro
795 459 851 500 nus
866 440 963 500 collat.
983 444 1031 502 13.
1048 460 1113 520 cap.
1130 444 1169 512 9,
1184 438 1333 499 refutatus
1348 460 1366 497 a
1377 438 1407 498 S.
1419 438 1492 498 Pro·

57 537 148 592 nstra
163 544 263 588 ormo
279 529 424 600 tamor
439 529 515 588 Deo.
796 545 883 605 spero
898 546 964 606 cap.
981 527 1010 584 8.
1034 525 1099 604 ejus
1122 525 1207 600 libri,
1231 544 1322 605 quem
1346 523 1493 585 adversus

82 614 215 677 Interim
248 612 377 674 observa
406 614 505 674 carnis
536 615 747 692 acceptionem
796 631 862 671 eum
878 612 1012 692 scripsit3
1035 611 1127 693 idque
1151 630 1190 672 ex
1205 609 1338 672 evidenti
1362 610 1493 671 testimo·

57 701 202 784 lpostolis
217 700 377 771 usitatam,
393 719 454 779 qua
469 701 598 760 sumitur
610 719 667 778 pro
683 706 746 758 toto
795 700 845 759 nio
861 699 996 777 ejusdem
1009 698 1155 777 Apostoli,
1168 696 1295 758 dicentis
1307 696 1347 758 ad
1359 696 1437 757 Phil.
1451 698 1490 756 λε

57 789 171 861 tonino,
187 793 344 866 quatenus
359 795 449 846 vetus
461 797 508 848 est
519 796 550 845 et
562 786 700 859 carnalis,
716 783 746 843 id
795 786 883 845 Deus
899 793 953 863 ert,
970 789 1025 863 qui
1037 791 1191 860 operatur
1203 788 1238 845 in
1250 784 1348 857 vobis,
1361 790 1390 842 ct
1401 784 1492 858 vebo,

57 886 95 949 at,
109 872 287 934 secundum
301 871 387 944 illud,
402 872 483 951 qnod
494 872 586 933 traxit
595 891 633 932 ex
641 881 748 933 vetere
796 879 825 931 et
838 871 999 949 perficere.

57 974 74 1024 c
84 959 207 1022 carnali
222 957 337 1030 Adam,
360 968 518 1039 corruptus
544 978 582 1018 ex
597 966 747 1038 corrupto.
839 956 899 1018 Sed
915 977 1050 1039 quaeres,
1066 959 1091 1016 si
1107 959 1190 1017 Deus
1206 964 1346 1036 oporatur
1359 957 1389 1014 in
1405 956 1490 1015 nohis

57 1049 131 1130 luae
146 1045 308 1125 corruptio
322 1065 383 1106 non
398 1046 429 1104 in
443 1047 509 1107 sola
523 1065 614 1106 carne
630 1054 691 1119 est,
715 1052 747 1104 ut
796 1045 886 1104 etiam
900 1045 1061 1124 perficere,
1085 1043 1235 1122 quomodo
1250 1042 1365 1103 Paulus
1381 1050 1413 1101 et
1427 1043 1492 1122 qui·

57 1136 200 1197 nanim
215 1130 415 1212 distinguitur
439 1129 521 1210 (licet
535 1133 568 1191 in
583 1152 671 1193 carne
685 1151 747 1191 ma·
796 1130 871 1190 libet
880 1131 983 1208 justus
998 1128 1142 1209 perficere
1156 1129 1267 1190 bonum
1280 1149 1340 1189 non
1351 1127 1492 1188 invenit?

57 1223 120 1283 mne
135 1240 157 1279 a
179 1227 291 1299 pareat
303 1227 427 1300 proptor
439 1219 637 1280 rebellionem
656 1237 746 1278 mem·
794 1217 977 1297 Respondeo
992 1216 1116 1277 verbnm
1125 1217 1275 1293 perficere
1288 1216 1352 1274 sive
1364 1217 1493 1291 operari

57 1240 188 1381 rorumh,
204 1323 310 1365 verum
332 1305 424 1364 etism
446 1326 482 1366 ac
504 1305 692 1385 potissimum
716 1305 748 1364 in
795 1303 853 1363 alio
869 1303 973 1364 referri
987 1304 1019 1362 in
1033 1301 1164 1367 diversis
1172 1300 1312 1382 Apostoli
1324 1301 1490 1361 sententiis.

57 1413 105 1475 pn
122 1393 239 1453 anima
274 1389 373 1470 Cujus
395 1393 502 1472 utique
523 1400 592 1452 sunt
612 1411 649 1451 ea
663 1391 746 1463 vitia,
795 1391 871 1449 Nam
887 1390 943 1451 hoc
959 1387 1080 1469 quidem
1094 1389 1161 1451 loco
1184 1389 1311 1450 refertur
1333 1386 1372 1446 ad
1394 1396 1490 1447 totum

57 1499 122 1561 pue
138 1479 229 1538 carni
242 1499 305 1538 non
320 1487 508 1558 competunt,
524 1485 648 1557 atquae
663 1477 746 1556 spiri·
795 1477 912 1550 bonum,
928 1475 1007 1555 quod
1019 1476 1120 1554 justus
1134 1477 1207 1537 vult.
1220 1475 1290 1535 Non
1306 1475 1384 1535 enim
1396 1481 1491 1534 totum

57 1567 136 1628 ulis
151 1565 262 1625 vocari
273 1564 380 1637 solent,
407 1564 577 1625 carnalibus
589 1565 745 1644 opposita:
795 1562 870 1622 illud
885 1563 1017 1643 perficit,
1033 1561 1176 1641 quamdin
1193 1565 1223 1623 in
1238 1582 1275 1623 eo
1291 1581 1359 1622 caro
1383 1579 1489 1621 concu-

57 1652 138 1715 nlnti
154 1650 315 1730 superbia,
337 1650 479 1725 invidia,
490 1652 700 1711 contentiones
716 1658 747 1709 et
794 1648 1034 1729 piscitadversns
1045 1649 1190 1728 spiritum,
1201 1655 1236 1708 ut
1243 1650 1306 1729 jam
1318 1650 1489 1727 expositum

57 1740 89 1801 ris
103 1738 238 1812 similia,
265 1756 347 1818 quae
360 1745 467 1798 cuncta
483 1737 560 1797 inter
575 1754 666 1816 opera
681 1756 744 1796 car·
795 1744 851 1796 est.
872 1737 911 1796 ln
927 1756 963 1796 eo
979 1743 1096 1808 autem,
1123 1734 1206 1816 qnod
1220 1735 1259 1796 ad
1274 1733 1490 1815 Philippenses

57 1828 88 1888 is
106 1843 293 1886 enumerare
317 1843 378 1884 non
404 1823 558 1884 dubitavit
581 1822 746 1903 Apostolus
795 1823 979 1894 dictumest,
1001 1821 1128 1883 refertur
1144 1822 1296 1899 perficere
1317 1843 1378 1882 non
1393 1819 1432 1881 ad
1448 1829 1488 1879 to·

57 1910 109 1974 tat
122 1912 153 1972 5.
794 1919 856 1992 tum
870 1910 996 1983 bonum,
1015 1907 1096 1988 quod
1110 1909 1265 1981 volumus,
1288 1907 1343 1968 sed
1357 1906 1397 1968 ad
1410 1907 1490 1967 bona

82 2001 172 2062 Nam
197 1997 277 2057 velle
310 1997 436 2070 adjacet
458 1999 555 2074 mibi,
594 1995 745 2073 perlicere
795 2016 894 2076 opera,
910 2015 988 2076 quae
1004 1996 1206 2056 liuntanobis
1219 1993 1488 2055 inhacvita.llam

57 2093 152 2147 um
167 2085 300 2159 bortum,
313 2101 382 2144 aco
392 2087 532 2144 invenio.
544 2083 680 2144 Verbum
691 2085 744 2142 ia·
793 2105 853 2144 non
868 2083 964 2142 solum
985 2090 1080 2142 ntea
1103 2083 1246 2152 velimus,
1270 2080 1435 2142 sedetiam
1457 2088 1490 2139 ut

57 2175 137 2233 tenio
149 2192 215 2233 non
226 2178 293 2230 erat
300 2168 436 2231 additum
449 2172 481 2231 in
489 2169 643 2231 codicibus
652 2167 745 2229 Grae·
792 2170 946 2248 faciamus,
961 2169 1046 2229 Deus
1061 2168 1093 2229 in
1107 2170 1193 2229 nobis
1208 2176 1356 2249 operetur.

57 2260 95 2335 m,
108 2276 192 2340 quos
207 2255 289 2317 vidit
304 2257 506 2337 Augustinus,
521 2265 556 2316 nt
569 2258 637 2335 ipse
650 2262 743 2315 testa·
838 2259 885 2316 19.
909 2258 982 2316 Non
998 2255 1092 2331 subn,
1108 2256 1193 2331 quod
1204 2256 1277 2316 volo
1289 2255 1419 2328 bonurn,
1432 2257 1489 2312 hoc

57 2365 91 2409 st
107 2345 162 2405 lib.
186 2344 217 2402 3.
241 2351 347 2404 contu
368 2343 526 2404 Julianum
549 2363 615 2422 cap.
631 2341 744 2416 ultimo,
790 2342 1057 2420 foci05sed,quod
1065 2341 1487 2416 salomalammocauome·

57 2432 210 2494 stilorum
226 2430 309 2490 hunc
329 2438 469 2490 acomate
490 2437 612 2492 tractat
636 2426 743 2489 Caete-
791 2431 869 2510 petit
883 2428 988 2490 iisdem
1003 2447 1102 2508 paene
1117 2429 1233 2503 verbis,
1249 2426 1328 2509 quod
1339 2427 1403 2505 jam
1418 2434 1489 2486 ante

57 2538 107 2579 m
121 2521 155 2579 in
171 2517 241 2577 aliis
257 2517 396 2577 omnibus
417 2517 534 2596 legitur.
558 2519 604 2575 Ac
625 2513 744 2574 videtur
791 2515 915 2588 dixerat,
930 2534 1024 2576 sensu
1038 2534 1159 2594 prorsus
1175 2514 1296 2589 eodem,
1312 2514 1422 2592 repetit
1436 2532 1487 2572 su·

57 2608 132 2667 utinm
143 2604 246 2684 Syrus
258 2605 407 2684 interpres
417 2604 536 2683 legisse,
553 2605 624 2684 quia
635 2603 742 2661 vertit:
790 2612 851 2663 tem
866 2602 904 2662 ad
919 2600 1122 2682 probandum,
1138 2601 1221 2680 quod
1237 2600 1322 2676 dixit,
1337 2600 1488 2676 perlicere

57 2698 201 2770 upotem
215 2709 294 2751 rum.
318 2691 351 2749 Si
365 2691 506 2770 scriptum
521 2686 669 2761 nonfuit,
690 2691 743 2748 io·
792 2690 911 2750 bonum
938 2707 1004 2750 aon
1029 2691 1170 2750 invento.
1203 2687 1309 2749 Obiter
1334 2686 1488 2758 admoneo,

57 2782 147 2854 mio,
163 2775 365 2857 repetendum
377 2779 434 2836 erit
444 2797 482 2837 ex
493 2778 586 2856 priori
596 2775 742 2836 membro:
791 2777 856 2837 loco
879 2776 962 2836 verbi
984 2776 1060 2836 nolo
1083 2794 1201 2855 semper
1223 2777 1253 2834 in
1277 2774 1395 2835 Graeco
1419 2792 1487 2833 esse

57 2866 169 2940 tdjocet
182 2865 274 2939 mibi,
290 2861 372 2943 quod
387 2862 562 2925 tantundem
577 2862 668 2922 valet.
791 2855 824 2921 οὐ
841 2853 938 2938 θέλω,
950 2881 1018 2923 nort
1032 2863 1117 2936 volo,
1134 2860 1285 2940 quomodo
1297 2860 1354 2920 sibi
1369 2867 1488 2919 verten-

84 2951 219 3012 Sensus:
245 2951 324 3011 Nam
347 2952 404 3010 etsi
425 2951 505 3010 velle
526 2952 636 3011 bonum
652 2950 742 3009 etiam
791 2949 860 3009 dum
874 2950 993 3028 putarit
1005 2950 1149 3010 Erasnrus

57 3037 176 3099 *electe
190 3038 266 3098 mibi
277 3035 356 3097 adsit
362 3039 426 3114 jam
439 3045 543 3097 sanato
557 3044 587 3096 st
598 3044 742 3097 renovato
833 3037 936 3115 Atqui,
951 3056 1018 3095 meo
1030 3035 1154 3114 judicio,
1166 3035 1277 3095 rectius
1293 3034 1432 3112 vulgatus
1444 3032 1487 3089 in·

57 3146 97 3185 scr
111 3127 245 3206 gratiam
266 3120 359 3202 (quod
382 3125 461 3183 enim
476 3122 515 3182 ad
529 3131 659 3183 mentem
674 3125 743 3183 atti·
792 3132 905 3202 terpres
927 3121 1073 3192 reddidit,
1101 3122 1195 3195 nolo,
1223 3141 1283 3199 quo
1306 3119 1489 3199 significaret

57 3222 108 3287 tet,
131 3212 207 3273 volo
228 3211 351 3270 omnino
373 3233 434 3271 non
456 3212 683 3289 concupiscere,
706 3230 744 3270 ne
792 3208 979 3269 voluntatem
994 3217 1181 3269 aversantem
1201 3215 1231 3266 ot
1253 3208 1283 3267 in
1306 3203 1487 3265 contrarium

57 3318 131 3361 arne
155 3297 313 3378 quidem),
337 3307 469 3358 attamen
495 3306 620 3377 propter
634 3296 744 3355 malum
792 3297 942 3356 nitentem.
965 3293 1001 3354 Id
1023 3297 1100 3355 enim
1123 3294 1255 3375 postulat
1276 3312 1341 3362 res,
1371 3291 1410 3352 de
1426 3309 1489 3370 qua

57 3385 115 3447 llud
135 3386 282 3446 habitans
296 3385 327 3444 in
343 3404 434 3443 carne
450 3403 525 3455 mes,
540 3404 599 3443 non
615 3384 744 3457 invenio,
793 3383 902 3460 egitur.
924 3380 1012 3441 Unde
1032 3391 1063 3442 et
1081 3384 1164 3460 prius
1179 3378 1256 3440 dixit
1272 3380 1324 3438 odi
1332 3424 1342 3453 ,
1359 3398 1412 3458 pro
1428 3397 1489 3458 quo

57 3495 98 3533 on
109 3491 271 3551 assequor,
284 3478 319 3529 ut
329 3479 426 3530 totum
437 3471 556 3543 bonum,
571 3467 653 3550 quod
664 3470 744 3543 volo,
794 3475 899 3546 postea
922 3470 1004 3529 nolo.
1029 3470 1076 3529 De
1099 3467 1217 3528 Graeca
1240 3473 1336 3526 autom
1360 3464 1490 3524 lectione

57 3562 167 3628 nciam,
183 3560 251 3619 sive
264 3558 432 3637 perficiam,
454 3559 528 3635 quia
542 3565 699 3635 permanet
713 3558 744 3615 in
793 3575 853 3615 non
867 3559 983 3626 mirum,
995 3555 1074 3635 quia,
1085 3553 1166 3633 quod
1174 3553 1273 3613 Latini
1286 3552 1397 3621 dicunt,
1413 3549 1488 3610 ¹nolo

57 3668 88 3710 ne
102 3665 197 3707 tarne
219 3646 450 3724 concupiscere,
474 3653 504 3703 et
526 3642 640 3714 facere,
663 3642 745 3722 quod
793 3651 847 3703 aut
872 3643 976 3715 nolle,
1004 3640 1034 3700 id
1061 3641 1187 3713 Graeci,
1215 3638 1295 3717 qnod
1317 3633 1489 3717 hujusmodi

57 3734 120 3795 nlo.
145 3733 219 3793 Non
235 3740 398 3791 esttamen
414 3731 464 3789 hic
475 3729 642 3808 urgendum
655 3750 743 3790 voca·
794 3730 957 3810 composita
973 3727 1103 3788 dictione
1118 3737 1253 3793 careant,
1277 3725 1364 3785 aliter
1390 3723 1488 3802 expri-

57 3820 145 3883 ulum
155 3818 319 3896 perficere.
340 3817 417 3876 Nam
431 3820 461 3878 in
478 3815 594 3877 Graeco
611 3826 659 3876 est
669 3832 745 3874 κατ·
794 3836 874 3875 mere
889 3837 948 3876 uon
964 3823 1096 3895 possunt,
1112 3834 1202 3895 qurum
1219 3813 1335 3873 duabus
1351 3809 1489 3871 dictioni-

57 3898 236 3985 ρῐάζεοθαι
243 3950 254 3978 ,
281 3903 363 3963 idem
378 3903 504 3963 verbum
521 3923 586 3962 cum
604 3924 649 3975 eo,
665 3903 745 3983 quod
794 3903 856 3973 bus,
873 3894 1033 3982 negatione
1048 3908 1079 3962 et
1093 3901 1194 3961 verbo.

57 4013 107 4075 pas
121 3995 279 4070 interpres
295 3990 402 4067 etjam
417 4000 487 4049 ante
510 3990 691 4067 aliquoties,
714 4000 746 4049 st
838 3991 886 4049 20.
911 3991 945 4049 si
959 3993 1077 4060 ostem,
1094 3988 1180 4062 qumi
1194 3987 1281 4059 nolo,
1297 3984 1379 4045 illud
1389 3985 1488 4061 facio,

57 4100 162 4141 ursum
178 4078 270 4157 paulo
286 4086 352 4157 post
367 4078 460 4136 vertit
480 4081 617 4152 operari.
642 4076 745 4155 Quare
789 4081 860 4148 jam
877 4094 944 4135 non
956 4092 1011 4148 epo
1024 4092 1138 4151 operor
1150 4073 1243 4147 illud,
1256 4073 1319 4146 sed,
1333 4069 1418 4147 quod
1430 4071 1488 4127 bo·

57 4165 228 4227 thocloco
244 4166 288 4225 sic
303 4163 380 4223 verti
395 4165 499 4242 potuit.
516 4165 629 4224 Sensus
645 4174 744 4223 tamen
794 4164 873 4221 bitot
895 4167 931 4222 tn
953 4181 1019 4233 ote,
1047 4168 1220 4237 peccatum.
1243 4159 1345 4237 Hujus
1368 4173 1490 4235 quoquo

57 4264 90 4317 st
104 4252 168 4323 ille,
184 4271 279 4331 quem
295 4249 373 4310 dedi.
794 4251 886 4329 partis
911 4247 1111 4325 intelligentia
1127 4255 1211 4327 patet
1234 4265 1273 4304 ox
1295 4243 1389 4304 dictis.
1413 4239 1487 4301 Cae·

86 4341 120 4402 si
135 4342 210 4421 quis
225 4359 297 4399 vero
313 4336 352 4396 ud
369 4337 446 4396 hunc
462 4336 580 4398 modum
597 4346 743 4417 exponat:
795 4346 889 4396 terum
907 4337 935 4394 in
959 4334 1076 4395 Graeco
1100 4335 1143 4393 sio
1164 4334 1288 4412 legitur:
1312 4332 1486 4402 stantem,

57 4426 133 4488 lello
147 4428 260 4487 bonum
276 4424 361 4484 adest
376 4423 447 4482 mibi
463 4442 499 4485 ex
515 4443 563 4483 me
578 4426 659 4504 ipso,
676 4443 742 4503 per·
794 4423 879 4500 quod
896 4422 969 4482 nolo
987 4440 1041 4496 epo
1050 4467 1060 4496 ,
1077 4423 1134 4481 hoc
1148 4422 1235 4498 focio
1244 4465 1253 4494 ,
1271 4438 1338 4480 raon
1354 4414 1492 4490 amplius

57 4514 136 4575 icere
157 4523 261 4574 antem
285 4511 396 4571 bonnm
421 4529 459 4569 sx
475 4512 601 4591 meipso
618 4533 678 4572 non
692 4512 743 4571 ha·
794 4529 849 4587 coo
867 4527 982 4585 operor
997 4509 1096 4584 illud,
1114 4519 1169 4568 etc.
1193 4507 1251 4567 Ubi
1267 4513 1386 4586 praeter
1402 4498 1491 4572 illud,

57 4621 116 4673 teo,
130 4599 186 4661 sed
201 4619 241 4661 ex
257 4600 356 4678 gratia
372 4596 446 4665 Dei,
463 4617 583 4657 sensum
599 4600 623 4658 is
640 4598 745 4658 reddet
793 4617 861 4658 uon
876 4597 1025 4672 conplius,
1042 4594 1080 4654 ds
1095 4614 1154 4674 quo
1171 4615 1270 4674 snpra,
1297 4585 1428 4654 notanda
1444 4596 1490 4645 est

57 4688 258 4770 lehgisnum3
284 4687 366 4767 quod
383 4684 456 4744 fecit
471 4684 609 4746 Joannes
624 4685 744 4746 Cassia·
794 4684 946 4765 emphasis
962 4685 993 4741 in
1007 4681 1181 4762 pronomine
1196 4703 1262 4759 coo,
1291 4676 1425 4743 studiose
1439 4692 1488 4734 ex·
