3254 5190
525 267 688 323 nrsrosrs
705 268 745 322 ru
762 268 914 323 noumos.
949 269 1033 323 vans.
1053 270 1092 323 rr.
1457 276 1504 341 49

55 452 103 502 cut
110 444 216 521 justos
228 441 315 523 apud
329 442 449 517 Deum,
471 443 589 503 etiamsi
603 443 758 516 nonnulla,
808 463 899 504 onem
911 444 1013 504 cordis
1024 447 1060 504 io
1072 445 1198 519 spiritu,
1212 462 1279 503 non
1293 444 1404 502 litero:
1415 448 1505 516 cujrrs

54 548 128 608 quae
138 528 222 608 legis
231 538 314 602 sunt,
326 529 474 589 facerent:
483 531 575 609 igitur
583 530 757 609 nequesub·
808 532 877 590 loos
885 550 952 590 non
965 550 1002 591 cx
1014 531 1202 604 hominihus,
1215 532 1268 591 sed
1280 549 1317 590 aa
1325 533 1402 590 Deo.
1418 532 1504 590 Haec

56 635 184 694 sequens
197 615 280 676 haec
287 616 449 677 declaratio
458 616 642 696 degentibus
652 617 756 678 infide·
808 620 888 677 enim
903 618 993 698 plane
1009 624 1177 695 congruunt
1194 637 1260 677 cum
1282 637 1331 687 co,
1352 617 1434 696 quod
1457 617 1505 676 hic

55 701 358 783 llbuaaccipipolest,
373 701 759 764 seddesolisfidclibusest
808 703 893 777 dicit,
921 714 1040 782 gentes,
1067 724 1147 782 quae
1174 705 1272 781 legem
1302 725 1361 764 non
1384 702 1504 775 habent,

55 787 249 860 verificanda,
258 790 473 870 cujuscumque
486 791 628 869 temporis
636 789 756 851 luerint.
806 790 984 850 naturaliter
996 810 1040 862 ea,
1056 809 1136 871 qnae
1149 789 1223 868 legis
1239 798 1321 861 sunt,
1338 790 1455 865 facere;
1472 797 1505 848 nt

88 874 209 935 Boda-
224 878 351 936 omnino
364 875 439 936 lacit
449 875 503 935 illa
511 879 659 936 sententia
670 897 756 956 prae·
807 878 860 956 qui
876 876 1036 937 ostendant
1051 896 1126 955 opus
1142 877 1218 955 legis
1235 878 1377 954 scriptum
1392 877 1421 934 iu
1442 898 1503 936 cor·

57 959 173 1020 adens:
189 961 309 1022 Gloria
320 963 570 1038 ethonoretpax
584 965 756 1039 omniopc·
807 962 895 1022 dibus
908 963 985 1021 suis:
1003 961 1073 1022 licet
1084 984 1144 1021 non
1156 964 1290 1022 habeant
1313 964 1455 1041 scriptum
1472 965 1503 1022 in

10 1046 12 1057 '
57 1050 133 1106 ronti
148 1047 298 1124 doraum,
323 1047 355 1107 id
379 1055 432 1122 est,
454 1048 578 1109 facienti
599 1070 652 1122 eu,
675 1069 756 1129 quae
806 1049 933 1120 tabulis,
960 1051 1038 1108 sicut
1058 1048 1345 1110 habehoutJudaei.

56 1133 119 1212 legia
134 1143 221 1194 sunt.
248 1134 283 1194 Si
301 1154 372 1214 crgo
389 1136 510 1213 gentilis
524 1137 590 1194 sine
606 1136 666 1195 fide
681 1136 756 1196 facit
849 1135 945 1214 Igitur
972 1155 1011 1195 ex
1027 1136 1074 1194 his
1090 1135 1227 1194 omnihus
1243 1136 1317 1194 satis
1333 1134 1454 1195 abunde
1469 1135 1502 1194 li·

58 1239 190 1300 eaquae
207 1221 384 1300 legissent,
398 1221 562 1282 secundum
577 1222 754 1302 Apostolum
806 1231 894 1300 quet,
918 1221 955 1280 de
983 1221 1094 1301 quihus
1115 1224 1256 1299 gentibus
1284 1222 1333 1281 hle
1358 1222 1503 1300 loquatur

57 1307 99 1365 uit
113 1307 161 1366 illi
177 1306 288 1386 gloria
303 1318 332 1366 et
349 1308 444 1368 honor
459 1317 489 1368 et
502 1328 577 1387 pax,
601 1307 633 1367 id
654 1319 705 1380 est,
722 1319 755 1368 ut
804 1309 976 1387 Apostolus.
1009 1307 1070 1367 Cur
1091 1318 1192 1368 autem
1213 1309 1250 1368 de
1270 1310 1409 1387 gentihus
1426 1309 1502 1368 hacc

54 1393 102 1469 jum
128 1413 230 1473 supra
251 1396 424 1473 expositum
451 1403 510 1464 est,
533 1396 600 1473 ipsa
623 1397 687 1455 vita
703 1417 752 1456 ae·
804 1396 898 1455 verba
912 1395 1060 1475 superiori
1075 1397 1243 1455 sententiae
1256 1395 1426 1472 subjecerit,
1435 1396 1501 1472 janu

57 1488 135 1540 arna.
161 1479 241 1561 Qua
256 1480 437 1558 probatione
454 1481 493 1540 ad
508 1481 699 1541 refutandam
716 1485 751 1542 is·
803 1490 874 1541 autc
890 1481 969 1541 dicta
986 1484 1133 1540 estratio.
1165 1480 1223 1540 Cui
1245 1492 1274 1540 et
1298 1484 1354 1542 ista
1370 1481 1501 1554 accedit,

57 1575 103 1625 tun
124 1566 164 1627 de
199 1565 381 1627 infidelibus
413 1569 633 1648 expositionem
660 1572 753 1629 utitur
803 1570 877 1646 quia
905 1569 1129 1648 comparatione
1155 1569 1314 1646 gentilium
1341 1569 1500 1629 humiliare

57 1651 236 1732 Fulgentius.
261 1653 395 1715 Rursum
411 1676 466 1735 pro
478 1653 620 1714 fidelibus
636 1654 753 1716 faciunt
802 1654 924 1715 volebat
938 1656 961 1715 J
963 1655 1075 1715 udaeos
1092 1665 1123 1714 et
1137 1663 1311 1734 peccatores
1336 1656 1499 1729 ostendere,

58 1741 154 1801 similes
166 1742 355 1812 sententiae,
371 1761 453 1821 qnae
468 1741 636 1801 hoceodem
652 1746 751 1822 capite
802 1751 834 1799 ut
849 1750 934 1820 patet
950 1762 988 1801 ex
1005 1742 1212 1822 sequentibus.

58 1836 223 1906 sequuntur,
242 1835 277 1886 ut
295 1828 364 1887 illa:
379 1831 415 1890 st
430 1831 529 1904 igitur
542 1833 751 1904 praeputium
844 1829 956 1888 Verum
973 1828 1072 1888 adhuc
1089 1829 1202 1887 instant
1217 1829 1362 1909 Pelagius
1380 1838 1409 1888 et
1425 1828 1498 1889 Cas·

55 1915 180 1985 Atinios
191 1916 581 1990 legircestodu'utmonna,
594 1924 647 1975 etc.
660 1917 750 1976 Item:
801 1918 920 1989 sianus,
936 1925 1081 1993 negantes
1097 1915 1135 1974 de
1152 1916 1292 1975 fidehbus
1309 1918 1385 1977 haec
1401 1918 1497 1997 Apos-

57 2002 212 2061 Iudicabit
229 2001 286 2075 id,
302 2003 390 2078 quod
406 2021 444 2063 es
460 2010 580 2061 notura
596 2010 639 2062 est
651 2022 750 2078 prae·
801 2000 854 2061 toli
869 2003 963 2062 verba
989 2004 1085 2082 accipi
1099 2023 1201 2082 posse,
1229 2006 1282 2083 qui
1305 2004 1438 2083 loquitur
1461 2004 1499 2064 de

55 2091 176 2163 patio-m,
194 2089 302 2164 legem
319 2108 552 2163 consummans,
570 2097 610 2164 tc,
623 2094 679 2165 qui
693 2109 751 2165 per
799 2089 956 2168 gentibus,
970 2108 1050 2167 quae
1065 2090 1162 2167 legem
1178 2111 1237 2148 non
1250 2091 1376 2150 habent:
1392 2091 1497 2150 fideles

58 2171 168 2234 literam
184 2185 245 2234 etc.
800 2184 900 2235 autem
914 2195 1023 2249 omnes,
1036 2184 1156 2254 practer
1165 2175 1262 2254 legem
1271 2185 1399 2238 naturae
1408 2198 1495 2237 cunc-

85 2260 129 2321 llx
140 2262 262 2342 quibus
272 2263 413 2322 omnibus
426 2261 543 2341 collige,
553 2261 749 2342 quodcadem
798 2265 837 2322 tis
849 2264 978 2334 insitam,
994 2262 1093 2340 legem
1109 2261 1220 2321 habent
1235 2261 1361 2338 Christi;
1378 2268 1457 2324 sicut
1468 2274 1498 2323 et

56 2359 107 2406 nrt
117 2348 273 2428 Apostolo
287 2367 342 2408 sex
356 2350 423 2421 ista,
439 2368 519 2428 quac
530 2350 562 2408 in
577 2348 634 2408 hoc
649 2351 749 2429 capite
798 2349 914 2408 Paulus
930 2350 968 2409 de
988 2368 1021 2406 se
1035 2357 1163 2408 testatur
1178 2348 1281 2409 dicens
1296 2355 1310 2408 1
1326 2350 1394 2410 Cor.
1411 2355 1447 2423 9.,
1464 2370 1496 2410 se

56 2431 191 2512 leguntur,
209 2438 347 2511 operari
363 2434 481 2496 bonum
488 2460 501 2513 ;
518 2455 579 2495 ease
593 2436 749 2511 factorem
799 2437 863 2495 sine
875 2436 942 2516 lege
955 2457 1014 2494 nou
1027 2455 1103 2506 esse,
1116 2434 1168 2493 scd
1181 2456 1245 2494 esse
1258 2439 1288 2495 in
1297 2436 1365 2516 lege
1375 2437 1493 2497 Christi.

56 2519 135 2598 lecim
148 2524 267 2600 facere
283 2540 332 2596 ea,
349 2542 430 2598 quae
445 2523 520 2598 lepis
535 2530 628 2600 sunt,-
651 2524 748 2596 lepcm
796 2523 930 2582 Primum
956 2521 1139 2600 respondeo:
1163 2524 1302 2601 quamvis
1328 2525 1384 2583 hoc
1408 2543 1495 2603 argu·

56 2607 749 2685 moorqjustitiaaleytscustocla'rc5legem
796 2618 927 2669 mentum
943 2608 1038 2668 videri
1055 2609 1147 2687 possit
1163 2609 1277 2688 aliquid
1301 2610 1411 2670 habore
1433 2632 1494 2669 mo·

56 2711 277 2756 wurummurc.
294 2697 391 2775 Atqui
408 2697 511 2756 horum
524 2696 583 2756 duo
598 2704 748 2775 postrema
796 2699 897 2771 menti,
914 2707 1060 2775 quantum
1076 2694 1114 2754 ad
1137 2697 1266 2773 gentiles
1283 2698 1389 2756 attinet
1408 2697 1492 2758 Chri·

55 2782 105 2840 nno
118 2784 336 2842 controversia
351 2782 455 2842 tribuit
472 2782 638 2864 Apostolus
652 2783 748 2860 genti·
796 2784 918 2857 stiauos,
935 2782 965 2841 id
981 2790 1033 2852 cst,
1050 2801 1110 2854 eos,
1126 2784 1179 2862 qui
1192 2782 1310 2841 Christo
1323 2805 1431 2843 nomen
1443 2783 1492 2843 de·

55 2863 149 2927 busad
173 2867 271 2928 fidem
288 2871 455 2929 conversis:
480 2879 620 2950 quartum
643 2868 748 2927 tribuit
795 2868 904 2929 derunt
931 2871 962 2928 in
986 2868 1155 2947 baptismo:
1178 2870 1250 2928 nihil
1271 2879 1371 2930 tornea
1387 2870 1425 2929 ad
1441 2891 1492 2930 eos

55 2951 173 3014 ludaeis
189 2953 355 3015 fidelibus:
377 2957 506 3034 primum
530 2966 559 3015 et
582 2955 745 3015 secundum
794 2959 944 3034 pertinere
958 2954 1101 3033 gentiles,
1124 2958 1176 3034 qui
1199 2956 1310 3016 Christi
1329 2957 1491 3017 adventum

54 3041 229 3115 generaliter
246 3043 292 3114 iis,
309 3045 364 3121 qui
379 3061 480 3101 coram
495 3043 562 3102 Deo
574 3043 652 3120 justi
668 3053 746 3114 suut,
793 3051 1027 3120 praecesserunt,
1044 3050 1074 3101 et
1089 3051 1189 3102 tamen
1206 3044 1235 3101 in
1251 3063 1318 3102 eum
1331 3053 1492 3104 venturum

54 3126 217 3206 utgloriam
234 3128 318 3206 apud
333 3128 434 3187 Deum
450 3137 608 3189 merentur.
642 3128 746 3207 Quare
794 3128 1001 3203 crediderunt3
1024 3148 1100 3207 quos
1116 3130 1266 3188 bisetium
1283 3131 1491 3208 comprehendi

54 3219 77 3270 ct
96 3216 229 3288 teatinum
255 3213 356 3287 idest,
378 3216 478 3276 facere
495 3236 541 3288 ea,
564 3235 646 3295 quae
668 3216 745 3293 legis
790 3215 855 3292 jam
872 3225 941 3276 ante
957 3215 1028 3274 dixi.
1046 3215 1126 3273 Nam
1146 3216 1191 3273 his
1208 3216 1320 3275 nullam
1337 3238 1355 3275 a
1371 3215 1488 3277 Christo

53 3309 121 3373 aut,
137 3300 226 3382 quod
242 3302 411 3379 gentilibus
427 3303 575 3376 attribuit,
601 3322 660 3361 non
676 3301 745 3361 aliis
794 3301 889 3381 legem
907 3301 1007 3361 datam
1023 3299 1130 3372 luisse,
1145 3303 1336 3361 manifestum
1349 3312 1402 3363 est.

53 3386 157 3465 utique,
172 3396 393 3468 praeterquam
410 3388 551 3449 fidelibus
567 3387 744 3449 attributum
837 3388 956 3448 Deinde
970 3387 1134 3466 pleniusac
1146 3389 1317 3465 generalius
1330 3390 1488 3469 responde·

52 3470 502 3554 btclligidcbetiis,quicora1n
511 3475 746 3553 Deojustisunt.
794 3483 850 3548 tur,
866 3495 921 3535 nec
938 3475 1056 3533 omnino
1080 3471 1232 3532 Christum
1254 3476 1345 3535 ullam
1369 3477 1489 3535 dedisse

86 3558 188 3633 Adde,
212 3560 298 3641 quod
320 3562 352 3621 in
374 3563 573 3640 sequentibus
595 3561 747 3639 significat
794 3564 891 3642 legem
908 3562 938 3620 in
950 3561 1062 3620 tabulis
1075 3568 1128 3618 aut
1138 3561 1319 3621 membranis
1333 3565 1489 3641 scriptam:

54 3644 229 3723 Apostolus,
253 3666 358 3707 eorum
381 3668 486 3727 opera,
510 3648 547 3708 de
569 3647 681 3727 quibus
696 3647 746 3705 hic
796 3657 827 3708 at
838 3668 937 3727 neque
947 3646 1150 3728 principaliter·
1159 3647 1296 3706 attulisse
1309 3646 1408 3727 legem
1422 3670 1489 3729 ope·

53 3728 120 3805 dicit,
131 3732 230 3813 quod,
241 3753 323 3813 quae
335 3734 411 3813 legis
423 3743 501 3808 sunt,
512 3734 638 3806 iaciunt,
650 3752 746 3794 remu·
794 3757 869 3806 rum,
886 3754 977 3814 quam
992 3752 1092 3792 onmes
1109 3753 1127 3791 a
1142 3741 1259 3807 natura,
1280 3734 1395 3795 Judaei
1411 3737 1489 3795 insu·

53 3821 231 3881 mationem
249 3820 391 3880 habitura
401 3821 489 3881 indie
492 3821 611 3899 judicii.
622 3821 657 3880 ld
668 3823 746 3880 anim
795 3843 850 3902 per
865 3841 883 3879 a
898 3822 966 3880 Deo
983 3841 1035 3898 per
1050 3819 1155 3878 Mosen
1171 3831 1367 3899 acceperant3
1384 3822 1436 3881 scd
1448 3822 1489 3881 le·

53 3904 148 3967 volunt
164 3906 222 3966 illa
237 3907 353 3968 verba:
376 3908 417 3967 ln
433 3909 484 3967 die
507 3928 578 3968 cum
589 3907 748 3982 judicabit
795 3931 862 3988 gem
879 3907 958 3967 fidei.
980 3907 1049 3966 Non
1065 3908 1142 3964 enim
1158 3907 1283 3984 gentiles
1298 3928 1353 3985 per
1367 3929 1489 3987 operum

54 3990 470 4055 momenmentum.
500 3994 543 4053 At
557 4014 593 4053 ea
609 4013 746 4054 remuue·
796 3997 893 4074 legem
916 3994 1046 4052 traducti
1062 4001 1132 4051 sunt
1153 3992 1195 4052 ad
1218 3994 1323 4065 fidcnr,
1346 3995 1490 4073 quomad-

53 4080 121 4141 ratio
140 4102 204 4141 non
225 4080 289 4140 alia
316 4089 363 4141 est
384 4100 475 4160 quam
498 4082 581 4140 vitae
598 4090 747 4140 aeternae.
795 4081 916 4140 modum
932 4079 1056 4149 Judaei,
1073 4080 1184 4158 quibus
1201 4101 1256 4139 sua
1273 4080 1323 4140 lex
1339 4081 1489 4160 paedogo-

54 4161 121 4226 liam
134 4165 307 4227 infidelium
316 4167 502 4247 operabona,
515 4168 659 4247 quoniam
672 4186 746 4225 mor·
796 4165 963 4247 gossuitnd
974 4167 1141 4227 Christum:
1154 4167 1207 4226 sed
1219 4168 1380 4246 nullalege
1392 4167 1491 4227 modia

54 4256 101 4313 lus
111 4263 197 4326 aunt,
223 4253 342 4314 nullam
362 4253 425 4313 illic
441 4263 602 4333 acceptura
618 4261 689 4313 sunt
703 4272 746 4311 re·
795 4253 1020 4314 vocatisuntad
1032 4253 1131 4325 fidem,
1141 4262 1227 4325 ntea,
1240 4255 1404 4333 quaelegis
1414 4263 1490 4328 sunt,

55 4342 295 4401 munerationem.
307 4340 451 4420 Denique
462 4348 493 4400 et
501 4341 576 4399 illud
587 4339 749 4399 admodum
796 4340 939 4402 facerent.
963 4340 1105 4418 Denique
1121 4340 1172 4400 lex
1188 4339 1300 4400 Christi
1314 4351 1435 4421 praeter
1451 4340 1491 4400 le·

56 4424 161 4498 nudet,
176 4426 262 4508 quod
285 4428 430 4506 gentilem
443 4427 579 4506 justitias
595 4426 671 4506 legis
685 4446 747 4486 cus·
796 4448 863 4506 gem
880 4436 1007 4487 naturae
1023 4439 1052 4487 et
1065 4426 1154 4487 fidem
1169 4429 1380 4506 mysteriorum
1393 4446 1492 4506 pauca

56 4509 213 4575 hdicntsm
239 4523 271 4575 at
295 4512 397 4593 legem
422 4523 690 4585 consummantem,
716 4515 748 4573 in
796 4516 928 4574 continet
942 4512 1111 4587 seruanda,
1134 4516 1292 4593 magisque
1311 4515 1446 4574 consistit
1462 4513 1492 4572 iu

58 4593 189 4682 iuscap.
216 4599 356 4682 appellat
369 4601 536 4663 Judaeum
557 4604 593 4659 in
616 4600 747 4661 abscon·
797 4602 901 4681 spiritu
915 4600 1041 4660 acdono
1054 4602 1176 4678 gratiae,
1192 4601 1491 4681 qualeximpleatnr,

63 4681 130 4761 tuo,
145 4696 178 4749 et
186 4687 345 4767 justitiam
360 4687 430 4766 ejus
451 4696 542 4748 vocat
556 4690 747 4748 arcamari-
797 4687 1491 4769 quaminpraeceptis,quaejubaanturimpleri.

106 4784 168 4826 aar:
182 4785 253 4826 ιιιιι
264 4787 342 4828 un
360 4785 418 4826 τοι.
431 4784 448 4826 ι
1267 4796 1287 4853 4
