3254 5190
468 309 631 366 marotia
647 310 667 364 1.
685 308 725 364 Aa
745 308 932 364 contitutus.
965 309 1050 363 ima.
1071 311 1110 364 15.
1428 317 1501 385 403

73 507 124 549 um
138 487 273 550 libertati
288 504 363 548 suae
375 485 507 548 relictus.
531 486 593 549 Sub
608 505 669 569 quo
685 507 758 549 casu
805 489 835 548 iu
850 487 990 559 muliere,
1020 496 1053 548 et
1073 487 1258 549 intellectam
1282 489 1313 549 iu
1328 488 1410 563 viro,
1439 506 1502 567 qua

73 573 226 638 scandum
243 592 374 637 canones
390 575 482 635 etism
493 574 569 635 alter
580 577 758 649 continetur,
806 576 944 635 nimirum
970 574 1100 637 debeant
1126 576 1319 655 separatione
1346 573 1424 636 iacta
1449 573 1501 633 vel

73 682 182 742 tempe,
212 663 240 722 si
266 670 454 722 commaneat
479 660 599 742 quidem
628 661 759 722 infidelis
806 663 925 742 innupti
939 681 1077 734 manere,
1100 662 1150 723 vel
1172 662 1350 741 conjugibus
1372 660 1500 723 reconci-

73 750 190 829 onjux,
216 748 273 810 sed
296 769 357 810 nou
383 749 447 808 sine
471 748 624 828 religionis
640 749 758 828 injuria,
807 749 889 821 lieri,
913 755 944 808 et
967 768 1026 809 non
1042 747 1080 808 ad
1097 767 1162 808 eam
1182 749 1292 823 sclam,
1316 768 1378 827 qua
1392 748 1505 826 conjux

73 846 110 896 tut
135 836 322 916 generaliter
349 836 413 894 siue
442 835 542 896 studio
568 835 760 917 pertrahendi
807 839 891 916 sequi
908 835 1030 896 deberet
1041 836 1201 916 conjugem
1213 832 1426 906 discedentem,
1442 853 1503 893 orn·

73 924 220 1003 uujugem
234 921 353 983 fidelem
368 920 407 980 ad
426 919 609 983 damnabilia
623 930 758 1002 peccata.
807 925 876 983 uino
892 922 1013 1002 respicit
1028 922 1208 1003 Apostolus:
1229 931 1263 982 ut
1277 924 1363 1002 cujus
1377 921 1504 981 intentio

73 1011 107 1071 iic
120 1011 203 1071 enim
217 1029 305 1090 posse
327 1028 394 1068 eum
416 1006 526 1069 dimitti
548 1018 601 1069 aut
619 1008 758 1090 relinqui.
807 1010 853 1083 sit,
869 1008 1118 1089 quemadmodum
1133 1007 1244 1070 dictum
1260 1019 1314 1082 est,
1328 1010 1374 1068 his
1389 1008 1505 1068 verbis:

73 1095 93 1156 ld
118 1095 203 1178 quod
231 1098 321 1156 etiam
347 1114 386 1155 ex
411 1095 602 1174 praecedenti
628 1095 758 1156 membro
808 1096 898 1177 Quod
913 1101 939 1156 ai
953 1096 1091 1172 infidelis
1106 1096 1253 1170 discedit,
1281 1097 1436 1170 discedot,
1453 1113 1505 1154 ex·

73 1185 219 1264 perspicue
234 1181 326 1243 datur
340 1181 478 1262 intelligi.
501 1183 619 1243 Nomai
635 1181 673 1242 de
689 1202 758 1242 con·
807 1185 975 1263 ceptionem
991 1181 1111 1243 adferre
1124 1184 1163 1243 ah
1180 1203 1224 1259 eo,
1240 1182 1323 1263 quod
1334 1190 1404 1243 ante
1420 1180 1505 1241 dixe·

73 1271 211 1331 cudente
226 1268 416 1342 cohabitare,
437 1268 550 1329 dicitur
571 1268 668 1342 fideli,
690 1287 759 1331 ooo
807 1278 868 1344 rat,
889 1288 1023 1331 uxorem
1038 1289 1059 1329 o
1074 1273 1144 1330 vtro
1159 1288 1228 1331 ooo
1251 1270 1426 1344 discedere,
1450 1276 1504 1328 etc.

73 1357 202 1417 dimittat
223 1356 333 1433 ilium3
359 1357 452 1435 igitur
478 1355 516 1417 de
543 1375 595 1430 eo,
621 1358 759 1439 quinon
807 1353 877 1435 Quo
904 1366 1066 1437 praecepto
1093 1356 1175 1417 dicta
1201 1359 1332 1418 servitus
1357 1357 1503 1437 exprime·

73 1445 208 1505 museutit
238 1442 426 1516 cohabitare,
453 1443 567 1503 scilicet
596 1462 631 1503 eo
661 1443 759 1515 modo,
807 1443 903 1503 batur.

73 1550 119 1612 quo
138 1531 279 1611 superius
302 1531 471 1610 expositum
493 1536 553 1604 est,
579 1529 760 1610 intelligitur
851 1529 928 1591 Cum
943 1530 1034 1610 igitur
1049 1549 1125 1606 sam,
1137 1550 1227 1612 quam
1243 1529 1307 1591 dixi
1322 1531 1504 1603 servitutem,

76 1619 142 1680 ideli
161 1617 292 1690 dictum,
321 1625 355 1675 ut
379 1617 431 1676 uel
456 1615 569 1677 debeat
590 1617 640 1676 vel
666 1618 760 1696 possit
807 1619 970 1696 aconjuge
984 1616 1065 1678 fideli
1084 1626 1224 1698 respectu
1247 1618 1385 1697 conjugis
1400 1615 1506 1677 infide-

76 1705 150 1766 alon
166 1725 186 1765 o
200 1722 236 1765 se
250 1702 408 1763 dimittere.
445 1703 534 1775 Dixi,
561 1710 703 1786 tauquam
725 1704 758 1763 li·
807 1703 860 1779 lia,
889 1704 982 1785 idque
1002 1700 1175 1783 specialiter
1198 1707 1230 1764 in
1250 1724 1324 1766 casu
1345 1704 1506 1784 praesenti,

77 1791 172 1853 teram
187 1809 264 1851 auae
278 1790 408 1850 relictus.
437 1790 474 1851 Id
497 1791 576 1850 enim
591 1791 761 1871 significant
806 1802 961 1852 removeat
982 1791 1040 1851 hoc
1061 1792 1128 1853 loco
1148 1792 1278 1866 Paulus,
1305 1798 1386 1855 recte
1407 1810 1446 1852 ex
1468 1810 1506 1852 eo

79 1878 156 1940 ruba
171 1879 346 1960 sequentia,
372 1895 450 1959 quae
465 1878 640 1938 servitutem
661 1878 759 1938 exclu-
807 1878 931 1941 tradunt
952 1896 1082 1940 canones
1102 1879 1257 1940 Pontificii
1271 1883 1322 1943 28.
1339 1887 1458 1960 quaest
1475 1881 1504 1940 δ.

78 1964 144 2027 tunt
807 1984 872 2047 cap.
895 1968 922 2025 ai
943 1966 1098 2043 infidelis,
1131 1976 1160 2028 et
1183 1975 1271 2028 extra
1295 1967 1335 2028 de
1361 1965 1506 2040 divortiis,

106 2055 176 2114 Noa
191 2055 276 2112 enim
293 2054 439 2113 servituti
460 2051 614 2128 subjectus
628 2060 671 2113 est
684 2054 759 2130 fro·
807 2055 887 2134 capit
901 2061 1040 2130 querito,
1065 2062 1095 2114 et
1117 2074 1183 2135 cap.
1206 2054 1400 2129 suademur,
1425 2073 1507 2133 quac

77 2145 178 2200 hruut
192 2156 285 2201 soror
306 2141 342 2200 io
362 2139 552 2214 hujusmodi.
589 2140 626 2198 In
642 2138 758 2200 Graeco
806 2147 875 2200 sunt
896 2139 1068 2200 Innocentii
1087 2140 1157 2215 ΠΙ.,
1188 2142 1349 2221 conjugem
1374 2137 1503 2216 fidelem,

77 2226 231 2308 athyriaco
243 2245 303 2285 uou
319 2224 439 2286 additur
453 2227 546 2285 enim.
574 2227 615 2286 Iit
631 2224 706 2286 illud
722 2229 758 2285 ira
805 2227 831 2286 si
846 2225 975 2287 infidelis
999 2226 1037 2287 ob
1060 2246 1181 2289 causam
1206 2225 1339 2308 aliquam
1360 2244 1504 2290 memora·

75 2312 257 2388 NJmmodi,
274 2311 391 2373 Grecos
406 2304 437 2370 δν
453 2313 525 2379 τοῖς
539 2307 705 2388 τοιούτοις,
722 2315 757 2372 io
804 2321 865 2372 tam
880 2313 1052 2375 discesserit
1065 2323 1119 2373 aut
1133 2312 1273 2376 dimissus
1287 2313 1392 2388 fuerit,
1412 2316 1502 2377 'aliud

75 2400 190 2475 mbas,
215 2399 267 2459 vel
287 2397 390 2461 adres
412 2399 464 2458 vel
486 2397 525 2458 sd
547 2417 690 2479 personas
713 2416 757 2457 re·
804 2401 1025 2461 matrimonium
1060 2402 1159 2480 priore
1196 2401 1294 2462 soluto
1327 2401 1504 2464 contrahere

74 2484 129 2546 teri
142 2493 252 2567 potest.
287 2484 336 2545 Ad
351 2503 494 2566 personas
509 2488 643 2565 apertius
667 2484 759 2547 refert
804 2505 904 2567 posse.
943 2487 1023 2547 Nam
1038 2487 1155 2569 alioqui
1173 2488 1348 2568 praedictae
1364 2490 1504 2550 servituti

73 2591 98 2634 ca
119 2573 225 2648 lectio,
252 2592 330 2653 quae
356 2573 606 2653 praepositionem
632 2573 756 2633 omittit:
804 2573 959 2652 subjectus
974 2584 1152 2635 remaneret.
1176 2575 1218 2634 Et
1232 2575 1272 2635 ad
1286 2575 1365 2636 hunc
1379 2574 1502 2636 modum

73 2658 228 2737 cujusmodi
243 2658 379 2720 codicem
401 2678 492 2718 uuum
514 2659 686 2721 observavit
699 2661 758 2719 Ro
804 2659 943 2741 Apostoli
957 2668 1086 2722 mentam
1109 2670 1311 2742 exposuerunt
1327 2660 1505 2724 Ambrosius
1525 2710 1529 2724 .

73 2745 163 2808 bertus
177 2746 360 2826 Stephanus.
383 2746 448 2806 Nec
462 2745 562 2807 obstat
576 2745 621 2806 illi
635 2746 756 2807 lectioni
805 2746 938 2810 scribens
960 2749 992 2807 in
1018 2748 1092 2806 Luc.
1116 2752 1166 2808 16.
1194 2757 1226 2808 et
1251 2748 1387 2828 ejusdem
1413 2750 1503 2811 titulo

73 2835 138 2913 prior
152 2832 274 2894 dativum
294 2835 447 2895 servituti.
485 2833 562 2893 Nam
584 2842 679 2894 totum
700 2833 757 2893 hoc
804 2832 893 2895 Pauli
908 2841 1124 2896 commentator
1138 2837 1169 2895 iu
1184 2834 1266 2896 hunc
1281 2834 1389 2894 locum.
1425 2835 1502 2898 Item

73 2922 203 2981 ιιιοίδιιδύ
216 2919 438 2995 subjectanea,
455 2938 548 2980 unum
561 2929 607 2980 est
622 2921 756 2994 verbum,
806 2920 916 2984 Graeci
939 2921 1117 3000 interpretes
1141 2919 1315 3001 chrysost,
1337 2920 1503 3005 Theophy·

73 3005 229 3068 hGraeco
252 2999 459 3083 δεδούλωται,
482 3013 533 3080 ut,
557 3008 583 3066 si
604 3007 756 3088 praeposi·
805 3008 882 3081 lect,
898 3003 1020 3067 Oscum.
1037 3015 1068 3071 et
1082 3006 1163 3087 apud
1178 3007 1258 3068 hunc
1271 3007 1405 3069 Photiua.
1427 3008 1504 3090 Qui·

73 3093 171 3154 tionem
190 3112 251 3168 nep
272 3092 374 3173 legas,
399 3092 444 3152 sic
460 3093 535 3153 verti
549 3096 660 3173 possit:
684 3095 758 3155 Νοιι
806 3095 861 3154 hus
876 3091 955 3154 addc
969 3094 1108 3168 Latinos,
1131 3094 1393 3175 glossographum,
1417 3095 1506 3157 Lom-

73 3186 103 3240 ut
116 3179 276 3242 serviliter
291 3179 446 3255 subjectas
466 3180 573 3256 frater
595 3189 653 3241 out
667 3196 759 3242 soror
805 3179 950 3252 bardum,
968 3180 1166 3261 Aquinatem,
1190 3180 1351 3253 Lirsnum,
1375 3177 1505 3245 Oarthn·

73 3266 194 3343 moro,
218 3266 275 3326 hoc
297 3274 357 3341 est,
384 3265 567 3340 infidelibus,
593 3269 646 3347 qui
661 3265 757 3326 disce·
806 3268 922 3327 danum
938 3286 975 3326 ac
989 3272 1126 3328 caeteros
1147 3268 1347 3347 posteriorem
1377 3287 1505 3346 qaorum

73 3351 141 3425 lunt,
157 3360 212 3414 aut
226 3351 400 3413 cohabitare
413 3373 473 3412 nou
485 3354 683 3414 consentiunt
710 3353 759 3413 Ita
807 3352 987 3414 senteutiam
1012 3352 1063 3413 vel
1088 3354 1156 3432 ipsa
1180 3353 1283 3433 praxis
1307 3351 1441 3416 bdelium
1466 3356 1505 3418 ab

73 3438 174 3500 taulus
190 3438 279 3512 alibi,
302 3430 500 3517 δδοολδιύητι
516 3437 557 3519 τῇ
572 3433 757 3519 δικαιοσύνῃ,
807 3437 937 3500 ecclesia
947 3439 1074 3519 probata
1085 3441 1160 3500 satis
1172 3456 1324 3520 superque
1340 3441 1504 3504 confirmat

73 3518 760 3699 it.f⁶“,tf³“t‘ti,⁰‘itll.⁰⁴iii
808 3525 1507 3692 2iiitttfftttttttttitttt}

73 3697 167 3760 Pctrm
195 3703 225 3760 2.
255 3701 341 3780 epist.
373 3703 401 3760 t.
433 3693 531 3780 τούτῳ
558 3694 756 3775 δεδούλωται,
806 3697 887 3780 quod
901 3696 1037 3760 solvatur
1059 3700 1116 3759 hoc
1138 3719 1210 3761 casu
1233 3701 1385 3760 vinculum
1403 3703 1506 3782 conju-

73 3784 131 3848 lm‘c
145 3803 256 3847 servus
270 3786 416 3848 addictus
432 3793 483 3846 cst.
806 3784 891 3866 gale,
915 3804 982 3846 cum
1004 3788 1070 3866 ipsa
1085 3806 1103 3847 e
1122 3785 1239 3848 diverso
1259 3796 1363 3848 contra
1387 3807 1505 3849 sensnm

101 3873 264 3935 Caeterum
280 3872 383 3933 addita
405 3873 629 3953 praepositione
651 3873 758 3941 melini
806 3870 963 3932 Ecclesiae
976 3881 1070 3953 putet,
1085 3881 1121 3931 ut
1134 3875 1165 3933 in
1176 3873 1382 3955 superioribus
1393 3874 1505 3935 dictum

73 3959 159 4022 adres
179 3958 436 4033 accommodatur,
459 3958 704 4041 quemadmodum
726 3957 758 4019 id
806 3967 868 4030 est,
885 3956 1009 4020 dissolvi
1023 3979 1078 4040 per
1092 3962 1193 4021 uxoria
1209 3959 1398 4021 adulterium.
1431 3961 1503 4022 Jam

73 4045 199 4129 plerique
208 4046 436 4107 intellexerunt:
450 4053 486 4106 ut
496 4066 603 4107 sensus
614 4047 659 4119 sit,
671 4045 756 4108 chri-
806 4045 953 4128 quomodo
977 4046 1068 4106 Pauli
1084 4045 1212 4122 dotrina,
1238 4049 1282 4107 sic
1306 4050 1352 4108 uti
1376 4046 1506 4109 diximus

73 4137 191 4197 tionum
218 4141 249 4195 at
271 4132 474 4195 Christianam
497 4153 562 4193 oum
586 4133 757 4193 infidelibus
806 4130 969 4207 intellecta,
985 4154 1045 4194 non
1060 4134 1099 4194 ait
1114 4133 1265 4194 contraria
1276 4133 1378 4194 verbis
1391 4133 1505 4196 Christi

73 4220 248 4283 utrimcuio
264 4221 428 4300 copulatos,
444 4221 475 4279 in
487 4218 658 4297 hujusmodi
670 4219 758 4282 rebus
806 4219 944 4282 Domiui:
974 4219 1066 4298 Quod
1087 4223 1174 4281 Deua
1195 4223 1381 4297 coniunxit,
1412 4222 1505 4282 homa

73 4326 111 4370 uu
134 4306 276 4380 casibus,
303 4305 471 4386 cujusmodi
497 4305 640 4367 videlicet
662 4325 758 4366 sermo
806 4324 874 4368 non
889 4314 1031 4383 separet,
1054 4307 1277 4369 Merulam
1297 4307 1505 4388 aliisquibus·

73 4396 198 4457 trcxime
224 4393 409 4475 praecedens
434 4391 672 4473 comprehendit,
698 4413 758 4454 non
807 4392 875 4453 dam
889 4393 1061 4474 Scriptnris,
1076 4393 1188 4454 nullam
1199 4394 1312 4454 vinculi
1323 4394 1503 4456 solutionem

73 4467 126 4544 ¹trata
152 4480 306 4559 subjectos
328 4482 483 4555 servituti3
509 4487 543 4539 ut
567 4479 615 4540 vel
639 4481 759 4561 innupti
807 4479 1506 4561 interconjugesquoadvivuutadmittcntibus3

73 4588 196 4643 mucre,
222 4569 272 4628 vel
306 4587 372 4627 cum
393 4567 574 4647 conjugibus
598 4584 759 4639 remanere,
806 4575 929 4647 petatur
943 4586 982 4628 ex
997 4568 1052 4641 iis,
1075 4586 1155 4647 quae
1172 4566 1366 4647 disputantur
1380 4567 1420 4628 ad
1435 4568 1506 4629 dist.

73 4659 144 4719 iare
159 4654 303 4736 digressis
326 4654 512 4715 reconciliari
536 4652 671 4714 debeant
708 4653 759 4714 Ad
809 4655 859 4716 39.
874 4652 926 4713 lib.
942 4658 971 4715 4.
984 4662 1060 4715 seut
1084 4653 1203 4735 Quade
1217 4674 1252 4715 re
1266 4656 1356 4716 etiam
1371 4651 1506 4717 nonnihil

73 4762 138 4806 runc
152 4743 234 4805 enin
249 4741 424 4803 servitutem
434 4742 570 4822 superius
582 4758 759 4822 expressam
807 4741 923 4821 egium
938 4742 970 4802 iu
984 4760 1089 4803 comm.
1105 4740 1191 4804 Rom.
1209 4745 1237 4803 7.
1254 4761 1333 4803 rere.
1350 4747 1378 4806 δ.
