3254 5190
418 283 582 347 H'lSlilffl
598 286 617 340 1.
633 285 674 343 stt
693 286 878 343 temutes.
895 285 979 342 lm.
997 286 1021 338 0.
1042 285 1082 338 10.
1406 287 1478 358 486

59 468 134 522 net
152 459 271 523 nubere
291 479 346 541 per
367 461 618 523 incontinentiam.
657 459 736 522 (lum
784 461 816 524 id
831 471 878 526 est
892 461 1040 533 Christus,
1055 461 1208 606 praecipit
1245 459 1283 522 In
1299 457 1415 521 Graeco
1433 465 1479 518 est

59 567 94 609 sc
108 548 195 611 enim
209 548 434 608 circumstantia
455 547 568 609 nubere
588 549 736 628 accipitur
784 549 909 610 verbum
931 563 1052 625 παραγγ
1071 544 1137 606 tle
1159 547 1335 622 denuncio,
1358 552 1393 606 ut
1412 546 1477 625 qui·

59 653 95 695 ec
108 633 187 695 loce.
212 634 304 714 Quod
318 636 361 708 ei,
376 635 490 714 inquit,
505 653 573 695 nen
587 653 617 696 ee
632 639 735 697 centi-
784 634 853 696 dam
867 642 1002 697 vertunt:
1029 632 1278 716 quemedmodum
1293 639 1324 692 et
1338 631 1477 710 legerunt

59 728 127 797 cett,
143 721 279 783 nubant
302 720 417 782 Melius
431 728 475 782 cet
489 724 585 798 enim,
602 721 735 801 intellige
785 722 911 783 Tertull.
929 723 962 784 in
984 720 1131 781 exhortet.
1155 720 1299 781 muntia
1321 738 1386 798 cap.
1403 719 1431 778 3.
1448 725 1480 778 et

59 826 96 868 eu
109 827 146 870 se
161 805 398 881 contineutibus,
420 807 539 869 nubere
561 827 658 886 quem
671 810 734 869 uri.
784 809 960 870 Ambrosius
975 825 1068 885 super
1081 808 1195 868 Lucem
1217 792 1287 885 copi
1302 807 1349 865 16.
1365 811 1396 865 et
1407 804 1477 864 Am·

59 894 205 955 usuum
218 892 332 955 nubere
347 901 393 954 est
414 912 469 974 per
490 894 734 956 incontinentiam
783 895 876 956 brosii
890 894 975 956 titulo
991 900 1211 954 commentator.
1234 892 1304 952 Hoc
1318 891 1395 951 enim
1410 910 1478 970 pro·

59 979 162 1041 ubere.
186 977 276 1059 Quod
291 977 500 1058 proiectetam
516 989 560 1042 est
574 979 733 1061 culpabile,
783 982 881 1061 prium
897 989 943 1044 est
965 979 1046 1041 illiue
1070 979 1156 1040 verbi
1170 979 1379 1058 significetum.
1416 974 1477 1039 Sed

59 1085 130 1145 ,uam
161 1085 217 1146 per
246 1066 493 1129 interfluentium
521 1069 640 1131 misceri
666 1088 734 1128 cum
784 1088 877 1149 saepe
892 1069 1010 1149 capitur
1025 1086 1080 1146 pro
1096 1085 1141 1138 eo,
1156 1067 1239 1147 qued
1252 1072 1300 1126 eet
1315 1063 1477 1144 praecipio,

59 1153 178 1234 cujusse.
214 1151 295 1214 Nam
310 1153 472 1239 utrobique
487 1153 604 1236 culpem
619 1154 736 1216 inducit
783 1163 817 1216 ut
829 1155 921 1234 hujus
943 1152 1089 1234 epistolae
1111 1171 1176 1232 cap.
1199 1155 1247 1211 11.
1285 1153 1354 1212 Hoc
1369 1156 1477 1210 autem

59 1239 143 1301 adem
158 1239 380 1300 munda
393 1239 469 1300 linis.
779 1244 963 1318 praecipio.-
984 1259 1052 1301 nen
1067 1237 1215 1311 laudans,
1231 1244 1285 1298 etc.
1318 1237 1393 1297 Item
1409 1236 1476 1296 Act

80 1327 150 1389 Huc
171 1326 307 1405 respexit
328 1324 532 1406 Hieronymus
558 1325 597 1387 de
622 1326 734 1406 nuptiis
783 1331 812 1389 4.
834 1330 879 1390 Et
893 1333 1041 1389 vocantes
1055 1343 1106 1387 ees
1120 1324 1416 1397 denunciaverunt,
1444 1319 1476 1380 id

59 1413 284 1482 reontineutium
313 1410 463 1473 disserena
491 1412 543 1474 lib.
576 1417 603 1473 1.
630 1421 733 1475 centu
783 1423 840 1488 est,
854 1408 1083 1495 praeceperunt,
1101 1431 1142 1471 ne
1158 1412 1290 1472 omnine
1306 1411 1474 1486 loqueren-

59 1500 140 1562 lerin.
167 1519 232 1580 cap.
259 1502 288 1560 4.
311 1506 344 1558 et
368 1499 398 1558 8.
421 1506 454 1560 et
474 1500 506 1559 in
528 1499 668 1580 apologia
693 1498 733 1560 ad
782 1508 852 1577 tur,
876 1508 930 1561 etc.
947 1509 978 1560 et
992 1519 1058 1580 cap.
1074 1500 1103 1560 5.
1138 1499 1241 1561 Oeeeie
1256 1497 1472 1557 denunciave-

59 1586 207 1648 lrmmach.
220 1605 287 1664 cap.
301 1586 328 1645 6.
342 1592 373 1644 et
385 1586 414 1645 'l.
437 1584 553 1665 Quibus
569 1586 642 1647 locis
657 1587 733 1646 iuter
780 1595 859 1649 runt
870 1607 910 1650 ne
922 1588 1139 1664 loquerentur,
1155 1592 1211 1645 eto.
1235 1583 1293 1642 Est
1303 1584 1382 1644 enim
1393 1580 1470 1641 idem

59 1673 99 1735 lis
112 1673 186 1734 dicit
201 1692 237 1734 ac
253 1672 378 1751 repetit,
399 1669 572 1753 dictumque
587 1671 732 1745 defendit,
782 1673 909 1748 Graece,
933 1672 1013 1755 qued
1036 1672 1175 1752 superius
1197 1673 1227 1731 in
1243 1669 1348 1731 eodem
1363 1668 1472 1747 cupite,

59 1761 109 1821 'dee
124 1761 237 1820 melius
259 1766 302 1819 est
316 1758 452 1835 nubere,
476 1762 553 1836 quie
573 1762 667 1836 peius
685 1767 732 1820 est
781 1762 833 1822 ubi
854 1759 962 1822 melius
984 1758 1137 1820 trsnstalit
1160 1759 1325 1837 interpres,
1347 1759 1473 1832 praeci·

59 1850 106 1922 ari,
129 1847 220 1926 qussi
234 1843 330 1921 dicat,
353 1846 466 1907 nubere
481 1865 536 1925 per
549 1846 732 1907 incontinen·
778 1847 898 1925 piendo
909 1848 1130 1924 praecepimus
1144 1846 1235 1906 vebis.
1258 1844 1325 1903 Nec
1340 1841 1473 1913 dubium,

59 1934 123 2008 itm,
147 1932 186 1993 de
202 1951 262 2012 quo
277 1932 408 2013 loquitur
424 1932 604 2013 Apostolus,
627 1954 687 1996 nou
701 1934 731 1993 iu
781 1936 853 2016 quin
868 1941 899 1993 et
913 1934 970 1994 hoc
991 1934 1056 1992 loco
1072 1931 1248 1993 vertendum
1274 1931 1362 1990 fuerit
1374 1946 1473 2006 prec-

59 2018 190 2080 ubeuum
202 2026 256 2090 est,
269 2017 598 2100 sediucemparatiene
609 2021 731 2100 pejoris.
781 2024 881 2099 cipio:
914 2017 1164 2101 quemadmodum
1194 2026 1225 2077 et
1255 2016 1305 2076 alii
1333 2017 1473 2095 plerique

59 2104 211 2186 eujusmodi
232 2105 334 2166 verbis
356 2106 447 2165 etiem
471 2104 614 2166 Seduliue
637 2107 732 2166 utitor
781 2113 909 2168 venunt.
933 2106 1014 2167 Satis
1030 2112 1131 2165 autem
1150 2105 1283 2164 insinuat
1296 2102 1345 2162 hic
1361 2121 1473 2162 sermo:

59 2194 304 2253 scemmentario.
342 2190 404 2254 Sed
428 2199 459 2252 et
473 2191 607 2253 Thomna
621 2195 733 2254 meliur
778 2196 943 2271 praecipio
959 2211 1027 2253 non
1043 2209 1113 2268 ree,
1130 2191 1183 2250 sed
1198 2192 1375 2262 Dominus,
1392 2188 1472 2268 Apo·

59 2285 252 2360 utcrpretatur
277 2281 378 2354 meeis
400 2279 612 2340 tolerandum.
653 2278 732 2339 Tale
781 2280 874 2341 stelos
898 2287 929 2339 et
950 2299 1051 2340 eorum
1067 2294 1255 2338 successores
1278 2294 1366 2355 posse
1383 2293 1473 2354 quee-

59 2385 157 2448 1ueque
172 2373 233 2438 est,
250 2363 330 2446 quod
345 2364 376 2425 S.
393 2364 557 2426 Martinam
573 2366 672 2427 dicere
686 2385 731 2425 eo·
780 2365 850 2428 dam
872 2367 1062 2446 praecipere,
1085 2383 1163 2444 quae
1178 2362 1314 2425 Christus
1336 2363 1403 2443 ipse
1420 2380 1474 2441 per

59 2453 122 2513 itum
136 2451 230 2513 refert
240 2450 390 2531 Sulpitius
403 2450 434 2511 in
446 2452 513 2531 ejus
523 2453 596 2523 vita,
612 2451 732 2531 dialogo
781 2474 814 2515 se
828 2474 888 2514 nen
904 2451 1065 2533 proecepit.

59 2542 72 2597 Ι.
91 2540 285 2614 Oenjuqium
297 2539 492 2614 pertinetad
507 2541 645 2615 veniam,
663 2541 732 2598 vir·
831 2543 997 2602 Urercma
1008 2540 1154 2599 virenon
1165 2535 1330 2596 discedere.
1350 2532 1474 2607 Grecos,

59 2629 155 2691 initas
176 2631 298 2702 spectet
313 2624 357 2684 cd
377 2623 534 2703 electam,
557 2627 732 2703 fornicatio
780 2619 823 2704 μὴ
838 2623 1040 2704 χωρισθῆναι,
1055 2643 1123 2686 nen
1137 2625 1303 2700 seperari,
1324 2618 1473 2702 quomodo

59 2713 212 2789 tputetur
245 2711 289 2771 ed
321 2727 470 2787 poenam.
516 2711 734 2774 Oensiderabet
780 2714 855 2793 legit
878 2712 1048 2794 Cyprianus
1071 2731 1136 2791 cap.
1162 2712 1212 2769 90.
1238 2710 1289 2770 lib.
1314 2710 1342 2768 3.
1364 2707 1473 2768 testim.

59 2801 115 2861 uim
130 2799 184 2860 ille
200 2805 319 2858 sanctus
336 2798 515 2877 conjugium,
532 2800 621 2880 quale
637 2820 656 2859 s
669 2798 732 2879 ple·
782 2801 964 2882 Quanquam
988 2797 1062 2859 illud
1088 2797 1220 2878 seperari
1244 2805 1289 2856 eet
1310 2791 1474 2854 discedere.

59 2887 154 2968 isque,
181 2887 300 2945 umetsi
322 2883 497 2945 Christianis
520 2905 556 2946 ac
577 2885 677 2947 Deum
699 2887 732 2947 ti·
781 2887 862 2947 Nem
877 2887 1003 2948 invitam
1018 2886 1150 2965 separari
1163 2904 1223 2942 non
1239 2881 1319 2942 cedit
1336 2881 1391 2943 sub
1406 2899 1473 2959 pro·

59 2973 185 3035 rentibus
212 2972 383 3051 suscipitur.
421 2969 501 3033 Vide
524 2972 630 3042 etiam,
653 2992 734 3052 quae
782 2974 941 3049 bibitione;
964 2972 1084 3033 tametsi
1106 2978 1233 3050 pessunt
1253 2968 1303 3028 hic
1325 2970 1416 3029 etiam
1433 2967 1476 3026 in·

59 3059 114 3123 utra
136 3057 273 3120 dicemus
296 3056 334 3117 ad
356 3077 392 3117 ea
415 3057 510 3117 verba
523 3058 678 3138 Apostoli:
700 3060 734 3121 et
781 3060 877 3139 telligi
892 3060 1058 3140 prohibitae
1073 3057 1245 3118 occasiones
1261 3054 1473 3135 separationis:

59 3149 193 3225 trepens
207 3163 359 3220 uxorem,
374 3162 443 3205 nen
455 3149 602 3220 peccasti.
783 3147 904 3219 heceet,
913 3166 953 3206 ne
960 3166 999 3206 en
1006 3145 1099 3204 iaciat
1106 3152 1159 3204 aut
1167 3143 1336 3217 committat,
1351 3148 1475 3222 prepter

81 3233 163 3295 Illud
179 3231 299 3311 adjicio,
315 3230 472 3293 nonnullos
484 3232 633 3293 ustionem
649 3233 736 3303 hanc,
784 3252 863 3314 quae
873 3234 922 3292 vir
933 3231 1106 3292 camederit
1118 3239 1148 3290 et
1159 3250 1178 3291 a
1189 3249 1222 3291 se
1234 3228 1371 3301 dimittat,
1384 3224 1477 3307 quale

59 3319 80 3383 le
113 3341 177 3403 qua
205 3319 336 3391 Paulus,
370 3318 559 3397 interpretari
595 3318 633 3379 de
667 3321 737 3399 igue
784 3320 913 3381 maxime
930 3326 976 3380 eet
990 3317 1179 3378 adulterium.
1217 3315 1296 3374 Nam
1320 3323 1350 3375 et
1373 3313 1476 3392 hujus·

59 3408 215 3485 ehennae,
241 3413 387 3484 tanquam
413 3423 519 3465 sensus
546 3407 601 3467 sit:
631 3406 738 3468 Melius
785 3405 865 3466 modi
891 3407 1108 3486 separationem
1137 3401 1228 3462 facile
1255 3398 1479 3481 comprehendit

59 3494 225 3566 etnubere,
241 3510 332 3573 quem
348 3489 385 3551 ob
399 3491 490 3552 vitam
502 3495 532 3552 in
543 3490 739 3554 fornicatione
786 3513 855 3575 pars
878 3511 1020 3573 sequens:
1045 3489 1136 3572 Quod
1159 3491 1185 3548 si
1208 3489 1397 3561 discesserit,
1422 3493 1478 3546 etc

59 3592 141 3643 ctam
163 3578 271 3641 erdere
286 3579 317 3638 in
339 3577 486 3657 gehenna.
523 3579 575 3640 Sic
588 3580 688 3640 Fsber
707 3580 739 3639 in
787 3577 1037 3661 quemadmodum
1052 3577 1093 3636 ibi
1108 3574 1317 3637 declarabitur.
1352 3575 1478 3636 Sensus:

59 3667 273 3739 ammentariia,
291 3685 327 3725 ac
341 3684 458 3724 rursum
471 3666 502 3726 in
517 3668 739 3728 examinatione
787 3668 874 3728 Uxor
888 3685 947 3726 nen
963 3671 1083 3744 separet
1093 3682 1134 3737 se,
1150 3683 1211 3722 non
1221 3660 1359 3724 discedet
1373 3682 1391 3721 a
1407 3660 1480 3731 viro,

59 3757 155 3818 terne.
194 3752 331 3812 Meminit
353 3760 384 3811 et
398 3749 550 3826 Sedulius,
572 3753 740 3835 eodemque
787 3755 884 3813 virum
911 3771 996 3812 suum
1022 3769 1060 3810 ne
1088 3750 1251 3830 relinquat,
1281 3769 1336 3810 nec
1362 3747 1480 3809 omnino

59 3842 187 3905 illudunt
200 3837 346 3917 Pelagius
361 3846 392 3898 et
406 3837 578 3900 Primasius.
603 3839 665 3902 Sed
679 3860 739 3901 me·
789 3859 909 3902 causam
925 3838 978 3899 det
993 3838 1199 3919 separationis.

59 3931 98 3992 ito
113 3927 215 4008 rejicit
228 3927 309 3987 hunc
323 3944 443 3985 sensum
455 3928 608 4002 Erasmus,
623 3935 658 3987 ut
671 3927 741 3989 huic
831 3927 968 4006 Respicit
980 3924 1144 4005 Apostolus
1160 3922 1200 3984 nd
1214 3928 1405 4003 praeceptum
1420 3919 1482 3979 De-

59 4036 108 4078 ece
124 4017 225 4077 miuus
240 4019 361 4093 aptum:
378 4031 470 4092 quum
486 4015 559 4074 satie
570 4015 688 4095 liqueat
702 4012 742 4074 de
789 4013 938 4090 minieum,
953 4011 1035 4094 qued
1047 4012 1179 4072 referunt
1189 4020 1252 4071 tres
1265 4007 1482 4086 evengelistae,

59 4103 178 4165 ibidinis
193 4099 333 4161 incendio
349 4119 515 4161 sermenem
531 4121 607 4162 esee.
790 4100 897 4161 Metth.
922 4121 989 4182 cap.
1014 4102 1043 4162 b.
1060 4107 1090 4160 et
1114 4103 1162 4164 19,
1186 4097 1279 4157 Marc.
1302 4114 1368 4174 cap.
1389 4095 1439 4155 10.
1456 4100 1485 4155 et

87 4190 201 4251 1e.1e
215 4193 333 4262 ouum,
350 4189 405 4264 qui
420 4191 625 4251 matrimonio
636 4188 742 4262 iuncti
790 4187 891 4249 Lucas
907 4209 971 4270 cap.
989 4191 1037 4248 16.
1074 4186 1125 4247 Ex
1140 4184 1246 4267 quibua
1268 4182 1341 4241 locis
1361 4183 1436 4245 inter
1453 4200 1486 4240 se
1543 4259 1547 4269 Ι

59 4284 135 4353 tuat,
147 4276 317 4354 praecipio
333 4292 400 4335 nen
417 4293 471 4351 eqo
479 4321 489 4350 ,
505 4276 559 4335 sed
574 4277 742 4337 Dominus.
792 4274 910 4336 collatis
921 4275 997 4335 hsce
1009 4273 1159 4352 colligitur
1169 4269 1320 4331 Dominici
1331 4267 1487 4349 praecepti

59 4363 139 4426 ledit
174 4361 216 4423 sd
252 4361 470 4422 institutionem
506 4364 743 4443 conjugatorum,
791 4362 882 4442 plena
897 4362 1061 4423 sententie:
1077 4380 1137 4420 nen
1151 4359 1243 4420 licere
1256 4356 1322 4416 viro
1337 4357 1487 4418 dimittere

59 4448 404 4515 ertumsdematrimonii
412 4449 636 4512 insolubilitate.
648 4448 742 4511 Grae·
793 4468 931 4520 uxerem,
947 4468 1004 4509 nec
1019 4449 1105 4508 uxori
1119 4447 1232 4518 virum,
1255 4454 1382 4525 excepta
1397 4462 1488 4503 musa
1561 4476 1577 4501 ι

59 4561 82 4603 ιι
95 4539 246 4602 breviter:
265 4539 444 4611 conjunctis
459 4547 566 4599 eutem
578 4539 743 4614 praecipio
794 4535 1011 4598 fornicationis.
1040 4535 1080 4595 et
1094 4541 1155 4593 tam
1170 4533 1270 4592 virum
1284 4531 1447 4604 moechari,
1463 4533 1488 4592 si

59 4647 113 4692 een
130 4644 198 4703 epe,
214 4623 269 4683 secl
284 4626 461 4685 Dominus:
480 4645 534 4705 pro
551 4646 587 4685 eo
603 4624 684 4704 quod
700 4623 744 4684 di·
794 4643 890 4685 uxore
905 4621 1030 4686 dimissa
1050 4620 1142 4682 aliam
1157 4618 1293 4695 duxerit3
1316 4638 1407 4698 quam
1426 4634 1488 4676 mu-

59 4724 141 4792 esee,
162 4732 225 4777 neu
244 4729 302 4792 ego
323 4712 494 4793 praecipio,
516 4711 571 4774 sed
584 4711 744 4788 Dominae,
794 4711 907 4786 lierem,
922 4711 950 4772 si
964 4710 1029 4771 vire
1044 4707 1169 4771 dimisso
1184 4705 1239 4770 elii
1253 4705 1398 4788 nupserit
1430 4701 1488 4766 Ou-
