3254 5190
512 284 675 341 tristem
692 285 732 339 tlt
748 284 901 339 nomos.
917 286 1001 339 VERS.
1018 286 1061 339 27.
1457 291 1505 362 35

60 464 262 526 membrorum
277 463 318 524 ad
328 463 479 525 Venerem
493 463 600 525 abhoc
615 462 761 537 diversus,
809 464 942 521 sanctior
959 470 1022 523 erat
1037 461 1195 541 professio,
1218 470 1280 522 tam
1301 460 1392 523 foeda
1407 467 1504 544 suspi-

60 564 160 614 eoutre
175 561 320 611 naturam
336 559 390 622 est,
406 572 466 612 uon
482 551 578 611 solum
593 570 654 632 qua
667 551 760 609 homi-
809 550 878 608 cari.
901 548 962 609 Sed
983 570 1043 608 non
1065 549 1192 628 putabit,
1215 550 1269 628 qui
1290 550 1380 609 fidem
1395 550 1506 612 habeat

60 658 119 713 nes,
134 637 190 698 sed
206 640 375 718 etiamque
390 638 532 698 animalia
546 657 656 698 sumus.
679 636 760 715 Quo·
808 635 943 715 antiquis
959 645 990 697 et
1004 634 1064 696 fide
1079 635 1178 715 dignis
1194 637 1358 697 autoribus.

60 730 136 787 sire·
156 745 261 804 genus
283 725 343 784 hoc
364 723 496 784 libidinis
516 725 676 805 plusquam
695 724 760 784 bes·
851 722 975 782 Etenim
989 723 1145 783 Socratem
1167 722 1253 782 illum
1275 724 1354 783 inter
1375 723 1504 802 philoso-

60 812 127 873 tiale
149 822 210 872 est.
807 809 884 890 phos
908 809 1147 869 laudatissimum
1181 808 1273 884 hujus
1304 811 1451 883 criminis,
1475 812 1505 871 id

99 898 242 979 Quaeres
258 917 314 958 eur
328 895 470 957 foeminei
490 917 580 958 sexus
595 898 645 957 hic
659 898 759 958 memi·
808 905 854 956 est
876 897 1017 956 obscoeni
1041 895 1267 956 adolescentum
1282 898 1399 970 amoris,
1422 917 1505 958 reum

61 989 146 1055 uerit,
156 1004 232 1043 enm
244 983 284 1044 de
294 982 618 1064 philosophisagerot?
632 983 760 1057 Idcirco,
808 983 926 1044 faciunt
939 1004 1000 1042 non
1015 982 1113 1042 solum
1128 984 1229 1056 nostri,
1245 990 1280 1041 ut
1295 983 1504 1045 Tertullianus

60 1072 195 1143 nifaller,
207 1081 246 1130 ut
256 1071 408 1145 ostendat,
419 1073 606 1149 punitionem
618 1079 650 1131 et
661 1089 760 1131 exem·
808 1072 838 1129 in
853 1069 943 1148 Apol.
960 1069 1108 1130 adversus
1131 1077 1238 1149 gentes
1253 1089 1318 1148 cap.
1335 1072 1386 1130 46.
1407 1079 1437 1129 ιι
1453 1070 1503 1130 lib.

60 1160 256 1239 plavirornm
265 1156 453 1218 redundasse
461 1156 760 1218 etiaminfoeminas.
808 1155 846 1215 de
861 1158 960 1215 anima
976 1175 1041 1235 cap.
1061 1161 1097 1228 1,
1120 1155 1285 1234 Gregorius
1300 1175 1426 1235 quoque
1441 1157 1502 1217 Na·

60 1247 95 1306 ld
109 1248 193 1306 enim
216 1245 355 1305 insinuat
369 1243 486 1304 Graeca
500 1245 608 1304 lectio:
632 1246 716 1304 Nam
731 1252 760 1304 et
808 1244 969 1302 aiauaeuus
984 1247 1103 1302 oratl.
1120 1241 1266 1302 adversus
1282 1243 1450 1317 Julianum,
1473 1252 1505 1303 et

58 1335 224 1433 foeminae
241 1349 354 1391 eonem
369 1338 438 1404 etc,
460 1350 548 1410 quast
538 1330 652 1405 dicat,
672 1331 762 1410 eulpa
809 1329 1170 1389 incarmiuedevirtute·
1186 1349 1292 1389 verum
1306 1331 1396 1390 etiam
1409 1330 1502 1391 Athe·

60 1422 191 1479 morum
206 1419 301 1478 etiarn
315 1417 356 1477 ad
377 1416 523 1476 foeminas
545 1417 761 1497 turpitudinem
807 1436 901 1476 naeus
924 1418 1051 1495 scriptor
1072 1415 1209 1476 ethnicus
1228 1415 1278 1475 lib.
1298 1417 1346 1483 13.
1370 1417 1503 1496 Deipno·

60 1503 760 1584 memquodinssapphopottrianotatur:
807 1504 1025 1582 sophistarum,
1048 1512 1083 1561 ut
1105 1511 1223 1563 taceam
1243 1504 1426 1578 Lucianum,
1449 1507 1503 1583 qui

58 1593 179 1654 tametsi
192 1611 266 1651 mox
280 1590 361 1651 redit
374 1589 413 1650 ad
428 1593 517 1650 viros.
808 1590 962 1651 Socratem
985 1590 1041 1649 boc
1065 1591 1183 1650 uomina
1207 1609 1301 1669 saepe
1329 1591 1503 1665 insectatur,

99 1683 151 1740 27.
176 1678 336 1740 Similiter
358 1685 467 1737 uatem
490 1685 519 1736 et
539 1679 685 1754 marculi,
709 1697 760 1737 re·
808 1679 971 1756 praecipue
987 1687 1017 1736 et
1039 1677 1229 1755 apertissime
1248 1678 1279 1736 in
1302 1676 1431 1757 dialogo,
1455 1680 1505 1740 cui

62 1767 133 1827 licto
164 1765 318 1826 natarali
347 1783 408 1824 ιιιιι
435 1765 606 1842 foeminae.
644 1764 761 1826 Graece
809 1764 917 1825 titulus
939 1764 1074 1824 Amores.
1118 1764 1161 1822 Et
1183 1762 1306 1842 quidem
1328 1765 1504 1827 Athenaeus

59 1847 235 1930 ὁμιίυςτε,
248 1852 466 1927 similiterque.
481 1852 635 1931 Interpres
647 1872 701 1931 pro
715 1868 759 1927 τε,
809 1853 901 1912 etiam
922 1850 1120 1911 Aristotelem
1143 1859 1238 1930 atque
1261 1852 1413 1913 Zenonem
1436 1873 1504 1913 cum

60 1941 131 2019 legit
144 1931 193 1998 dt.
215 1937 280 1999 Sed
302 1937 342 1997 ad
364 1957 486 1998 sensum
500 1939 574 1998 nihil
596 1959 674 2018 pene
688 1938 762 1998 facit
809 1959 865 1998 sua
880 1939 1049 1999 Stoicorum
1072 1936 1183 1997 familia
1202 1939 1397 2016 turpitudinis
1411 1940 1504 2018 hujus

60 2027 248 2087 eararietas.
271 2026 412 2105 Suntque
423 2025 543 2085 codices
554 2027 609 2107 qui
620 2034 761 2086 neutrum
808 2027 970 2086 insimulat.
994 2027 1059 2086 Nec
1073 2024 1188 2085 Zenoni
1203 2025 1259 2084 hae
1275 2027 1305 2085 iu
1320 2046 1353 2086 re
1366 2029 1505 2107 pepercit

61 2114 200 2174 bbeant
808 2113 961 2191 Diogenes
977 2113 1125 2184 Laertius,
1147 2113 1205 2172 etsi
1219 2114 1286 2191 ipse
1301 2132 1424 2193 quoque
1439 2115 1504 2193 phi·

100 2201 342 2262 Exaruerunt
330 2217 368 2258 m
390 2198 552 2258 desideriis
573 2201 688 2259 saisire
706 2203 760 2259 iu·
808 2199 997 2279 losophuer'
989 2219 1049 2258 ιιιο
1064 2217 1121 2258 ιιι
1135 2198 1265 2271 ΡΙιιοιί,
1289 2202 1429 2277 quamvis
1443 2209 1505 2260 tam

62 2292 166 2348 tieem
183 2285 378 2346 tinecenou
390 2289 473 2358 est,
460 2305 496 2345 m
512 2285 674 2345 desideriis
685 2289 759 2362 auis,
809 2287 976 2346 sublimiter
991 2285 1118 2358 erudito,
1142 2293 1176 2342 ut
1190 2285 1251 2344 div'
1223 2304 1309 2345 vruus
1333 2289 1504 2388 agnomina·

61 2372 129 2434 red:
150 2365 186 2432 ιν
200 2370 246 2450 τῇ
268 2362 339 2448 ὀρίξ
340 2387 368 2428 ιι
390 2365 501 2447 αὐτῶν,
524 2375 561 2432 iu
576 2376 761 2448 appetentia
809 2383 907 2433 ιιιιιι
930 2375 1053 2432 tametsi
1068 2371 1254 2431 Platonem
1245 2373 1304 2451 rpsi
1320 2375 1367 2432 sui
1383 2373 1503 2452 dialogi,

61 2464 108 2520 ιιι
122 2464 282 2537 ipsoram,
298 2457 330 2518 id
345 2467 394 2519 ιιι
407 2466 520 2530 mutua,
536 2457 619 2538 quod
630 2459 760 2539 explica·
809 2469 843 2520 ut
858 2459 896 2519 ab
911 2479 947 2519 eo
964 2460 1124 2538 conscripti
1137 2467 1218 2530 suut,
1240 2461 1313 2518 satis
1329 2470 1505 2540 suspectum

10 2578 13 2609 l
62 2545 410 2628 turpartesubJuneta
396 2564 433 2604 m
444 2564 591 2619 recreem,
605 2547 670 2606 sive
683 2546 761 2605 alius
808 2547 934 2606 faciunt.
957 2546 1005 2606 De
1028 2564 1089 2625 quo
1111 2554 1270 2624 praeterea
1292 2545 1383 2606 refert
1405 2548 1504 2608 Theo·

10 2632 12 2699 ζ
63 2635 206 2693 inalium
222 2631 760 2712 Etampliusperidquodsequitur.
809 2635 933 2694 doretus
957 2634 987 2692 in
1009 2631 1085 2691 libro
1108 2632 1147 2692 de
1170 2631 1299 2710 legibus,
1322 2635 1376 2712 qui
1399 2644 1447 2694 est
1467 2634 1506 2694 de

102 2718 245 2782 naumis
275 2721 312 2778 ia
339 2719 496 2779 mesauloe
525 2719 760 2794 turpitudinem
810 2721 1061 2781 Graecaniearum
1076 2718 1268 2778 allectionem
1283 2722 1438 2781 curatione
1452 2742 1504 2782 no·

63 2813 240 2882 operantes.
264 2803 380 2865 Graece
394 2796 662 2882 κατεργαζόμενοι,
679 2804 761 2886 quod
809 2827 874 2879 nus,
897 2825 966 2865 eum
988 2807 1066 2864 inter
1087 2805 1146 2864 alia
1168 2805 1263 2866 multa
1285 2810 1388 2885 turpia
1409 2816 1441 2867 et
1454 2809 1505 2868 ab·

63 2914 119 2954 uon
138 2891 322 2973 simpliciter
344 2900 400 2965 est,
422 2900 600 2968 operantes,
624 2891 677 2953 sed
701 2902 761 2951 stu·
809 2892 908 2965 surda,
931 2912 1011 2972 quae
1026 2891 1143 2972 legibus
1167 2893 1282 2963 statuit,
1306 2895 1397 2954 etiam
1414 2896 1503 2955 istam

62 2979 144 3041 diosa
167 2986 203 3039 et
223 2980 362 3056 impense
388 2989 564 3059 operantes,
594 2987 629 3038 ut
651 2978 762 3039 Graeci
809 2999 970 3060 puerorum
992 2998 1084 3057 quam
1106 2988 1216 3039 vocant
1237 2970 1384 3059 ἐρωτικήν
1407 3000 1505 3060 usque

65 3072 311 3147 ntsrpretantur.
332 3065 478 3124 Erasmus
497 3068 598 3137 vertit,
618 3066 760 3143 foedita—
809 3067 885 3126 adeo
905 3064 1053 3138 laudasse,
1076 3073 1110 3125 ut
1132 3066 1200 3125 huic
1222 3068 1316 3126 amori
1338 3069 1504 3147 praemium

63 3162 122 3212 terr
140 3158 378 3229 perpetrantes.
400 3152 494 3211 Porro
512 3150 610 3212 rideri
633 3153 761 3231 cuipiam
809 3153 892 3232 apud
907 3151 1028 3213 caelites
1044 3154 1240 3231 promitteret.
1264 3155 1368 3232 Atque
1383 3155 1432 3214 hic
1447 3156 1502 3215 sci-

64 3248 165 3319 μοι
185 3237 371 3318 Apostolum
400 3237 456 3297 hac
485 3247 588 3317 parte,
616 3239 762 3298 similiter
809 3241 882 3299 licet
896 3240 948 3299 ille
964 3238 1084 3298 divinus
1107 3248 1154 3298 est
1167 3238 1266 3310 Plato,
1289 3247 1335 3298 tot
1350 3243 1505 3321 tantisque

65 3334 169 3387 Μαι
187 3335 249 3385 ιιι
265 3344 326 3384 non
340 3325 496 3404 speciatim
512 3324 597 3405 loqui
611 3324 650 3385 de
666 3325 759 3404 philo·
811 3346 934 3387 suorum
950 3326 1093 3385 encomiis
1109 3324 1288 3384 celebratus.

64 3412 174 3493 septis,
197 3410 256 3471 sed
269 3411 301 3470 in
315 3429 425 3490 genere
443 3410 481 3470 de
496 3430 571 3471 sexu
586 3411 760 3485 masculino,
854 3412 941 3472 Addo
965 3411 1048 3491 quod
1071 3411 1108 3470 de
1128 3410 1270 3489 Lycurgo
1292 3422 1506 3474 commemorat

64 3501 154 3579 quiin
166 3497 223 3559 ffla
233 3515 327 3557 coeca
338 3495 507 3576 gentilitate
520 3507 586 3559 erat
596 3498 653 3557 hoe
668 3498 760 3558 infan-
811 3498 918 3560 eodem
932 3499 1008 3558 libro
1024 3497 1244 3568 Theodoretus‚
1260 3504 1291 3556 et
1306 3499 1388 3578 quod
1402 3500 1441 3561 de
1452 3501 1506 3560 So

104 3672 225 3733 Putant
245 3670 338 3730 etiam
359 3670 496 3731 nonnulli
510 3671 639 3731 Paulum
661 3673 709 3732 hie
732 3679 764 3731 et
812 3693 865 3734 eos
881 3672 941 3730 lata
953 3671 1020 3751 lege
1032 3673 1180 3732 Venerem
1191 3671 1366 3748 hujusmodi
1380 3676 1442 3734 suis
1454 3693 1506 3753 po·

67 3760 95 3818 in
105 3776 200 3819 versu
210 3755 416 3838 praecedente
427 3760 578 3837 respicere
588 3757 628 3817 ad
640 3758 762 3819 obseoe·
813 3759 892 3839 pulis
907 3759 1086 3837 permisisse,
1109 3760 1168 3818 uisi
1181 3755 1264 3837 quod
1279 3778 1384 3819 servos
1399 3761 1438 3820 ab
1450 3761 1507 3820 hoc

66 3847 193 3906 marem
207 3862 363 3903 merorum
384 3844 551 3922 gentilium,
565 3844 652 3904 velut
661 3846 764 3905 Liberi
812 3846 958 3906 beneficio
975 3844 1068 3905 Solon
1085 3845 1223 3905 exclusos
1238 3844 1344 3905 voluit
1370 3845 1432 3924 Qui
1446 3845 1507 3907 duo

67 3934 159 4011 patris
173 3929 366 4009 etOybeles,
387 3931 552 4012 inquibus,
573 3940 609 3990 ut
630 3931 766 3992 referunt
814 3951 991 4012 quanquam
1024 3952 1083 3993 non
1119 3930 1292 4011 philosophi
1321 3932 1508 4011 professione

68 4017 212 4088 hbtoriei,
234 4017 339 4095 turpia
353 4016 503 4096 quaedam
518 4027 549 4078 et
563 4017 693 4078 nefanda
708 4018 764 4078 sub
814 4018 909 4090 fuere,
925 4019 977 4079 sed
990 4018 1180 4098 legislatores
1192 4019 1295 4091 officio,
1310 4019 1393 4098 leges
1409 4028 1508 4079 tamen

67 4104 220 4165 velamina
228 4104 444 4182 mysteriorum
455 4105 630 4184 agebantur.
654 4104 766 4164 Verum
816 4125 918 4165 eorum
940 4106 1110 4184 philosophi
1133 4104 1352 4165 laudaverunt:
1378 4126 1509 4185 quorum

69 4199 102 4249 ιι
112 4193 209 4251 et’mm
223 4189 274 4249 hie
296 4189 380 4249 loeus
397 4189 436 4251 de
456 4190 642 4271 philosophis
657 4190 765 4252 iutelli-
815 4191 920 4251 itidem
935 4193 1046 4252 multos
1058 4191 1149 4253 libros
1165 4193 1256 4252 bocca
1267 4193 1369 4252 morbo
1382 4193 1509 4253 refertos

70 4286 164 4356 gater,
186 4277 327 4356 postulat
348 4277 443 4336 series
461 4275 687 4358 disputationis:
711 4296 768 4337 ιιι
816 4280 952 4351 inveniri,
965 4279 1184 4339 testaturidem
1194 4278 1443 4357 chrysostomum
1459 4279 1510 4339 de·

70 4362 108 4423 ed
128 4363 269 4424 diversos
290 4362 397 4423 referri
418 4362 568 4442 permittit
587 4365 661 4436 hoe,
684 4362 768 4444 quod
816 4367 909 4444 nique
925 4367 1048 4444 quasin
1062 4366 1238 4426 universum
1249 4366 1441 4426 accusathoc
1456 4367 1510 4426 cri·

71 4447 214 4530 deinceps
239 4451 392 4530 seqnitur,
422 4446 462 4509 de
485 4451 626 4512 mercede
651 4448 768 4511 reddita
816 4452 1065 4511 mineLucianus.
1080 4451 1182 4512 Pudet
1193 4452 1268 4511 haec
1278 4451 1512 4532 attingere3sed

71 4535 136 4610 illis,
148 4539 207 4615 qui
219 4554 291 4597 non
303 4535 528 4613 probaverunt
539 4539 643 4598 Deum
654 4537 768 4597 tabere
817 4545 919 4598 tamen
932 4557 1054 4599 necesse
1066 4536 1124 4598 fuit
1134 4548 1259 4618 propter
1270 4538 1404 4618 aliquam
1420 4539 1512 4618 hujus

73 4624 242 4685 ieaotitio.
266 4623 337 4684 Nisi
348 4621 430 4684 forte
440 4623 509 4702 quis
519 4622 769 4704 indignumputct
818 4622 886 4696 loci,
909 4643 998 4704 quem
1016 4627 1204 4704 exponimus,
1227 4625 1468 4686 illustrationem.

74 4706 111 4769 de
129 4709 335 4791 philosoplis,
364 4710 546 4790 praesertim
575 4709 612 4771 iis
641 4729 769 4791 qnorum
864 4712 908 4772 Et
922 4712 1096 4772 mercedem
1117 4731 1217 4788 quum
1239 4716 1382 4790 oportuit
1396 4714 1514 4775 erroris

1260 4808 1308 4880 ὃ*
