3254 5190
375 298 541 353 aristatas
558 298 598 352 All
616 295 764 353 salttum.
799 298 884 352 VERS-
901 301 944 354 29.
961 303 1003 354 29.
1021 302 1064 354 99»
1392 302 1439 374 75

73 476 201 547 virtuto,
216 475 272 536 sed
284 475 398 537 Christi
412 476 515 539 merito
527 477 620 554 gratis
632 477 697 555 jus·
745 476 852 536 ebriati
875 475 1006 537 Genesis
1022 497 1087 556 cap.
1105 479 1147 549 9.‚
1169 477 1325 537 Samsonis
1346 495 1440 536 mere·

73 561 107 620 r'a
131 561 214 621 Nam
224 562 254 622 id
262 564 359 642 ipsum
368 562 506 641 agnoscit
514 571 544 621 et
551 571 697 641 protesta-
745 564 851 622 tricem
859 566 986 623 amantis
994 563 1140 623 «iudicum
1152 565 1292 642 caprlt,
1309 561 1440 621 Davidis

73 668 93 719 s,
117 650 176 728 qui
196 650 227 708 in
243 648 400 708 Christum
422 648 532 724 credit;
556 668 614 729 qua
630 651 696 729 qui·
745 649 891 709 insaniam
910 650 1085 722 simulantis,
1106 654 1120 709 1
1135 650 1252 729 Regum
1264 669 1329 728 cap.
1343 650 1393 708 21.
1408 656 1441 709 et

73 736 239 813 agnitione
254 737 286 795 in
297 756 383 815 spem
396 742 521 806 erectus,
537 734 696 815 fidensque
745 736 889 796 aliorum:
906 736 1157 815 quemadmodum
1172 737 1308 796 vicissim
1322 754 1377 814 per
1391 753 1440 793 ac-

73 840 92 880 u
115 823 180 880 sibi
203 831 327 902 propter
350 820 506 881 Christum
528 823 696 901 propitium
744 821 953 896 tiouesbonas,
972 821 1438 902 cujusmodimultaeerantqui·

76 918 233 988 provocat
248 928 321 987 erga
336 928 368 966 se
382 908 620 968 misericordiam
636 909 696 968 Dei
743 910 800 968 bus
807 909 997 969 immunditia
1003 909 1109 988 legalis
1116 908 1355 980 contrahebatur,
1361 907 1440 966 mala

73 994 284 1073 spertiendum
300 996 360 1074 ipsi
370 995 594 1073 justificationis
606 996 695 1054 bene·
745 1003 774 1055 et
786 994 938 1055 immunda
948 1015 1040 1075 opera
1052 998 1156 1076 typice
1167 992 1439 1074 siguificataluerc.

73 1100 107 1139 u:
123 1083 206 1141 sicut
217 1083 368 1161 inquarta'
379 1082 496 1140 ratione
512 1083 623 1141 dictum
639 1089 694 1140 est.
787 1080 956 1142 Dicendum
971 1083 1106 1162 proinde,
1123 1082 1236 1141 nullam
1252 1082 1283 1141 in
1298 1100 1336 1140 ea
1348 1080 1440 1139 Pauli

73 1166 130 1226 uod
146 1186 222 1226 vcro
246 1170 368 1227 sectarii
388 1166 505 1240 docent,
527 1188 582 1248 per
604 1166 696 1227 fidem
744 1167 879 1227 doctrina
901 1187 966 1228 esse
986 1170 1227 1248 repugnantiam,
1251 1167 1441 1247 quoniamst

73 1272 168 1312 ‚usam
184 1252 337 1313 fonnalem
352 1275 408 1314 nos
424 1256 594 1332 justificari,
618 1255 697 1314 sicut
744 1254 821 1315 fides
836 1255 903 1333 ipsa
917 1256 1011 1334 gratis
1026 1254 1122 1327 datur,
1146 1264 1291 1334 tanquam
1302 1254 1439 1331 justitiae

73 1341 110 1398 sit
133 1340 196 1398 alia
217 1351 321 1399 nostra
339 1341 467 1418 justitia,
491 1361 581 1421 quam
602 1340 695 1416 lides3
744 1362 814 1422 pars
839 1341 988 1419 quaedam
1015 1341 1153 1415 initIalis,
1175 1349 1209 1401 nt
1232 1347 1304 1401 aute
1324 1339 1439 1399 dictum

73 1445 135 1484 ram
152 1427 195 1484 sit
210 1427 342 1486 alienum
358 1447 377 1485 a
391 1435 489 1487 mente
502 1427 600 1499 Pauli,
622 1429 696 1487 satis
745 1436 801 1488 est.
824 1426 903 1487 Nam
923 1427 998 1488 fides
1021 1448 1081 1488 uon
1105 1427 1201 1488 solnm
1223 1428 1349 1506 gratiam
1371 1426 1439 1498 Dei,

73 1512 129 1571 tdit
143 1512 200 1571 illa
215 1511 327 1572 dudum
342 1514 381 1572 ab
398 1533 435 1573 eo
447 1516 613 1593 praemissa
629 1532 695 1573 sen·
745 1534 807 1594 qua
829 1513 1044 1590 justificamur,
1066 1516 1203 1594 agnoscit
1227 1522 1257 1572 et
1282 1515 1438 1592 impetrat:

73 1618 107 1657 a:
143 1600 297 1659 Factores
322 1600 399 1675 lepis
424 1600 695 1678 justificabuntur.
744 1600 799 1661 sed
823 1607 853 1660 et
875 1619 940 1660 eam
960 1602 1088 1662 inchoat.
1116 1601 1174 1660 Est
1196 1601 1277 1660 enim
1298 1598 1383 1671 fides,
1406 1608 1441 1658 ut

73 1706 93 1742 :r
110 1694 276 1763 utrumque
297 1686 502 1746 confitendum
520 1695 582 1746 ast:
605 1685 697 1746 facto·
745 1689 787 1746 sic
803 1686 909 1759 dicam,
931 1689 1048 1766 gratiae
1063 1688 1123 1746 Dei
1143 1708 1198 1769 per
1213 1685 1363 1747 Christum
1377 1685 1440 1746 lilia

73 1773 140 1850 egis
153 1772 336 1849 justificariJ
358 1793 414 1832 uec
429 1782 527 1834 tamen
545 1793 584 1834 ex
598 1776 696 1852 operi·
745 1774 953 1852 primogenita.
965 1775 1031 1834 Nec
1042 1794 1116 1834 vero
1128 1792 1257 1853 prorsus,
1268 1780 1305 1832 ut
1314 1779 1439 1852 oportet,

73 1858 152 1938 logis
176 1878 361 1939 quemqnam
379 1860 547 1938 justificari,
570 1859 624 1919 sed
642 1879 698 1939 por
746 1861 815 1939 quis
826 1858 920 1918 credit
931 1879 964 1919 se
975 1863 1068 1939 gratis
1076 1861 1243 1940 justificari,
1266 1860 1323 1920 nisi
1336 1858 1439 1918 credet

73 1965 91 2004 ι.
114 1944 189 2003 Nou
206 1947 286 2004 enim
308 1946 437 2006 factores
453 1947 528 2024 legis
544 1966 584 2005 ex
599 1949 697 2026 operi·
746 1954 777 2006 et
793 1947 886 2025 ipsam
902 1946 998 2019 fidem,
1014 1967 1075 2026 qua
1086 1947 1276 2024 justificatur,
1291 1963 1359 2006 esse
1372 1922 1452 2024 gra,

73 2032 152 2110 agia,
170 2030 226 2090 scd
243 2052 281 2091 ex
294 2031 518 2112 operibusfidei
528 2034 697 2111 justificen-
745 2035 855 2092 tuitnm
876 2033 935 2092 Dei
959 2032 1079 2092 donum.
1110 2034 1148 2093 ld
1171 2031 1253 2113 quod
1278 2033 1440 2111 perspicue

73 2119 273 2196 quantumvis
288 2120 318 2177 iu
338 2119 462 2197 justitia
484 2122 696 2198 promoverint.
746 2119 834 2178 docet
843 2117 1008 2197 Apostolus
1020 2120 1131 2199 Ephes.
1145 2125 1172 2181 2.
1188 2120 1239 2179 ubi
1252 2139 1317 2178 cum
1329 2125 1439 2178 utrum-

74 2205 117 2262 im
133 2205 229 2263 etiam
245 2206 277 2262 io
292 2205 349 2264 hoc
364 2205 431 2265 loco
450 2205 697 2283 justificationem
745 2224 804 2284 que
826 2206 1043 2283 conjunxisset,
1066 2205 1207 2267 dicendo:
1233 2205 1347 2266 Gratia
1371 2208 1441 2265 estis

73 2290 182 2349 taliter
196 2292 297 2369 accipi
312 2290 387 2350 nihil
403 2299 494 2365 vetat,
516 2301 551 2351 ut
566 2313 697 2371 compre·
744 2294 865 2352 salvati
887 2310 946 2368 per
972 2292 1084 2367 fldem,
1109 2294 1207 2354 statim
1232 2290 1270 2350 de
1292 2291 1351 2350 lide
1372 2290 1439 2350 sub·

73 2383 110 2436 at
123 2395 322 2456 progressum
342 2385 373 2435 et
394 2387 589 2457 augmentum
607 2380 697 2458 justi·
740 2380 861 2457 junxit:
885 2381 929 2439 Et
943 2379 1002 2438 hoo
1017 2398 1085 2439 ιιοιι
1100 2398 1139 2440 aa
1153 2379 1251 2453 vohis,
1276 2380 1339 2438 Dei
1354 2381 1440 2437 cotim

96 2461 137 2521 de
164 2481 227 2542 quo
253 2464 485 2543 scriptumest:
510 2467 571 2542 Qui
593 2470 698 2540 justas
745 2466 870 2525 donam
884 2472 939 2523 cst.

73 2549 259 2624 testificetur
274 2550 485 2630 adhaoApoc
500 2553 550 2612 22.
567 2552 698 2632 Semper
789 2554 839 2613 29
864 2555 918 2612 Aa
943 2551 1149 2614 Judacomm
1176 2553 1262 2611 Deus
1287 2551 1440 2610 tantam?

73 2634 313 2714 jactandum
305 2657 335 2696 m
350 2637 407 2696 hoc
423 2637 543 2697 saeculo
559 2640 643 2712 vivit,
660 2658 699 2700 ex
746 2641 861 2699 Nonae
887 2646 917 2698 ct
942 2640 1107 2713 acutiam?
1137 2640 1208 2698 Imo
1234 2645 1264 2698 ct
1288 2641 1440 2713 pontiam.

73 2722 166 2781 vivit.
746 2724 877 2785 Graecoe
900 2733 981 2785 certa
1004 2733 1033 2785 ct
1058 2729 1212 2801 pontiam.
1241 2724 1354 2785 Sensus
1377 2732 1440 2783 est:

73 2809 273 2868 dextremum
283 2811 537 2889 quaeroteliqnis,
546 2812 697 2890 quomodo
746 2812 852 2886 Deum,
875 2811 958 2893 quod
973 2811 1012 2871 ad
1027 2811 1204 2873 beneficium
1227 2812 1334 2872 attinet
1352 2811 1440 2890 justi·

73 2912 114 2953 ua
128 2895 220 2955 modo
235 2914 289 2976 per
302 2896 400 2968 iidem,
423 2896 511 2957 modo
527 2901 620 2977 gratis
632 2900 698 2976 jus·
746 2899 806 2958 tiae
826 2907 856 2958 et
878 2899 983 2959 salutis
1004 2909 1160 2970 aeternae,
1183 2917 1244 2958 non
1266 2898 1362 2957 solum
1385 2897 1440 2958 Ju-

73 2984 108 3041 tri
123 3003 181 3042 uos
204 2982 314 3053 diceus,
336 3003 397 3043 non
418 2984 483 3062 ipse
506 3005 608 3044 secum
623 3005 697 3064 pug-
746 2983 887 3044 daeorum
902 2987 1000 3045 Deum
1021 3005 1095 3060 esse,
1118 3002 1222 3045 verum
1239 2985 1441 3063 etiamgenti·

82 3071 221 3129 maxime
243 3071 271 3128 ei
293 3069 325 3129 in
347 3069 406 3129 lide
429 3071 594 3130 secundum
613 3091 696 3151 prae·
746 3070 833 3144 linm3
854 3073 953 3150 utqui
977 3091 1075 3151 aequo
1096 3073 1154 3131 sint
1168 3072 1228 3132 Dei
1243 3079 1380 3130 creatura
1394 3091 1439 3131 ra·

73 3182 78 3212 ι
110 3155 307 3215 statuendum
337 3157 378 3214 sit
407 3156 531 3235 aliquod
558 3159 696 3216 meritum
745 3158 837 3217 tionis
853 3177 959 3237 capax,
983 3167 1014 3217 et
1029 3158 1068 3216 ad
1083 3177 1245 3236 supernam
1263 3156 1440 3218 felicitatem

73 3241 234 3302 ficationis.
272 3241 404 3322 Quidam
430 3244 500 3303 huic
526 3246 697 3322 quaestioni
745 3243 899 3320 ordinata,
922 3263 979 3303 nec
994 3263 1119 3304 necesse
1135 3247 1179 3304 eis
1195 3246 1233 3304 sit
1246 3264 1301 3325 per
1315 3245 1439 3304 circum·

73 3329 161 3388 aliter
177 3330 314 3389 satisfieri
327 3348 416 3407 posse
431 3339 548 3409 putant,
564 3332 621 3390 nisi
634 3351 696 3390 me·
744 3331 886 3390 cisionem
900 3329 1050 3391 Judaicae
1064 3333 1178 3390 nationi
1192 3332 1385 3409 iumrporori,
1407 3339 1440 3390 ut

73 3436 85 3474 1
102 3414 160 3475 hoc
181 3415 350 3475 inficiando.
371 3416 489 3475 Dicunt
511 3418 590 3477 enim
606 3417 696 3476 fidem
740 3419 877 3496 justitiae
889 3418 948 3476 Dei
960 3419 1122 3497 participes
1133 3417 1214 3476 fiant.
1239 3417 1328 3497 Quod
1340 3417 1438 3477 decla-

73 3502 192 3562 nudam
207 3502 418 3575 conditionem,
434 3523 524 3582 quam
537 3503 624 3563 Deus
635 3505 696 3564 exi·
744 3511 811 3563 rant
826 3503 920 3563 verba
937 3506 1106 3582 sequentia.

73 3588 103 3648 sb
119 3587 240 3648 homine
261 3589 480 3668 praestandam,
501 3590 527 3649 si
542 3591 619 3651 velit
630 3591 695 3669 jus·
788 3591 838 3650 30.
863 3593 1023 3692 Quoniam
1039 3590 1167 3692 quidem
1181 3607 1266 3649 ιιιιιιι
1282 3598 1325 3649 est
1343 3593 1438 3664 Deae,

73 3676 123 3733 ui:
146 3677 228 3734 sicut
242 3684 308 3735 erat
322 3684 464 3755 aspectus
480 3679 630 3755 serpentls
647 3697 694 3736 ae·
744 3696 798 3753 qut
793 3677 967 3752 'justificat
982 3679 1252 3737 circumcisionem
1268 3695 1306 3736 ea
1321 3677 1394 3752 fille,
1412 3685 1440 3736 ct

73 3763 105 3834 is,
117 3781 196 3842 quos
204 3762 441 3823 momorderunt
434 3764 522 3842 rgnrtr
531 3773 694 3844 serpentes
740 3767 949 3840 praeputium
960 3783 1019 3840 per
1027 3765 1131 3840 fldem
1143 3763 1316 3838 Justiflcat,
1324 3762 1440 3822 Graece

73 3864 121 3908 ar.
138 3849 189 3908 21.
212 3848 282 3908 Hac
298 3850 375 3908 euim
391 3858 519 3909 utuntur
542 3870 694 3930 compara
742 3851 886 3924 futurum,
913 3842 1069 3908 δικαιώσει
1098 3848 1291 3928 justificabit3
1323 3850 1439 3909 Latinis

73 3958 88 4006 ι,
103 3934 190 3994 velut
205 3943 381 4014 argumento
396 3936 435 3996 ad
446 3956 508 3995 rem
520 3937 693 4016 figuratam:
743 3896 989 3997 etiamnohuullis
998 3934 1241 3998 assentientibus.
1257 3937 1309 3996 Es
1320 3936 1392 4013 ilde,
1409 3946 1440 3997 et

73 4041 83 4080 ι
73 4020 249 4081 videlicet
264 4031 407 4103 aspectus
420 4023 472 4083 ille
484 4043 545 4082 non
555 4022 695 4084 debuerit
739 4043 800 4101 per
814 4022 919 4099 fldem,
933 4044 1000 4083 ιιοιι
1013 4024 1057 4082 ad
1069 4025 1213 4099 aliquam
1225 4023 1438 4100 differentiam

74 4126 145 4167 cum
159 4107 333 4169 obedientia
348 4111 545 4188 conjunctus3
562 4109 694 4191 ideoque
743 4112 862 4171 dictam
880 4118 935 4186 cst,
959 4112 1012 4171 scd
1027 4112 1070 4171 ad
1093 4115 1282 4170 varietatem
1305 4111 1438 4169 locutio·

73 4213 87 4254 ι
110 4194 335 4274 impetrationis
358 4216 393 4255 ac
415 4197 514 4257 meriti
541 4197 692 4275 quandam
742 4203 809 4272 uis,
834 4198 878 4256 ait
903 4197 1092 4277 Augustinus
1114 4197 1190 4256 libro
1221 4195 1259 4255 de
1281 4197 1386 4275 spiritu
1408 4207 1439 4256 et

73 4300 138 4341 nem
161 4281 318 4358 habuerit;
341 4290 395 4341 aut
416 4284 503 4361 quasi
525 4282 622 4362 figura
643 4281 693 4342 de·
741 4285 829 4345 litera
840 4285 939 4361 capite
953 4290 1011 4357 29,
1023 4305 1058 4344 ac
1069 4283 1159 4342 docte
1171 4281 1354 4342 demonstrat
1366 4282 1439 4343 alio·

73 4370 235 4453 peromnia
246 4366 429 4447 respondere
440 4369 581 4448 figurato:
599 4388 692 4448 quum
741 4391 804 4431 rum
826 4368 960 4430 locorum
983 4370 1151 4430 collatione.
1186 4368 1264 4428 Nam
1287 4377 1317 4427 et
1336 4377 1439 4428 contra

73 4462 119 4528 tat,
133 4476 170 4514 ac
184 4455 293 4515 multis
306 4455 452 4533 exemplis
472 4455 574 4515 doceri
589 4456 692 4535 possit,
741 4456 878 4518 Judaeos
890 4457 1043 4536 perfidem
1054 4456 1223 4535 justificari,
1239 4465 1269 4516 et
1280 4462 1387 4535 gentes
1399 4474 1438 4514 ex

73 4562 84 4603 ι
97 4562 153 4623 par
166 4545 306 4602 actiones
321 4541 416 4601 malas
431 4543 583 4603 interdurn
599 4544 692 4602 actio·
741 4543 808 4617 lide,
823 4551 952 4603 testatur
966 4544 1045 4604 idem
1060 4541 1225 4622 Apostolus
1241 4541 1307 4602 Gal.
1321 4545 1350 4602 2.
1366 4550 1397 4601 et
1407 4543 1436 4601 3.

73 4648 152 4690 tonas
168 4639 201 4690 et
218 4636 343 4689 sanctas
366 4630 396 4688 in
419 4632 564 4708 mysterio
586 4631 691 4707 praefi·
741 4631 907 4708 Distinguit
922 4630 1043 4708 quidem
1067 4630 1140 4690 haec
1161 4629 1219 4689 duo
1235 4628 1348 4690 Paulus
1363 4629 1436 4688 Bur·

73 4727 110 4779 as
132 4717 239 4780 fuisso
273 4715 428 4794 Exempla
455 4725 526 4777 sunt
551 4715 619 4777 Noe
647 4717 690 4776 in·
739 4718 893 4800 gensisex
905 4718 1094 4781 Tarantasia.
1117 4717 1437 4802 Distingueroconan·
