3254 5190
379 276 539 332 srlsrouss
557 277 596 330 su
615 277 767 335 ROMANOS.
801 277 885 330 VERS.
902 281 926 331 3.
1300 282 1371 353 169

73 453 90 511 b
114 445 221 529 νόμου,
245 452 352 514 idest:
376 456 458 513 Nam
480 456 626 529 impossi-

73 563 85 598 ι
109 541 170 600 Pro
186 559 247 619 quo
265 540 392 600 Tertull.
409 541 459 600 lib.
476 539 514 598 de
529 560 625 601 resur·

73 628 175 687 urnis
191 646 257 705 cap.
273 630 340 688 te:
364 628 455 705 Quod
472 629 556 686 enirn
573 631 625 686 in·

99 720 171 773 not
195 714 279 787 legis.
309 714 370 773 Sed
394 724 424 773 et
445 712 528 793 apud
548 735 625 773 com·

73 818 123 860 em
159 800 246 859 Amb.
285 802 435 878 genitivus
466 809 511 861 est
541 801 625 876 legis.

97 885 180 945 hunc
205 887 303 945 locum
328 887 556 966 paraphrastice
582 890 625 948 ita

82 973 216 1033 Etenim
223 974 310 1048 quod
321 976 372 1034 lea
379 981 546 1051 praestare
558 993 625 1034 nort

77 1078 118 1118 ea
143 1068 255 1134 parte,
278 1079 342 1135 quc
367 1060 531 1119 imbecillis
556 1068 625 1120 crat

73 1163 149 1206 rem.

73 1233 211 1313 Apostoli
226 1233 283 1292 hoc
299 1234 364 1292 loco
381 1242 436 1306 est,
453 1234 509 1293 etsi
524 1234 624 1293 verbis

73 1320 152 1380 ribus
168 1340 324 1398 expressa,
346 1319 377 1379 id
399 1320 485 1379 nobis
501 1323 623 1401 praesti·

73 1407 211 1485 gratiam,
235 1404 315 1486 quod
330 1406 380 1466 lex
394 1417 548 1486 praestare
564 1428 623 1467 non

73 1493 115 1552 rbi
129 1491 229 1572 legem
246 1491 569 1570 intelligitMosaicarn,
585 1494 623 1553 de

74 1589 124 1639 rat
139 1600 203 1659 cap.
219 1580 264 1637 l.:
287 1580 352 1640 Lex
365 1581 493 1656 quidem
503 1590 623 1642 sancta.

73 1686 154 1746 egem
177 1669 313 1726 incusare
335 1665 481 1738 videatur,
504 1669 623 1747 culpam

73 1754 247 1833 teuperiori
262 1755 368 1832 capite,
390 1755 422 1812 iu
444 1773 570 1829 munem,
593 1753 623 1813 id

73 1842 279 1920 apiscentiam,
296 1860 374 1919 quae
385 1839 479 1900 fomes
495 1851 539 1902 est
554 1861 622 1921 pec·

73 1948 94 1987 u
109 1930 182 2006 quia
197 1925 350 2005 peccando
372 1927 503 1988 carnalis
526 1929 623 1989 lactus

74 2059 83 2085 ,
99 2023 131 2072 et
145 2033 197 2093 per
213 2014 270 2072 hoc
286 2011 324 2071 ad
340 2014 458 2086 bonum,
479 2015 559 2095 quod
575 2014 625 2075 lex

73 2102 114 2173 rit,
137 2100 281 2171 infirmus,
305 2098 372 2161 ideo
396 2102 494 2179 gratia
513 2101 625 2162 Christi

73 2195 107 2246 ut
120 2185 218 2265 legem
234 2185 364 2264 impleat.

73 2293 98 2332 s:
122 2273 201 2332 Nam
218 2271 299 2351 quod
320 2273 371 2332 lex
394 2282 548 2351 praestare
565 2295 624 2333 nou

73 2379 110 2419 on
126 2357 249 2439 quidem
264 2377 319 2418 suo
334 2361 416 2432 vitio,
431 2359 484 2420 sed
499 2363 534 2418 iro
550 2380 623 2436 quo,

73 2455 203 2506 nstenus
227 2464 279 2505 seu
303 2466 363 2524 qua
383 2449 508 2518 ratione,
530 2448 623 2523 infir-

73 2554 93 2607 ·,
119 2532 174 2591 hoc
202 2540 263 2603 ast,
293 2531 450 2592 imbecillis
473 2544 501 2592 et
527 2537 623 2613 impos

73 2639 79 2655 ·
101 2637 240 2692 caraem,
265 2616 370 2690 idest,
393 2621 466 2698 quia
486 2620 623 2680 homines

73 2714 188 2767 suntet
203 2703 337 2764 carnales
348 2725 386 2765 ex
396 2715 520 2784 peccato
535 2706 622 2784 primi

91 2794 189 2864 itaut,
205 2793 261 2851 etsi
278 2791 429 2869 quaedam
439 2792 527 2861 bona,
543 2811 622 2872 quae

73 2879 232 2957 cipiuntur,
245 2896 298 2954 per
306 2892 430 2938 nstrrrae
443 2880 522 2938 vires
531 2896 622 2957 agere

73 2973 163 3024 totam
185 2974 284 3023 tamen
307 2963 405 3041 legem
427 2965 551 3042 implere
572 2985 621 3025 na·

73 3051 187 3110 Pendet
202 3050 361 3119 sententia,
377 3050 478 3111 verbis
494 3069 621 3130 sequen·

73 3137 219 3217 nplenda‚
242 3138 359 3195 tametsi
385 3146 472 3216 putat
494 3138 622 3198 Toletus

73 3224 248 3302 completum
274 3221 331 3280 hac
358 3234 442 3299 parte
466 3225 620 3284 contineri.

73 3346 76 3370 r
100 3312 240 3389 exponit:
264 3310 459 3382 Impossibile
483 3312 567 3386 lepis,
592 3310 621 3368 id

73 3394 227 3456 >subditas
250 3394 420 3472 implendae
442 3398 517 3476 legis
534 3417 570 3455 ex
586 3417 621 3455 eo

73 3492 113 3551 at,
135 3483 278 3561 qnoniam
295 3481 344 3539 lex
359 3483 474 3542 infirma
489 3492 553 3543 erat
568 3504 628 3562 per.

73 3581 252 3647 eapropter
267 3586 395 3626 carnem.

73 3677 80 3715 ι
95 3652 136 3716 ad
151 3656 231 3714 huuc
253 3672 374 3713 sensum
396 3665 500 3733 aptare
518 3655 621 3728 verba,

73 3752 90 3801 ι
113 3743 145 3800 in
160 3741 286 3808 Graeco,
309 3760 368 3800 non
394 3743 434 3800 ita
455 3740 544 3800 facile
567 3750 620 3800 est

73 3829 177 3888 riorem
200 3828 427 3906 expositionem,
451 3847 529 3904 quae
547 3829 621 3887 mul·

73 3936 85 3988 ι
100 3913 289 3975 retinendam
302 3933 417 3973 censeo.
434 3914 621 3974 Particulam

73 4000 189 4062 Graece
204 3992 235 4056 ἐν
252 3987 292 4083 ᾦ,
316 4000 477 4060 causaliter
499 4003 620 4080 exponi·

84 4089 165 4147 enim
183 4096 213 4146 et
229 4085 301 4147 alibi
317 4089 471 4165 accipitur,
492 4097 526 4145 ut
541 4089 618 4147 Heb.

73 4194 113 4234 uo
123 4193 239 4251 passus
255 4181 297 4233 cst
312 4177 378 4248 ipse
393 4181 544 4248 tentatus,
558 4191 620 4250 po·

73 4267 161 4335 ucis,
186 4264 242 4335 qui
257 4268 434 4333 tentantur,
456 4263 619 4321 cauillari.

73 4368 96 4408 m
107 4349 187 4408 haec
196 4347 377 4425 significatio
389 4350 540 4425 praesenti
553 4348 619 4406 loco

73 4438 212 4513 rongruit.

73 4522 178 4599 fllium
205 4541 299 4581 suum
322 4523 457 4579 mittens.
489 4519 618 4581 Graece:

73 4612 194 4686 ripsius
217 4608 284 4684 filio
307 4611 410 4679 misso,
434 4626 523 4685 quem
541 4605 618 4666 infra

73 4696 171 4777 pulum
187 4695 292 4755 filium

720 456 759 513 In
772 454 1012 514 similitudinem
1021 457 1128 514 carnis
1137 458 1268 529 peccati.
1278 452 1371 513 Grae·

675 561 709 600 ce
725 533 755 598 ἐν
769 532 948 618 ὁμοιώματι,
972 545 1007 600 ia
1022 541 1242 614 similitudine,
1267 559 1369 621 quem·

675 626 834 687 admodum
850 639 879 687 et
894 630 965 691 citat
976 627 1110 688 Hilarius
1122 627 1172 687 lib.
1188 629 1236 686 10.
1253 625 1291 686 de
1304 627 1372 686 'Pri-

674 715 778 774 nitate.
801 713 1047 775 subaudiendum
1060 713 1192 786 verbum,
1215 714 1371 793 praestitit,

675 809 728 860 aut
743 799 857 880 aliquid
872 801 978 873 simile,
994 801 1144 881 praestitit
1157 796 1304 880 (inquam)
1319 818 1372 878 per

675 907 761 946 suam
783 889 911 966 gratiam
928 907 966 947 ex
986 888 1090 947 merito
1107 885 1218 946 Christi
1238 886 1293 945 filii
1316 887 1372 959 sui,

675 973 756 1054 quod
773 973 824 1033 lex
838 993 893 1052 per
908 993 1028 1033 carnem
1052 973 1167 1032 infirma
1189 993 1248 1032 non
1263 974 1367 1051 potuit.

674 1061 721 1120 Ita
737 1060 880 1140 plerique.

718 1145 846 1206 Toletus
861 1166 932 1206 vero
956 1167 1015 1206 non
1038 1146 1105 1206 vult
1127 1145 1282 1207 subaudiri
1303 1164 1370 1204 ver·

675 1233 754 1305 bum,
776 1232 829 1292 sed
841 1231 993 1312 duplicem
1009 1233 1058 1292 hic
1073 1232 1240 1293 introducit
1254 1231 1370 1292 Hebra-

674 1321 792 1395 ismum3
815 1318 942 1379 alterum
968 1330 1002 1380 ut
1025 1319 1202 1399 suppleatur
1223 1320 1305 1394 idco,
1329 1318 1369 1377 al·

673 1414 782 1481 terum,
805 1426 865 1486 quo
891 1408 1083 1486 participium
1105 1407 1144 1465 sit
1166 1408 1295 1486 positum
1315 1425 1369 1485 pro

673 1493 774 1564 verbo,
797 1497 924 1553 mittens
944 1515 999 1573 pro
1022 1497 1117 1552 misit.
1141 1491 1237 1572 Orrjns
1258 1493 1368 1552 utrius·

673 1578 1368 1660 queapudHebraeosidiotismiprofertexem·

672 1667 731 1745 pla.
747 1666 821 1726 Vult
833 1668 925 1746 igitur
936 1667 1016 1728 hunc
1026 1686 1093 1727 esse
1106 1675 1291 1727 contextum:
1303 1668 1370 1726 Im·

670 1754 818 1829 possibile
841 1754 917 1829 lepis
940 1763 1005 1815 erat
1022 1773 1061 1814 ex
1076 1773 1174 1814 carue.
1196 1752 1271 1814 Ideo
1286 1757 1371 1813 misit

673 1845 759 1903 Deus
773 1843 877 1918 filium
888 1861 979 1902 saum
992 1844 1028 1901 ia
1040 1841 1282 1901 similitudinem
1297 1858 1370 1901 car-

672 1933 723 1990 nis
734 1933 868 2005 peccati,
885 1930 964 1989 etde
973 1935 1103 2005 peccato
1116 1928 1286 1989 damnavit
1294 1946 1370 2004 pcc·

673 2024 787 2077 ectum.
802 2017 886 2091 Mihi,
902 2016 982 2096 quod
990 2023 1060 2076 ante
1072 2013 1144 2088 dixi,
1159 2023 1274 2094 partem
1286 2033 1370 2093 prae·

673 2103 831 2163 cedentem
842 2123 881 2162 ex
892 2104 950 2162 ista
961 2100 1101 2182 pendere,
1117 2100 1301 2179 probabilius
1313 2108 1368 2160 est.

673 2188 792 2250 Deinde
801 2191 826 2249 si
833 2191 1022 2268 participium
1029 2188 1079 2246 hic
1087 2188 1187 2266 posuit
1198 2207 1253 2266 pro
1264 2186 1370 2258 verbo,

673 2297 723 2336 cur
738 2295 798 2336 non
813 2275 892 2335 idem
915 2273 989 2335 fecit
1012 2276 1044 2334 in
1063 2272 1165 2346 verbo,
1188 2274 1368 2346 damnauit,

672 2363 765 2443 partis
781 2363 935 2441 sequentis
948 2370 977 2421 et
991 2361 1179 2440 conjunctae,
1194 2380 1287 2440 quum
1301 2379 1368 2420 con-

669 2449 783 2527 junctio
800 2449 920 2529 copulet
935 2445 1064 2508 similis?

715 2535 817 2595 Satius
837 2534 966 2595 sortasse
987 2534 1078 2593 fuerit
1100 2552 1265 2611 agnoscere
1285 2532 1368 2612 pleo-

670 2641 805 2682 nasmum
821 2622 851 2682 in
867 2622 977 2682 vocula
992 2628 1032 2696 et,
1049 2619 1130 2700 quod
1143 2639 1179 2680 ea
1194 2621 1284 2679 etiam
1296 2619 1368 2679 alibi

671 2707 820 2768 interdum
836 2707 982 2768 redundet
996 2706 1077 2786 apud
1088 2706 1232 2780 Paulum,
1256 2715 1290 2764 ut
1305 2707 1365 2786 pla·

671 2815 727 2855 nus
750 2814 846 2853 senno
869 2796 922 2854 sit:
945 2794 1039 2865 Dens,
1063 2794 1153 2877 misso
1174 2793 1236 2852 filio
1259 2811 1314 2851 suo
1338 2794 1368 2852 in
1428 2814 1431 2821 ·

671 2879 864 2940 similitudine
889 2881 985 2940 carnis
1020 2881 1152 2959 peccati,
1182 2878 1219 2938 de
1245 2889 1368 2958 peccato

671 2966 822 3026 damnavit
844 2976 1000 3045 peccatum
1024 2966 1053 3023 in
1077 2984 1183 3041 carne;
1210 2973 1301 3045 atque
1326 2966 1369 3024 itu

671 3054 796 3113 contulit
811 3053 904 3123 nobis,
926 3051 1008 3132 quod
1024 3052 1072 3110 lex
1088 3073 1147 3111 non
1162 3053 1267 3132 potuit,
1292 3051 1367 3130 legis

670 3139 786 3199 scilicet
802 3139 1011 3218 impletionem.

714 3226 809 3286 Notat
831 3227 1020 3305 Augustinus
1047 3246 1133 3286 serm.
1158 3227 1185 3283 6.
1209 3234 1240 3283 ot
1255 3226 1305 3282 31.
1328 3223 1367 3282 de

670 3312 751 3372 verb.
774 3310 889 3390 sipost,
913 3311 1040 3370 Paulum
1061 3332 1120 3371 non
1142 3308 1251 3383 dicere,
1273 3311 1367 3369 filium

670 3398 729 3457 Dei
740 3399 861 3457 missum
873 3418 940 3457 essc
949 3400 979 3458 in
989 3395 1180 3458 similitudine
1189 3398 1285 3456 caruis
1298 3392 1367 3471 (hoc

670 3486 784 3564 quippe
806 3484 914 3562 dogma
936 3484 1182 3545 Manichaeorum
1204 3491 1258 3556 est,
1283 3482 1366 3543 chri-

670 3580 747 3630 stum
763 3591 822 3630 uon
837 3590 938 3629 veram
960 3590 1087 3644 carnem,
1110 3568 1163 3630 sed
1185 3572 1315 3649 speciem
1330 3588 1367 3627 ac

670 3656 892 3717 similitudinem
915 3659 1011 3715 carnis
1027 3666 1143 3717 tautum
1166 3650 1366 3730 assumsisse),

671 3743 724 3802 sed
736 3747 772 3803 its
783 3744 992 3804 anillitudine
1003 3747 1110 3804 caruis
1121 3746 1254 3819 pcccati,
1271 3740 1366 3813 idest,

669 3831 829 3889 habentem
850 3831 980 3908 speciem
1007 3831 1105 3891 caruis
1128 3838 1253 3910 peccato
1275 3829 1366 3889 ohno-

670 3917 754 3991 xiae;
781 3936 888 3997 nempe
911 3917 940 3975 in
963 3937 1008 3989 eo,
1032 3919 1103 3996 quia
1124 3915 1259 3976 mortalis
1279 3923 1366 3974 iratus

670 4011 724 4074 est,
746 4023 781 4062 ac
795 4004 928 4064 miserias
950 4013 982 4062 et
1002 4012 1127 4063 mortem
1148 4021 1264 4083 passus,
1288 4019 1367 4080 quae

669 4087 816 4150 debentur
836 4090 1052 4168 peccatoribus.
1075 4088 1164 4148 Unde
1187 4098 1215 4148 et
1237 4107 1293 4167 per
1314 4108 1364 4147 ae-

668 4196 758 4236 neum
770 4184 938 4256 serpentem
949 4197 967 4236 a
979 4176 1065 4235 Mose
1077 4184 1207 4235 erectum
1215 4174 1303 4232 Num.
1313 4175 1364 4233 21.

668 4263 886 4342 praefiguratus
901 4270 954 4332 est,
975 4271 1007 4322 ut
1022 4262 1073 4341 qui
1084 4260 1238 4320 videretur
1252 4257 1365 4321 habere

668 4368 817 4409 venenum
833 4349 956 4428 peccati,
979 4368 1087 4409 revera
1108 4358 1206 4407 tamen
1231 4366 1291 4407 nou
1313 4345 1363 4406 ha·

667 4435 759 4494 beret.
783 4436 899 4495 Eadem
922 4435 1091 4494 obseruatio
1114 4443 1160 4494 cst
1183 4432 1363 4493 Graecorum

668 4521 869 4601 interpretum.
914 4521 994 4581 Hinc
1022 4541 1110 4600 porro
1140 4519 1255 4599 colligit
1284 4517 1365 4579 idem

667 4607 797 4686 August.
824 4627 910 4667 serm.
935 4607 984 4665 31.
1006 4627 1096 4686 supra
1122 4608 1214 4668 citato
1235 4626 1302 4687 cap.
1326 4606 1364 4676 8.,

668 4713 787 4756 omnem
800 4692 947 4773 reliquam
958 4709 1077 4753 carnem
1089 4713 1157 4756 esse
1164 4713 1284 4754 carnem
1296 4710 1361 4772 pec·
