3254 5190
103 250 176 377 dte
206 320 211 329 ·
608 300 841 355 commanus
857 302 889 355 ut
907 302 974 357 car.
990 302 1029 355 u.

101 469 307 537 in'omrtilrns
330 476 492 539 admissas
512 486 573 539 cst.-
594 480 673 539 sieut
693 476 795 539 inilia
846 496 908 556 quo
923 487 1024 539 textus
1036 478 1239 538 commentarii
1249 478 1389 541 Ambros.

100 572 220 624 vetusta
238 566 386 625 versione.
846 572 905 625 tor.
944 564 1033 646 Quod
1060 576 1091 625 et
1117 564 1199 645 apud
1224 584 1331 625 vorum
1358 568 1400 626 Ar

144 649 257 711 Sensus
273 651 350 711 enirn
365 652 503 729 Apostoli
519 660 580 713 est:
599 650 719 725 Omnis,
744 651 797 730 qni
847 650 914 731 lego
929 653 979 712 lih.
998 652 1036 711 de
1052 653 1122 713 Elia
1133 662 1164 712 et
1175 654 1295 731 jejunio
1311 656 1400 733 capi

101 747 195 796 certat
205 737 325 816 publico
337 736 439 818 aliquo
450 742 619 809 certamine,
628 741 797 809 sivecursu,
846 741 875 797 4.
898 741 929 799 in
950 741 1064 801 Lucam
1089 760 1152 818 cap.
1176 742 1206 799 4.
1239 738 1302 799 Sed
1324 742 1400 799 enirn

99 824 165 883 sive
179 823 326 904 pugillatu
342 820 416 901 (tale
431 827 507 886 euim
523 846 617 905 genus
629 825 797 885 certaminis
846 824 961 885 Graeco
977 827 1072 885 verho
1088 828 1208 905 proprie
1223 846 1289 885 earu
1306 846 1400 905 pugne

99 914 220 989 proprie
236 910 363 972 Graecis
379 913 527 991 significat
544 904 650 989 ἄγων),
665 932 720 992 per
735 931 793 971 um·
844 912 942 979 liesri.
969 931 1049 993 qnae
1064 914 1201 991 pugilum
1224 915 1347 992 propria
1362 932 1400 973 es*

98 998 151 1057 nia
171 1010 343 1076 temperans
366 1006 414 1059 est
439 1011 468 1058 et
490 1000 653 1059 abstinens.
691 998 796 1059 Solent
844 1001 1033 1076 Augustinus
1055 1000 1086 1060 iu
1101 1001 1291 1059 enarratione
1307 1000 1400 1059 Psaln

99 1084 178 1143 enim
202 1085 333 1146 athletae
355 1088 604 1164 temperatissima
626 1087 727 1146 victus
749 1104 794 1145 rs·
845 1087 904 1164 git:
927 1088 1088 1163 protutor,
1113 1086 1207 1167 idque
1230 1088 1400 1165 interpretat

97 1170 180 1229 tione
196 1180 316 1232 servata
330 1173 590 1233 adeertnminase
605 1191 793 1253 praeparare.
843 1176 981 1232 cratium
1001 1175 1117 1251 facere.
1155 1172 1285 1233 Rursum
1300 1173 1400 1233 Amba

98 1254 168 1335 Quo
196 1259 335 1338 exemplo
360 1269 420 1319 tam
447 1263 578 1339 seipsum
601 1280 691 1339 quam
719 1258 794 1318 alios
843 1258 883 1318 de
907 1260 1045 1339 paradiso
1072 1280 1136 1341 cap.
1169 1262 1217 1319 12.
1242 1264 1364 1335 puppis
1386 1281 1400 1337 1

96 1342 200 1405 fideles
222 1349 334 1406 excitat
347 1348 521 1427 Apostolus,
541 1356 574 1407 ut
593 1348 728 1407 similiter
751 1346 793 1404 la·
843 1346 925 1425 qnod
940 1348 1050 1426 prohat
1064 1346 1164 1407 Valla.
1187 1348 1250 1405 Alii
1262 1357 1400 1407 verterun

97 1431 179 1492 ciant
202 1433 232 1493 in
246 1442 386 1513 suscepto
402 1436 563 1493 certamine
585 1454 687 1495 curans
702 1432 793 1511 hujus
844 1434 903 1493 lem
934 1452 1003 1509 opo.
1044 1434 1156 1495 Sensus
1186 1444 1247 1494 ast:
1284 1434 1371 1495 More
1399 1436 1400 1442 ’

96 1537 132 1578 ao
147 1521 312 1599 pugillatus
324 1521 518 1600 Evangelioi3
533 1530 674 1603 tantoque
688 1521 793 1599 magis,
843 1520 980 1600 pugilum
997 1524 1040 1581 sia
1055 1534 1138 1581 corto
1156 1524 1186 1580 in
1202 1541 1305 1601 pugna
1320 1520 1400 1581 Chris

95 1615 208 1685 quanto
222 1609 382 1686 gloriosior
392 1628 431 1667 ex
443 1608 499 1667 hoe
511 1610 673 1669 certamine
685 1626 793 1668 corona
886 1609 959 1667 Noa
971 1612 1176 1685 quosiae‘rem
1186 1610 1365 1669 uerberasse.
1382 1611 1400 1669 E

95 1704 239 1771 speratur.
263 1694 353 1755 Unde
368 1698 521 1773 seqnitur:
843 1694 989 1774 interpres
1005 1698 1194 1776 negationem
1210 1696 1395 1775 transposuit

138 1782 182 1841 Et
196 1782 246 1840 illi
260 1782 387 1859 quidem
402 1790 439 1841 ut
450 1782 685 1859 corruptibilem
701 1800 792 1842 coro·
843 1802 947 1841 sensus
959 1791 1057 1844 nmen
1069 1781 1235 1863 dispendio.
1259 1783 1337 1842 Nam
1350 1780 1400 1843 Gn

94 1890 171 1932 nam
184 1873 352 1947 compiunt.
376 1868 506 1933 Graece:
523 1872 579 1930 lili
593 1870 719 1947 quidem
732 1872 792 1945 ipi-
842 1878 997 1947 tanquam
1013 1890 1081 1931 son
1097 1877 1202 1931 aerem
1220 1870 1400 1931 verberans.

94 1968 165 2035 tur,
183 1958 327 2033 subaudi,
351 1958 382 2017 id
398 1959 526 2033 faciunt,
548 1967 585 2019 ut
600 1957 792 2033 corruptibi-
841 1959 983 2020 verberat
996 1960 1027 2017 in
1043 1978 1160 2037 pugna,
1180 1960 1231 2036 qui
1249 1957 1332 2016 irrito
1349 1978 1400 2019 con

94 2048 156 2107 lem
171 2064 340 2121 coronam,
364 2044 470 2117 idest,
492 2048 657 2127 praemium
672 2044 792 2126 aliquod
843 2048 914 2107 bera
941 2048 1068 2105 intentat
1088 2044 1280 2117 adversari03
1307 2046 1395 2124 cujus

92 2134 257 2213 temporale
272 2154 307 2193 ac
322 2134 486 2213 pariturum
502 2136 672 2210 occipiunt.
841 2133 1034 2195 adversarius
1061 2132 1165 2192 eludit.
1206 2131 1289 2190 Dicit
1318 2152 1400 2211 ergo,

135 2220 201 2282 Nos
216 2228 322 2281 cutem
333 2224 564 2297 incorruptum.
595 2219 668 2291 Vel,
682 2222 792 2279 inccr-
840 2240 991 2301 pugnare,
1013 2228 1156 2298 tanquam
1172 2220 1225 2297 qui
1240 2237 1300 2276 non
1317 2226 1400 2280 aerer

92 2306 295 2383 mptihilcm:
317 2315 352 2368 ut
373 2309 411 2367 sit
435 2308 605 2385 expressior
624 2307 790 2375 antithesis,
840 2316 895 2375 rut,
911 2306 964 2365 sed
980 2326 1076 2375 strum,
1093 2304 1172 2384 qnod
1189 2313 1236 2363 est
1251 2304 1322 2365 boni
1340 2326 1400 2387 pag

92 2394 171 2455 sieut
192 2394 223 2455 in
238 2392 355 2455 Graeco
378 2386 530 2471 φθαρτὸν,
559 2386 726 2470 ἄφθαρτον.
749 2393 791 2451 Et
839 2395 1066 2473 antagonistam.
1091 2392 1171 2450 Hine
1186 2393 1334 2472 sequitur:

93 2498 200 2542 sensus
215 2488 276 2541 est:
299 2480 363 2540 Nos
385 2487 486 2539 autem
506 2480 642 2541 similiter
664 2478 790 2540 facimus
883 2482 932 2540 st.
956 2480 1017 2541 Sed
1033 2482 1149 2553 castipo
1165 2496 1282 2553 corpur
1295 2499 1400 2540 meum

92 2574 146 2627 aut
158 2566 312 2636 iaciamus,
327 2566 564 2626 moderatissime
580 2564 691 2627 utendo
703 2566 791 2625 rebus
839 2570 908 2629 fient
923 2566 1129 2627 adversarium
1146 2565 1176 2622 in
1193 2565 1249 2624 hae
1263 2585 1367 2644 pugna
1381 2585 1400 2626 s·

91 2652 182 2733 htrjus
199 2650 318 2723 saeculi,
330 2662 362 2713 et
374 2652 412 2711 ab
424 2652 569 2724 omuibus,
582 2672 661 2733 qnae
672 2672 790 2713 cursum
840 2672 948 2734 eorpus
972 2672 1072 2726 snum,
1093 2653 1200 2731 utiqne
1228 2654 1347 2712 ratione
1368 2672 1400 2715 ea

91 2748 224 2799 nostrum
253 2740 409 2808 minorari,
445 2756 617 2818 pugnamve
646 2738 790 2818 impedire
839 2751 893 2811 cst,
911 2740 1038 2800 carnalis
1054 2739 1324 2817 concupiscentiae,
1336 2740 1400 2800 det

91 2834 228 2904 putreant.
243 2823 438 2885 abstinendo:
464 2823 557 2905 idque
571 2837 605 2885 ut
617 2825 789 2905 incorrupti·
838 2827 933 2889 Galat
948 2830 976 2888 5.
994 2826 1077 2887 Caro
1093 2826 1287 2899 concupiscit
1305 2827 1400 2887 adver

91 2910 190 2985 bilem,
211 2910 242 2971 id
259 2920 312 2975 est.
326 2922 479 2972 aeternam
496 2932 644 2985 coronam,
658 2914 690 2973 in
705 2910 789 2972 coelo
839 2917 956 2973 ritum:
970 2914 1102 2988 spiritus
1113 2918 1219 2970 autem
1233 2912 1400 2973 aduersus·

91 2998 251 3079 repositam
265 3000 310 3069 iis,
322 3000 375 3078 qui
391 2998 470 3059 hene
485 3002 667 3060 certaverint
681 3006 712 3057 et
726 3018 789 3058 aar
840 3002 927 3061 Hace
953 3002 1037 3059 caim
1063 2998 1122 3056 sibi
1147 3000 1282 3056 irtuicem
1314 3000 1400 3059 ottus

89 3102 154 3147 sum
170 3086 453 3157 consummaverint,
468 3104 670 3165 assequamur.
837 3087 971 3164 Ideoque
986 3084 1072 3145 nobis
1088 3093 1234 3165 perpetua
1248 3104 1351 3163 pugna
1367 3084 1400 3145 de

134 3172 176 3233 28
209 3172 279 3247 Epo
294 3174 393 3247 ipitnr
414 3173 458 3231 sic
473 3190 584 3247 curro,
608 3191 676 3234 nort
698 3176 789 3249 quusi
838 3179 941 3234 eontra
957 3192 1085 3241 caruem,
1104 3182 1195 3251 atque
1214 3170 1290 3231 adeo
1308 3180 1400 3233 centn

91 3258 309 3319 istacertum.
347 3257 479 3327 Graece,
500 3251 548 3327 ὡς
570 3252 624 3317 οὑκ
647 3250 787 3337 ἀδήλως,
838 3268 1137 3337 ηοεωιιω,φιιωυιω
1152 3276 1204 3335 per
1227 3277 1348 3317 carnem
1365 3258 1400 3319 ad

90 3350 246 3419 wapuurn
262 3364 330 3406 nort
344 3348 468 3404 incerta
492 3344 741 3424 singulariterds
756 3364 789 3405 se
839 3346 962 3426 spiritui.
994 3344 1054 3403 Pro
1070 3347 1187 3419 costroe
1209 3343 1262 3401 alii
1278 3354 1400 3405 vertunt

90 3428 226 3509 loquitur
239 3432 418 3509 Apostolus,
433 3430 488 3490 sed
503 3432 555 3507 siu,
570 3440 604 3490 ut
618 3451 672 3491 suo
687 3450 786 3492 exem·
838 3432 977 3507 subjicio,
988 3429 1400 3511 quidamohculco.lrenseii

91 3516 143 3596 plo
159 3517 329 3577 Corinthios
353 3517 476 3586 excitet,
498 3537 533 3577 ae
556 3518 664 3579 doceat
686 3537 788 3598 qnem-
838 3516 1316 3596 lintaap.tramissurum
1327 3520 1399 3595 {noi

91 3602 251 3665 admodum
268 3603 443 3665 certandum
456 3606 495 3663 sit
506 3624 560 3683 pro
572 3624 682 3665 corona
693 3606 787 3666 inoor·
838 3624 961 3665 mcum:
983 3600 1236 3684 quemadmodum
1257 3613 1289 3663 st
1304 3603 1381 3685 legit
1394 3604 1400 3663 ¹.

90 3688 233 3773 ruptihili.
270 3688 411 3751 Persistit
437 3699 538 3750 antem
568 3692 600 3752 in
628 3690 788 3771 adsumpta
838 3693 868 3751 in
884 3692 990 3771 Epist,
1018 3710 1095 3769 qnae
1111 3700 1157 3750 est
1171 3688 1252 3769 apud
1268 3690 1400 3770 Augusti

89 3774 282 3839 similitudine
297 3796 448 3837 cursorum
469 3785 500 3837 et
514 3779 655 3857 pugilum.
679 3777 788 3857 Itaque
838 3776 926 3855 Quae
955 3778 1053 3837 versio
1079 3778 1289 3857 proprietatem
1318 3774 1400 3837 Grae

89 3874 162 3945 ego,
188 3866 299 3943 inquit,
325 3882 408 3925 more
433 3862 576 3925 bonorum
600 3865 788 3935 athletarum,
837 3855 1025 3937 ὑπωπιάζω,
1042 3883 1101 3943 quo
1116 3862 1231 3923 Paulus
1247 3882 1320 3922 usus
1336 3870 1399 3937 est,

90 3952 135 4013 sia
163 3970 248 4011 curro
274 3951 306 4011 in
331 3950 390 4010 hoc
408 3948 596 4031 Euangeliou
613 3952 788 4022 ministeriu,
838 3954 885 4011 sit.
910 3950 987 4010 Nam
1004 3942 1188 4016 ὑπωπιάζειν
1202 3946 1295 4029 (quod
1308 3958 1400 4011 annot

87 4046 232 4121 tanquam
255 4057 314 4098 nou
341 4040 370 4098 in
398 4038 558 4111 incertum,
584 4038 615 4099 id
642 4046 702 4109 est,
729 4058 787 4099 non
838 4034 919 4113 mus)
935 4039 1159 4097 estlioorcscu
1170 4040 1400 4111 soapuinisnot

89 4134 209 4197 temere,
225 4132 257 4185 et
267 4124 434 4204 quamlibet
446 4126 475 4183 iu
490 4134 622 4204 partem:
638 4124 787 4205 quomodo
837 4126 905 4183 lare
913 4169 923 4198 ,
938 4127 1072 4200 proprie
1087 4124 1192 4183 oculos
1199 4168 1209 4197 ,
1225 4143 1304 4199 quos
1321 4124 1400 4187 (tras

90 4212 117 4273 si
131 4212 200 4289 quis
215 4220 332 4283 currat,
353 4210 429 4271 nihil
452 4223 631 4291 assequetur
645 4213 786 4291 praemii3
837 4218 971 4285 uocant,
1000 4218 1029 4270 et
1044 4202 1166 4269 ὑπώπια
1190 4217 1283 4270 sotus
1300 4216 1400 4284 einen

90 4297 144 4358 sed
159 4307 242 4359 rectu
259 4316 360 4367 eursu,
376 4306 502 4377 totoque
525 4301 590 4359 nisu
608 4296 734 4360 tendens
748 4296 787 4357 ad
837 4318 911 4357 vero
927 4298 1089 4376 contingit,
1105 4297 1156 4355 ubi
1172 4299 1283 4377 pugnis
1299 4308 1400 4357 certat

88 4392 198 4443 metam
225 4382 421 4445 destinatam:
448 4386 493 4445 uti
517 4384 650 4455 faciunt,
676 4386 729 4465 qui
756 4386 788 4444 in
836 4384 894 4444 huo
909 4386 989 4443 enirn
1005 4392 1120 4462 perstat
1135 4383 1300 4461 Apostolus
1314 4381 1346 4440 ia
1360 4400 1400 4441 ms

90 4468 189 4529 stadio
212 4478 346 4542 currant,
371 4480 403 4531 et
423 4472 546 4533 vincere
567 4470 682 4533 rolant.
720 4472 788 4531 Hoc
836 4470 986 4551 pugilum,
1012 4490 1048 4529 ac
1070 4469 1145 4530 dicit
1166 4488 1200 4528 se
1221 4486 1305 4527 more
1329 4466 1400 4527 boni

90 4564 151 4627 est,
180 4556 261 4637 qnod
286 4558 332 4619 ait
356 4556 434 4619 Phil
462 4562 492 4621 3.
517 4559 569 4621 Ad
595 4560 786 4620 destinatum
837 4556 1055 4630 adversarium,
1069 4556 1099 4616 id
1115 4563 1176 4625 est,
1192 4574 1301 4632 eorpus
1316 4574 1400 4617 suum

86 4660 269 4720 persequor.
835 4647 914 4705 riter
928 4644 1037 4717 ferire,
1052 4642 1107 4703 sed
1121 4662 1216 4722 usqne
1231 4639 1271 4702 ad
1285 4638 1400 4703 deierm

134 4732 187 4793 dte
198 4748 320 4809 pum
341 4722 717 4807 armoricanorum,
732 4752 788 4813 pro
835 4730 1018 4793 atrnlners.
