3254 5190
435 300 598 358 norom
614 303 656 359 ιι
673 300 831 360 nomos.
859 302 945 359 vrrs.
966 306 1006 359 u.
1368 300 1441 378 m

67 484 125 543 u‘no
139 481 236 557 Jesu;
264 481 331 556 vel,
361 481 403 542 sio
423 480 607 541 institutus
597 500 630 542 ιιι
651 498 695 541 ιο·
745 496 850 542 murrea
873 481 937 540 siut
950 488 981 540 et
995 501 1014 541 a
1021 480 1133 542 multis
1155 487 1332 555 tractentur,
1353 478 1444 540 faede

67 588 103 631 ns
117 568 242 630 Christi.
744 566 850 629 sordes
867 568 1051 629 contrahunt.

67 656 569 731 ιὶσιιΰιὶῐοιιιιιιιιιιοροιίριιιιιι.
579 652 696 714 Graeee
787 651 868 715 Tale
881 655 976 734 igitur
991 663 1053 729 est,
1076 652 1157 734 quod
1171 653 1335 734 Apostolus
1357 650 1443 712 dieite

67 743 166 802 ιυιιῖι.
188 740 327 802 Sioeuim
338 738 695 800 habentomueseodioes
744 739 835 820 Quod
849 740 889 800 ad
903 759 952 800 ιιιο
965 741 1082 815 ahirot,
1098 748 1179 801 serta
1196 741 1325 801 seientia
1339 744 1370 799 st
1383 737 1444 797 fide

67 830 171 891 tatia
186 829 224 889 B„
240 826 412 907 Stephano.
441 828 501 887 nisi
522 824 605 906 quod
619 825 696 905 regii
744 836 847 899 teneo,
869 826 943 887 nihil
966 844 1033 888 essa
1047 826 1232 888 immundum
1247 822 1346 906 (enjus
1361 822 1442 884 soili

69 932 112 977 ax
128 914 264 975 editione
279 913 484 995 complutensi
506 912 612 993 legunt
627 930 694 972 oon·
744 922 795 974 eet
807 930 881 974 naus
895 912 1078 974 immundum
1091 934 1127 974 so
1138 913 1320 975 deteriorem
1334 908 1444 971 reddet

67 1020 89 1065 a
102 989 146 1059 δι’
160 993 256 1059 mirei
272 999 695 1102 eumnotuladensispiritps,
744 996 906 1077 bominem)
925 1017 1032 1076 perse
1052 1003 1175 1075 ipsum,
1200 999 1311 1073 idest,
1333 1016 1372 1057 ex
1387 1014 1443 1056 sua

67 1086 273 1149 itautundam
287 1084 385 1161 rdet,
406 1084 437 1144 id
452 1094 513 1158 est,
526 1104 587 1161 per
601 1104 631 1145 ιο
645 1087 694 1160 ip·
743 1094 867 1146 natura·
903 1085 995 1158 nibil,
1027 1086 1167 1166 iuquam,
1203 1104 1263 1146 non
1289 1045 1386 1146 eblum
1411 1083 1444 1142 ln

67 1172 266 1256 ‚pmomiro
279 1173 441 1252 reciproco.
464 1171 555 1252 Quod
570 1170 696 1252 proinde
744 1172 834 1246 olbis,
857 1170 913 1232 sed
926 1190 983 1233 nee
998 1173 1030 1230 in
1052 1178 1118 1232 tota
1131 1170 1193 1233 Dei
1217 1178 1374 1243 ereatura,
1397 1186 1442 1231 se·

67 1256 382 1343 potastadGlnistum
393 1259 578 1338 referrique
588 1262 695 1334 ipsum
744 1257 875 1319 eundum
890 1256 967 1318 illud
983 1262 1000 1318 1
1014 1255 1148 1318 Τίιιι.4.τ
1171 1259 1284 1320 Omots
1293 1261 1444 1318 oronnam

67 1355 130 1408 unt
152 1352 367 1406 sommentator
386 1345 564 1405 Ambrosius
580 1352 610 1405 et
625 1363 695 1404 eum
743 1346 808 1406 Det
821 1345 907 1407 bono
922 1352 974 1405 est.
1004 1343 1055 1406 sic
1069 1345 1249 1425 particulam
1267 1360 1331 1422 per
1344 1360 1376 1402 ιο
1390 1344 1443 1419 tp-

67 1432 252 1511 liPelagius
273 1439 305 1491 et
326 1430 484 1503 Sedulius,
509 1431 623 1511 aliique
637 1432 696 1491 Lu·
743 1450 814 1493 mm
828 1433 1062 1511 interpretentur
1075 1428 1237 1512 Origenes,
1259 1430 1443 1511 chrysosto-

67 1520 278 1668 iffi
280 1612 327 1665 est
347 1605 543 1705 interpretes,
559 1604 613 1684 qui
627 1622 694 1664 ver·
744 1514 1444 1708 Ξῖᾟιέξξοίξιζιζοίῗῑιξὶᾝιῇῗιῖᾚι,

67 1700 98 1755 ut
108 1710 172 1770 per
186 1693 303 1766 iprum,
324 1690 436 1771 legisse
451 1680 491 1748 dr
505 1683 617 1764 mireo,
643 1690 696 1751 vel
746 1712 807 1754 non
823 1691 964 1752 obstante
978 1690 1111 1753 leotione
1123 1708 1184 1768 per
1198 1694 1320 1769 ipsura,
1344 1695 1376 1751 et
1389 1687 1442 1749 alii

66 1777 158 1840 ivel
183 1783 266 1838 oerte
291 1777 375 1837 nullo
405 1777 513 1857 spiritu
542 1784 694 1838 annotato.
745 1796 783 1840 ex
797 1775 1021 1839 resentioribus.

67 1893 72 1927 ι
95 1873 128 1928 et
144 1864 254 1926 Graeci
269 1863 482 1925 Theodoretus
503 1871 535 1923 et
549 1861 695 1923 Oeeume·
785 1864 898 1944 Neque
908 1882 983 1924 vero
994 1862 1025 1923 rd
1032 1861 1355 1925 rneonvenrenterlrnis
1364 1861 1442 1923 loeo

73 1953 121 2014 ita
136 1951 281 2031 legerunt
317 1949 452 2030 Quorum
473 1951 619 2030 posterior
633 1955 695 2009 tres
746 1950 892 2031 Quamvis
907 1951 988 2011 eninr
1002 1958 1075 2029 egat
1089 1950 1257 2031 Apostolus
1272 1949 1312 2010 de
1327 1950 1372 2026 iis,
1388 1948 1444 2027 qui

67 2038 198 2117 rthujus
205 2035 265 2097 looi
272 2039 488 2116 expositiones.
502 2039 567 2096 Per
576 2041 694 2115 ipsum,
744 2037 827 2098 eibos
849 2036 995 2117 quosdam
1018 2036 1210 2117 refugiebant
1230 2036 1320 2098 velut·
1338 2050 1444 2097 οιιιιιι·

67 2132 102 2201 1,
125 2129 225 2200 joam
240 2123 338 2200 legem
352 2123 577 2200 evangelicum.
615 2121 695 2183 Num
744 2124 815 2185 dum
826 2122 926 2204 legem
935 2122 1113 2199 immundos,
1125 2130 1332 2205 aopropterea
1341 2119 1443 2182 videri

67 2228 87 2282 ς
112 2206 160 2288 (id
186 2217 235 2269 eet
259 2205 323 2287 lex)
339 2208 463 2272 Graecis
487 2209 694 2271 masculinum.
743 2212 850 2291 possit.
866 2210 905 2270 ad
926 2228 990 2270 rem
1004 2229 1065 2270 uon
1086 2211 1251 2289 pertinere,
1274 2210 1299 2270 si
1322 2208 1384 2268 illie
1399 2205 1443 2268 di·

67 2306 164 2360 sutem
180 2306 213 2357 et
225 2295 439 2359 Theodoretns
454 2297 587 2378 exponit
619 2294 695 2354 Vel:
745 2304 837 2372 eatur,
858 2295 933 2357 nibil
952 2314 1008 2376 per
1033 2303 1113 2357 sset
1133 2305 1241 2357 natura
1261 2293 1445 2356 immundum

67 2388 190 2463 iprum,
220 2385 337 2445 horest
354 2402 416 2460 pes·
430 2402 477 2459 ιο,
508 2401 547 2446 οι
560 2391 694 2459 nutura,
745 2402 815 2445 essa
829 2378 874 2460 (id
889 2384 969 2443 euim
991 2380 1138 2444 adversus
1160 2382 1241 2444 hune
1264 2386 1443 2443 commenta·

86 2489 152 2549 por
173 2472 296 2546 ipsum,
323 2488 437 2548 nempe
451 2472 565 2532 Deum.
603 2469 696 2551 Atqui
743 2471 819 2531 rium
835 2463 1005 2548 objicitur)·
1028 2467 1179 2531 selendum
1197 2477 1299 2530 tomen
1314 2474 1369 2540 est,
1384 2466 1443 2529 Ju-

67 2555 696 2720 w
683 2553 1445 2721 nem

77 2730 219 2810 legerunt
230 2688 467 2810 bhrysostomus
476 2662 523 2791 etq
529 2729 696 2811 Theophy·
743 2748 799 2811 pro
819 2728 910 2790 rebus
925 2645 1269 2811 ampleotebgahtur,
1215 2727 1444 2811 probrbitionem

67 2836 92 2880 rs
121 2836 181 2878 ιιοι
207 2836 267 2878 non
297 2815 461 2895 Origenes,
497 2825 533 2876 ut
561 2834 599 2876 ex
628 2816 696 2895 ejus
744 2824 890 2878 oertorunr
905 2816 1039 2878 ciborum
1054 2837 1117 2877 non
1131 2816 1170 2878 ad
1192 2816 1444 2898 signifieationem

67 2911 149 2966 nent
166 2904 326 2984 colligitur.
359 2902 468 2965 Eidem
491 2904 615 2964 leotioni
629 2901 698 2963 vult
742 2903 901 2977 retulisse,
928 2902 982 2964 sed
1008 2906 1105 2984 magis
1134 2899 1231 2986 (quod
1257 2919 1444 2983 consequens

67 3010 94 3053 ιι
120 2989 282 3070 Syriaeue,
309 2990 361 3069 qui
385 2989 477 3050 habet
500 3008 539 3051 eu
563 3010 594 3049 ιο
616 2990 695 3066 ipso.
743 2985 915 3066 videbatur)
945 2989 985 3050 ad
1016 2989 1138 3052 illorum
1168 2999 1323 3062 naturam,
1355 2988 1444 3069 quasi

67 3099 78 3139 r
109 3075 240 3139 Latinos
273 3095 396 3156 quoque
429 3094 492 3153 per
523 3095 554 3138 ιο
590 3078 696 3154 ipsum
743 3075 886 3157 prohibiti
900 3072 1026 3152 inerint,
1041 3075 1286 3158 quiaimmuudir
1313 3095 1373 3136 non
1388 3076 1444 3134 im·

67 3182 205 3245 ouymus
219 3163 271 3224 lib.
286 3166 314 3224 2.
327 3172 432 3223 oontra
443 3163 546 3224 dorin.
562 3183 629 3242 oap.
646 3165 695 3222 11.
743 3160 901 3236 immundi,
928 3163 1000 3244 quia
1025 3163 1185 3244 prohibiti:
1208 3183 1275 3224 oum
1298 3181 1348 3223 res
1375 3181 1443 3222 eon·

67 3252 229 3331 ugustinus
243 3249 295 3309 lib.
313 3247 351 3310 de
364 3249 469 3311 morib.
482 3249 611 3311 llanioh.
628 3268 694 3328 esp.
744 3252 834 3310 herio
863 3248 952 3309 modo
978 3268 1046 3312 ιοιο
1071 3250 1191 3311 habeat.
1224 3249 1303 3309 Nam
1329 3247 1444 3309 ideireo

70 3337 167 3398 semel
194 3344 224 3398 et
246 3337 363 3397 iterum.
744 3336 840 3396 solum
855 3335 1005 3415 quaedam
1027 3335 1169 3416 legaliter·
1188 3335 1342 3397 immunda
1365 3342 1445 3410 sunt,

67 3428 223 3486 'emmane
254 3430 344 3482 voest
374 3423 540 3502 Apostolus
571 3424 694 3482 immuu-
745 3426 816 3504 quia
841 3422 1008 3502 prohibita,
1035 3423 1075 3483 ad
1098 3422 1329 3504 significandum
1355 3423 1444 3484 nobie

69 3534 78 3571 ι
116 3531 178 3573 non
205 3519 267 3570 tem
297 3508 448 3569 idiotismo
479 3509 601 3589 linguae
632 3508 695 3567 He·
745 3530 789 3583 eu,
805 3529 883 3591 quae
894 3511 925 3571 iu
936 3511 1000 3570 vita
1011 3529 1048 3570 ao
1059 3510 1193 3573 moribus
1205 3517 1274 3572 snut
1284 3508 1444 3590 fugienda3

67 3616 106 3659 ae
135 3598 219 3672 (uam
251 3597 282 3656 in
308 3594 393 3655 libris
427 3597 517 3655 ιιιιίι
543 3595 695 3656 Hebraico
745 3596 998 3678 quemadmodum
1019 3595 1107 3657 docet
1134 3599 1323 3680 Augustinus
1345 3596 1397 3657 lib.
1415 3597 1444 3656 6.

67 3685 111 3745 tis
137 3703 197 3744 non
228 3690 330 3742 exstat
359 3699 396 3741 ea
423 3677 565 3762 phrasis),
603 3700 695 3782 quam
745 3691 849 3743 eontra
873 3683 1017 3745 Faustum
1038 3684 1246 3746 Maniobaeum
1269 3702 1337 3763 cap.
1362 3683 1390 3741 7.
1413 3690 1446 3743 et

67 3772 189 3833 trierem
197 3767 621 3832 Judeeorumoonsuetudine
614 3767 694 3848 ,qui
745 3770 828 3832 alibi.

67 3855 109 3931 nl,
126 3856 207 3937 quod
222 3855 273 3916 rel
294 3856 363 3935 lege
378 3855 429 3915 vel
440 3856 587 3934 majorum
601 3853 693 3915 tradi·
787 3856 876 3917 Hane
891 3877 973 3929 vero,
989 3876 1079 3938 quarn
1095 3856 1159 3917 dixi
1175 3855 1360 3918 Judaeorum
1375 3840 1442 3935 per·

67 3962 76 4003 ι
106 3941 293 4004 immundum
320 3949 400 4015 erat,
430 3961 587 4002 commune
612 3941 693 4002 dioe-
744 3945 915 4004 suasionem
929 3901 1039 4016 inisse,
1059 3942 1220 4007 manifeste
1234 3942 1343 4024 probat
1356 3941 1443 4002 loeus

67 4050 96 4103 r,
123 4031 197 4110 qnia
218 4029 249 4088 in
271 4047 328 4090 usu
351 4029 499 4088 communi
524 4038 605 4088 esset
628 4046 693 4088 eae·
744 4029 784 4089 ad
799 4030 861 4090 Tit
877 4049 942 4110 oap.
961 4035 1004 4103 1.‚
1019 4030 1072 4090 nbi
1088 4048 1154 4104 eos,
1169 4048 1222 4110 qur
1213 4028 1317 4089 ''de
1291 4028 1443 4088 ιιιιιιιιιί·

67 4136 122 4177 nm
150 4116 302 4195 gentium,
342 4115 398 4175 sibi
427 4134 501 4174 vero
536 4115 623 4187 solia,
661 4124 695 4175 ut
744 4118 828 4177 sione
844 4123 945 4190 erant,
962 4117 1027 4176 vult
1041 4116 1200 4196 redargui,
1216 4113 1298 4197 quod
1312 4115 1342 4174 iu
1359 4133 1442 4174 orea-

67 4201 180 4275 rloDei,
195 4200 380 4262 declaratum
394 4200 588 4273 immundum,
611 4199 693 4261 ideo·
743 4203 818 4263 turis
846 4203 907 4264 Dei
937 4202 1054 4283 aliquid
1089 4201 1270 4264 immundum
1299 4200 1443 4278 dioereut,

73 4288 132 4351 sub
154 4288 329 4369 pollutionis
353 4295 440 4348 reatu
466 4284 638 4348 vitandum:
660 4297 694 4349 ut
743 4308 872 4369 eamque
888 4289 1053 4351 doetriuam
1068 4289 1159 4349 refert
1175 4287 1215 4348 ad
1232 4286 1376 4349 mandata
1389 4287 1442 4348 ho·

67 4394 161 4437 mm
171 4373 302 4437 Judueis
316 4392 396 4453 pene
407 4374 487 4435 idern
498 4372 598 4445 luerit,
609 4376 693 4454 quod
741 4377 867 4450 minnm3
893 4377 1001 4456 utique
1017 4378 1146 4456 loquens
1162 4373 1200 4435 de
1215 4395 1269 4449 eo,
1292 4374 1373 4457 quod
1387 4376 1440 4437 irn-

67 4462 107 4523 ris
119 4463 310 4539 profanum.
334 4462 433 4541 Quam
449 4462 535 4522 istius
551 4460 692 4522 vocabuli
741 4462 881 4524 mnndum
904 4473 952 4524 est
973 4481 1028 4543 per
1050 4480 1097 4536 se,
1128 4463 1206 4522 siout
1227 4469 1257 4523 et
1275 4463 1439 4546 loquiturl

67 4566 138 4610 nem
175 4548 269 4609 tradit
296 4548 501 4628 Hieronymus
537 4566 692 4628 exponens
741 4550 820 4610 Tim.
836 4551 881 4609 4.:
903 4551 1104 4611 nemorosos
1118 4568 1139 4609 o
1154 4549 1246 4626 eibts,
1262 4568 1340 4629 qnos
1353 4552 1443 4612 Deus

67 4632 179 4715 heap.
197 4634 257 4709 ld,
273 4633 344 4694 licet
356 4634 408 4694 alii
418 4633 625 4715 metaphoram
636 4653 690 4715 pu·
741 4639 879 4711 creavit,
900 4643 954 4699 oto.

74 4728 236 4805 neeptam
251 4720 390 4797 erebus,
414 4741 495 4804 quae
516 4721 597 4806 quod
611 4740 690 4784 oom-
781 4722 863 4787 ntro
883 4724 977 4804 igitur
997 4728 1127 4805 apparet
1146 4722 1241 4797 rato,
1269 4742 1322 4786 aur
1342 4722 1441 4803 multi,
