3270 5182
478 297 643 357 ttlstmttt
658 298 679 353 l.
696 298 736 353 stt
755 297 944 355 cotttrttltta
961 298 1045 355 VERS-
1074 301 1114 353 1⁷.
1434 308 1508 379 405

63 473 121 554 pl’a
137 472 323 537 adducendo.
360 474 431 555 Qua
445 477 478 538 in
498 495 547 550 re,
569 482 649 537 teste
664 473 761 555 Chry·
811 476 922 545 tientes
937 495 1005 541 cura
1020 476 1202 539 Christianis
1222 478 1403 559 conjugibus
1421 480 1511 541 coha-

63 571 210 637 sostorno,
232 563 343 625 nullas
357 564 466 624 doctor
480 569 606 624 tantem
620 565 764 639 potuerit
812 562 917 625 bitere.

63 650 188 724 valere,
204 659 363 726 quantam
376 651 499 711 mulier.
522 649 574 711 Sic
588 655 619 709 et
629 649 703 709 alibi
717 650 762 710 lo·
854 650 969 710 Verum
984 651 1010 710 si
1026 650 1139 710 referas
1157 651 1195 711 ad
1211 651 1406 726 discedentes,
1418 653 1511 730 juxta

64 736 167 816 quitur
181 735 344 816 Scriptura.
374 736 467 812 Vide,
483 754 563 815 quae
578 733 709 796 diximus
724 735 764 801 ad
812 735 937 797 alteram
962 738 1179 816 expositionem
1205 739 1267 800 illic
1290 738 1406 815 datem3
1435 737 1509 803 nihil

62 822 139 883 illud
152 823 239 883 Rom.
255 826 356 903 capite
374 828 421 883 11.
451 825 495 885 Et
515 823 621 884 salvos
641 824 765 900 faciam
812 842 886 903 opus
903 823 961 883 erit
975 823 1031 883 huc
1044 823 1163 886 adferre
1184 824 1338 887 insolitam
1359 826 1508 905 signitica-

63 910 188 987 aliqttss
202 929 242 972 etc
257 911 329 972 illis.
812 910 921 970 tionem
936 911 1112 990 exceptivae
1124 910 1261 973 dictionis
1277 903 1303 972 εἰ
1318 905 1379 990 μὴ,
1395 921 1427 972 et
1439 931 1509 992 snp-

811 995 995 1076 plementum
1022 998 1114 1076 bajus
1142 1000 1237 1078 partis
1265 1007 1371 1078 petere
1398 1017 1438 1059 ex
1465 1018 1510 1063 se·

107 1085 157 1144 17.
180 1085 250 1145 Nisi
273 1086 445 1160 ιιιιίοιιὶριιι
466 1085 546 1145 aiore
569 1083 677 1143 divisit
691 1083 762 1142 Do·
812 1085 926 1163 quenti.
954 1083 1033 1144 Nam
1048 1103 1153 1145 sensus
1169 1087 1239 1146 erit:
1269 1085 1358 1148 Uere
1372 1088 1431 1151 seit
1446 1093 1511 1156 etc„

61 1173 176 1231 mittas
199 1169 344 1242 Subandi,
359 1168 439 1230 dona
454 1189 517 1233 sue.
533 1169 669 1249 Respicit
683 1169 762 1230 eninr
811 1170 871 1231 nisi
885 1168 963 1230 iorte
976 1170 1076 1245 Deus,
1099 1180 1188 1251 prout
1201 1174 1286 1233 varie
1309 1192 1365 1233 sue
1383 1173 1511 1252 partitur

61 1256 101 1317 ad
128 1257 176 1329 id,
207 1256 289 1336 quod
315 1265 386 1316 ente
413 1256 505 1319 dixit:
543 1258 762 1333 Unusquisque
812 1257 899 1330 dona,
915 1258 1271 1337 quempiamseuvirum,
1287 1277 1340 1320 seu
1354 1258 1510 1320 mulierem

57 1346 232 1420 proprium
248 1344 369 1404 donam
386 1344 478 1404 habet
494 1362 531 1404 ea
545 1345 623 1404 Deo.
646 1344 762 1404 Domi-
812 1363 849 1406 ea
864 1344 960 1424 gretia
975 1342 1125 1423 dignetur,
1140 1355 1175 1407 ut
1186 1347 1346 1425 conjugem
1357 1344 1512 1407 infidelem

59 1449 140 1506 aas,
160 1429 278 1491 Graece
293 1432 389 1492 Daue.
413 1430 574 1492 Sciendum
596 1437 651 1503 est,
667 1427 761 1491 Oeen·
812 1432 869 1491 etsi
891 1430 1050 1509 religionis
1075 1434 1196 1495 nomine
1219 1433 1277 1496 sibi
1298 1430 1460 1493 molestum
1479 1439 1512 1493 et

61 1519 195 1579 menium
215 1537 271 1597 pra
295 1509 321 1578 tl
341 1511 385 1595 μὴ
405 1521 482 1593 atei,
514 1518 596 1596 quod
616 1515 709 1578 bodie
731 1518 762 1579 iu
811 1536 951 1597 gravem,
981 1537 1017 1578 ac
1041 1517 1202 1580 divortium
1225 1519 1325 1581 iacere
1350 1519 1511 1593 volentem,

60 1605 201 1665 omnibus
224 1623 302 1684 pene
325 1603 450 1665 Graccis
473 1613 536 1678 est,
561 1605 661 1683 legere
684 1594 762 1682 ἢμὴ
810 1607 953 1678 retineat,
976 1613 1181 1688 retentumque
1200 1606 1365 1687 patientie,
1388 1606 1512 1669 monitis

59 1710 105 1752 ars
120 1710 189 1752 non
196 1736 207 1767 ,
232 1700 267 1751 ut
282 1691 405 1752 baereat
427 1711 495 1751 cum
510 1690 704 1772 praecedeuti
719 1693 761 1751 in·
810 1699 841 1751 et
857 1692 1010 1771 obsequiis
1025 1694 1160 1768 evincat,
1182 1692 1366 1774 Christoque
1388 1691 1509 1757 lueriis·

58 1779 273 1858 terrogatioue.
303 1780 393 1839 Unde
404 1782 461 1840 scis
475 1781 538 1853 air,
554 1782 580 1838 si
594 1778 762 1840 mulierem
811 1781 872 1839 ciat
894 1787 925 1838 et
946 1777 985 1838 ad
1006 1779 1134 1842 salutem
1157 1780 1296 1842 adducet
1333 1779 1401 1843 Hac
1422 1788 1512 1860 parta

57 1869 182 1927 adeam
195 1867 313 1943 facies,
341 1884 387 1927 aa
402 1867 494 1927 aon?
518 1864 638 1927 Deinde
653 1885 760 1946 aequa·
811 1868 854 1927 sic
875 1863 1029 1928 intellecta
1056 1868 1258 1946 significatur,
1284 1867 1403 1930 fidelem
1424 1885 1511 1946 prae·

59 1963 124 2015 tur:
165 1955 340 2029 Unicuique
355 1957 435 2015 sicat
450 1954 559 2013 divini
573 1955 668 2014 Deua.
707 1955 761 2014 At·
811 1963 899 2034 cepto
922 1972 984 2014 non
1003 1955 1098 2014 teneri
1121 1955 1160 2015 ad
1185 1953 1394 2017 dimittendum
1409 1955 1510 2033 eonju-

60 2061 122 2121 que
135 2040 223 2119 hujus
246 2039 444 2102 distinotionis
466 2049 602 2100 autorem
622 2040 694 2101 citat
708 2039 762 2102 Sa·
809 2061 878 2121 gem
893 2038 1044 2100 infidelem
1059 2038 1275 2115 discedentem,
1290 2049 1440 2120 utsupra;
1454 2039 1512 2103 sed

58 2131 226 2190 retianum.
235 2127 371 2189 Meminit
379 2146 503 2208 quoque
512 2127 762 2206 Theophylactus
810 2126 965 2189 discedere
990 2126 1142 2188 volentem
1166 2131 1298 2189 retinere
1323 2146 1413 2208 posse
1439 2146 1509 2187 cnm

62 2216 224 2294 utriusque
240 2212 457 2275 distinotionis:
483 2213 538 2275 aed
553 2215 603 2287 ita,
629 2221 663 2272 ut
677 2233 761 2293 prae·
810 2232 864 2294 spa
875 2211 1082 2274 lucrifaciendi
1097 2233 1165 2274 eum
1181 2212 1310 2276 Christo.
1348 2213 1443 2274 Porro
1457 2233 1510 2273 no-

59 2301 141 2362 ierat
157 2320 241 2374 eam,
262 2303 392 2379 quaein
407 2301 518 2361 nostris
536 2309 583 2362 eet
598 2299 759 2360 codicibus.
810 2299 902 2361 tanda
924 2299 1099 2362 metathesis
1125 2299 1305 2373 dictionum,
1333 2298 1511 2366 nonnullam

58 2387 122 2448 Oui
136 2395 167 2447 et
181 2388 323 2448 Erremus
347 2387 566 2467 adstipuletur,
593 2406 631 2447 ec
645 2389 760 2449 merito.
809 2386 923 2448 faciens
938 2386 1168 2461 obscuritatem,
1184 2406 1253 2447 cunr
1262 2388 1321 2460 ait,
1335 2389 1509 2463 ιιιιιοιιιᾳιιι

58 2475 140 2534 Nam
165 2493 217 2535 cur
242 2475 392 2552 particula
417 2493 463 2535 aa
488 2490 574 2548 aaa,
604 2475 762 2553 posteriori
809 2477 890 2537 stent
904 2473 1029 2535 dtotn't:
1052 2493 1107 2552 pro
1123 2492 1158 2535 eo
1179 2472 1262 2554 quod
1281 2473 1412 2548 diceret,
1432 2474 1511 2535 sicut

60 2562 288 2639 interrogationi
322 2562 424 2641 potius
461 2567 639 2623 annectatur
671 2579 762 2639 quam
809 2561 971 2642 unicnique
996 2558 1109 2620 divisit.
1139 2559 1283 2623 Similiter
1309 2561 1341 2621 iu
1366 2557 1511 2640 eoquod

58 2644 178 2727 priori?
204 2648 246 2708 Ut
268 2654 300 2708 et
322 2649 379 2709 boc
396 2646 523 2720 addam,
549 2644 632 2728 quod
648 2648 679 2707 iu
693 2647 761 2707 eliis
809 2649 954 2728 seqnitur.

58 2734 148 2808 locis,
171 2735 223 2795 ubi
237 2734 332 2796 latine
346 2735 403 2795 le'
436 2753 472 2795 us
487 2752 533 2795 aa
548 2751 632 2808 nott,
653 2751 761 2813 graece
856 2735 1119 2810 Unamquernqae
1147 2735 1227 2795 aaut
1254 2736 1382 2795 oocaooe
1407 2735 1508 2810 Deae,

58 2828 182 2882 nonest
197 2812 217 2898 ἢ
232 2814 286 2898 μὴ,
302 2820 358 2882 sed
408 2813 453 2896 od,
470 2821 553 2901 quod
567 2829 649 2882 certe
663 2819 760 2898 magis
807 2826 854 2882 ita
879 2820 1027 2882 ambulet.
1065 2822 1167 2895 Deras,
1196 2818 1314 2881 Graece
1336 2821 1509 2885 Domitius.

60 2916 108 2968 eat
134 2907 283 2968 usitatum.
321 2908 466 2969 Erasmus
488 2907 566 2968 banc
579 2915 696 2987 partem
718 2907 762 2966 ita
807 2908 983 2969 transitum
1005 2905 1080 2967 iacit
1101 2904 1141 2966 sd
1158 2905 1323 2968 doctricem
1337 2905 1508 2971 semmdae

57 2994 169 3055 vertit:
207 2997 378 3071 Utcumque
397 2996 516 3073 suerit,
543 2995 760 3070 unusquisque
807 2992 1511 3071 coustantiaeinstatuaeugenereetcouditione

56 3088 95 3142 at
118 3081 180 3156 iptt'
198 3083 342 3157 partitus
365 3088 410 3140 ert
431 3083 526 3142 Deua.
565 3079 663 3158 Cujus
686 3098 760 3140 auee
808 3084 904 3154 vitae,
928 3082 960 3141 in
975 3099 1035 3161 qua
1049 3080 1163 3159 reperit
1175 3098 1419 3159 unumquemque
1433 3077 1509 3145 fidet

57 3167 209 3229 versionis
225 3167 373 3228 rationem
388 3166 488 3228 reddit
502 3168 535 3227 in
549 3173 691 3241 annotat,
707 3164 759 3225 do·
808 3166 990 3229 Christiana:
1014 3186 1054 3228 ne
1075 3167 1203 3226 mutatio
1225 3174 1330 3240 stema,
1352 3165 1510 3227 occasione

59 3273 132 3314 cens
145 3252 323 3316 adverbium
340 3245 366 3313 ti
382 3246 425 3330 μὴ
446 3252 594 3315 interdum
609 3253 759 3333 usurpari,
806 3255 962 3334 religionis
972 3252 1062 3324 saeta,
1074 3253 1175 3330 pariat
1185 3252 1387 3327 offensionem,
1399 3252 1509 3332 ipsein.

58 3359 154 3421 quum
176 3342 300 3415 ornirso,
326 3340 406 3421 quod
427 3339 551 3401 dubium
574 3347 635 3414 eat,
661 3335 758 3412 adid,
807 3360 867 3422 que
882 3339 1059 3420 religionem
1080 3337 1187 3403 reddat
1201 3337 1344 3404 odiosam.
1366 3337 1451 3412 Dixi,
1466 3339 1509 3399 iu·

58 3425 143 3507 qnod
159 3436 273 3487 certum
288 3436 352 3502 est,
366 3426 505 3487 redimus.
807 3430 890 3507 quit,
912 3425 1030 3488 fidelem
1052 3423 1170 3487 infideli
1187 3426 1318 3506 conjuge
1333 3423 1510 3489 discedente

103 3512 192 3573 Alius
205 3514 316 3575 dixerit
328 3515 370 3573 ita
381 3512 560 3573 vertendum
571 3531 656 3573 ease:
667 3508 759 3590 Quod
807 3533 867 3574 non
883 3531 949 3574 esse
964 3510 1136 3589 subiectum
1151 3513 1305 3586 servituti,
1326 3519 1360 3574 ut
1375 3530 1446 3574 enm
1461 3529 1507 3572 ae·

57 3602 85 3660 ti
99 3618 184 3674 nors,
200 3610 265 3673 ent,
280 3602 331 3660 cira
346 3602 463 3672 minas,
478 3602 651 3676 animique
666 3601 756 3671 creat,
807 3607 920 3680 quatur
937 3608 990 3660 aut
1015 3598 1158 3673 retineat,
1187 3619 1226 3661 ne
1252 3599 1375 3679 quidem
1398 3599 1507 3661 salutis

56 3694 114 3746 eta
128 3694 163 3748 ut
177 3685 535 3766 sensuasitbujuemodir
551 3684 641 3765 Quod
657 3686 683 3745 si
698 3703 759 3746 non
808 3688 875 3765 ejus
903 3682 1111 3766 procurandae
1137 3705 1245 3749 uuae:
1275 3705 1337 3747 uon
1362 3683 1509 3765 prohibeo

56 3772 202 3835 succedat
212 3773 251 3836 de
267 3775 464 3835 conversione
487 3773 643 3852 conjugis3
666 3770 697 3833 id
713 3782 757 3833 ta-
806 3782 907 3834 tammo
921 3792 982 3853 quo
997 3772 1096 3833 minus
1110 3771 1141 3832 id
1157 3771 1265 3846 faciat.
1289 3773 1315 3835 si
1328 3773 1510 3852 praesertim

58 3879 127 3920 men
142 3869 297 3932 servetur,
310 3859 395 3942 quod
409 3859 493 3922 dicor
509 3861 640 3941 quisque
655 3859 757 3920 ambu·
807 3858 923 3920 occulto
938 3859 1000 3920 Dei
1019 3857 1097 3919 dono
1120 3866 1152 3920 et
1174 3861 1316 3921 instinctu
1339 3858 1379 3920 ad
1401 3857 1432 3918 id
1446 3877 1508 3919 mo·

55 3945 113 4020 let,
133 3956 204 4025 aget
226 3956 258 4009 et
271 3956 467 4009 conversetur
482 3944 649 4009 secundum
663 3946 757 4008 teleu-
806 3954 921 4008 ceatur.
959 3946 1024 4006 Imo
1039 3946 1189 4008 sententia
1203 3965 1270 4008 mee
1293 3945 1368 4007 baec
1383 3954 1447 4018 est,
1474 3951 1509 4007 ut

55 4043 120 4095 tum
136 4033 194 4095 sibi
218 4034 365 4095 creditum
380 4053 399 4094 a
414 4035 483 4094 Deo
499 4032 642 4095 donomm
657 4031 758 4092 distri-
806 4034 954 4114 quisque,
969 4030 1069 4113 quoad
1085 4031 1149 4093 fieri
1162 4039 1280 4115 potest,
1303 4032 1348 4092 its
1362 4029 1507 4104 ambulet,

54 4120 179 4194 butera,
209 4130 303 4200 atque
329 4123 360 4180 iu
386 4128 466 4182 stetu
491 4138 565 4181 snae
590 4121 757 4181 vocationis
806 4119 1019 4181 sicutvoeavit
1032 4137 1100 4178 euru
1115 4119 1508 4191 Deus1bocest,converr

53 4217 249 4288 permaneat:
264 4227 322 4268 nec
337 4208 497 4287 conjugem
513 4207 638 4277 deseret,
654 4226 756 4287 quarn·
806 4215 906 4280 aetur,
936 4206 1065 4285 Deoque
1093 4207 1223 4278 serviat,
1259 4223 1387 4267 manens
1413 4206 1445 4269 in
1471 4223 1509 4267 eo

53 4295 102 4357 vis
117 4293 286 4369 infidelem,
308 4294 379 4355 dnm
403 4314 472 4375 spes
495 4302 542 4355 eat
556 4293 665 4357 salutis
681 4295 756 4372 eius.
806 4313 920 4374 genere
933 4293 1031 4365 vitae,
1056 4291 1163 4373 inquo
1179 4291 1323 4357 adlidere
1337 4311 1358 4353 a
1371 4292 1440 4355 Deo
1455 4311 1507 4353 so·
1551 4283 1554 4290 ’

53 4382 131 4443 Nam
146 4381 273 4444 verbum
288 4382 446 4456 ambulet,
463 4379 545 4462 quod
561 4389 607 4442 est
621 4380 653 4439 in
668 4388 756 4459 parte
806 4388 891 4443 catus
913 4387 974 4456 est;
1003 4381 1068 4440 sive
1090 4380 1122 4438 in
1146 4378 1301 4457 conjugio,
1330 4379 1397 4439 sive
1422 4386 1509 4441 extra

53 4469 201 4549 sequenti,
218 4468 276 4529 buc
291 4476 444 4543 revocant,
459 4477 494 4529 nt
508 4467 623 4529 serviet
637 4468 757 4546 utrique
805 4468 996 4547 conjuginm
1018 4466 1082 4525 sive
1103 4466 1134 4525 in
1153 4464 1314 4536 servitute,
1337 4467 1402 4528 sire
1427 4466 1458 4526 in
1472 4463 1508 4526 ti-

52 4555 193 4618 membro.
230 4555 268 4616 In
291 4555 370 4617 hanc
391 4554 456 4616 iere
470 4556 650 4618 seutentiam
666 4557 756 4615 inter
804 4553 937 4628 bertata;
952 4553 1019 4614 aive
1034 4553 1063 4611 in
1078 4551 1138 4613 alio
1153 4571 1362 4632 quocumque:
1389 4571 1448 4615 neo
1462 4552 1507 4612 ri·

51 4651 209 4723 pretentur
223 4641 304 4703 bunc
326 4643 442 4717 locum,
468 4645 521 4723 qui
539 4639 757 4722 praecedentia
804 4649 854 4702 tae
876 4648 987 4702 etatum
1012 4646 1107 4699 mutet
1134 4657 1173 4700 ex
1197 4636 1380 4718 imprudenti
1407 4635 1508 4705 studio

52 4737 219 4794 amurcae
233 4727 406 4791 referebant
422 4729 462 4792 ad
480 4728 618 4793 infideles
631 4747 751 4793 consen
804 4747 880 4791 suae
893 4725 1009 4789 salutis.
1031 4725 1138 4802 Sentit,
1155 4726 1194 4811 ob
1208 4733 1379 4806 suceptarn
1395 4722 1507 4787 christi
