3254 5190
507 261 669 316 sauream
686 261 726 315 sn
744 261 892 317 aousuos
927 261 1011 316 usas.
1028 263 1053 317 r.
1453 269 1497 337 13

62 435 142 518 Quod
164 446 270 498 antem
292 435 417 498 verbum
432 435 559 498 addatur
575 439 605 498 in
621 437 753 499 secunda
846 435 958 498 Verum
981 438 1052 517 quia
1066 436 1191 499 Obrisus
1206 458 1312 518 pacem
1335 438 1397 499 suis
1419 445 1500 518 opta·

60 524 198 595 loannis,
232 544 286 584 suo
315 524 384 585 loco
414 523 584 585 videndum.
628 526 755 606 Legitur
802 526 847 584 vit
869 532 899 584 et
921 522 1013 598 dedit,
1035 545 1095 584 non
1120 545 1186 585 eam
1209 546 1286 606 quae
1309 527 1340 586 in
1358 544 1500 587 successu

60 620 84 671 et
112 610 197 691 apud
233 611 394 672 Danielem
428 631 491 691 cap.
527 613 555 671 6.
590 614 621 672 in
655 612 753 673 edicto
802 630 900 670 rerum
921 612 1127 690 temporalium
1150 612 1330 691 intelligitur,
1354 611 1407 673 sed
1423 632 1500 694 quae

58 697 135 757 Darii
159 699 246 778 regis
274 698 350 759 baec
381 696 538 758 salutatio:
567 701 640 761 Pas·
667 699 754 761 vobis
803 699 834 756 in
855 697 940 757 bonis
963 717 1033 759 vere
1057 698 1236 758 salutaribus
1253 700 1386 760 consistit
1408 694 1500 776 (unde

58 785 297 862 multiplicetur.
803 792 834 844 et
855 784 946 844 Joan.
972 787 1020 844 14.
1044 805 1111 845 oum
1141 785 1278 846 dixisset:
1307 789 1425 847 Pacem
1447 804 1499 846 re-

92 871 191 931 Porro
225 871 372 932 dictiones
402 870 479 932 haec
507 876 616 948 pratia
638 879 667 931 et
685 891 754 949 pax
803 871 915 946 linquo
938 872 1043 947 vobis,
1066 889 1180 948 pacem
1202 890 1305 932 mcum
1327 875 1368 934 do
1390 873 1498 950 vobis;

55 959 240 1039 peculiarem
261 958 375 1019 habent
388 978 474 1018 usum
496 958 527 1019 in
546 960 637 1019 sacris
652 960 753 1020 literis.
803 955 927 1036 adjecit:
966 959 1040 1018 Noa
1069 959 1226 1035 quomodo
1262 961 1402 1021 muudus
1430 960 1498 1037 dat,

55 1045 89 1104 Et
111 1046 256 1126 quamvis
271 1051 390 1122 pratia,
414 1044 529 1106 Graece
552 1037 658 1123 χάρις,
682 1066 753 1106 non·
805 1062 860 1120 epo
882 1044 924 1104 do
946 1041 1054 1122 vobis),
1077 1044 1187 1105 idcirco
1209 1057 1438 1107 consentaneum
1455 1055 1501 1107 est

55 1152 204 1214 nunquam
229 1141 318 1192 sonet
339 1131 481 1206 favorem,
504 1140 537 1191 ut
551 1133 624 1192 Luc.
643 1139 670 1193 1.
694 1134 753 1193 Ia·
803 1131 881 1190 banc
910 1131 1102 1211 apostolicam
1133 1133 1341 1193 salutationem
1365 1133 1499 1194 similiter

56 1223 165 1281 amisti
178 1222 325 1295 prauam
341 1218 430 1295 apud
442 1220 564 1279 Deum:
577 1220 753 1300 plemmque
803 1218 991 1297 interpretari
1013 1218 1051 1278 de
1073 1239 1157 1298 pace,
1180 1239 1259 1300 quae
1278 1222 1318 1279 sit
1332 1219 1498 1280 hominibus

54 1314 147 1367 amen
160 1307 317 1386 signifieat
328 1307 489 1385 gratuitum
500 1305 559 1366 Dei
570 1306 753 1379 beneficium,
802 1305 833 1364 in
854 1304 939 1379 Deo,
963 1313 993 1363 et
1015 1325 1081 1365 cum
1102 1305 1179 1365 Deo.

56 1393 224 1454 conducens
247 1391 289 1453 sd
310 1403 461 1453 aeternam
476 1391 603 1452 hominis
619 1395 753 1467 salutem,
866 1391 938 1451 Sive
971 1393 1061 1471 igitur
1094 1393 1176 1472 pacis
1213 1395 1332 1452 nomine
1370 1394 1497 1455 salutem

55 1491 82 1538 ut
102 1490 175 1540 sunt
204 1479 297 1553 fides,
328 1499 413 1560 spes,
442 1479 586 1553 charitas,
616 1481 752 1541 remissio
802 1478 999 1558 accipiamus,
1029 1479 1093 1539 sive
1115 1499 1290 1560 prosperum
1312 1500 1409 1541 rerum
1433 1502 1497 1542 suc·

56 1577 261 1646 peccatorum,
279 1567 470 1646 justificatio,
506 1567 631 1628 virtutes
661 1574 753 1647 atque
802 1584 934 1640 cessum,
957 1566 1022 1627 sive
1052 1563 1213 1646 (quomodo
1244 1566 1321 1626 solet
1347 1587 1366 1626 a
1387 1570 1496 1628 nostris

58 1673 153 1713 esrum
176 1661 356 1733 augmenta,
378 1654 522 1714 bonorum
543 1672 666 1734 operum
688 1674 753 1734 per
802 1648 929 1729 definiri)
964 1655 1094 1733 quietam
1127 1662 1158 1713 et
1190 1673 1323 1714 securam
1352 1654 1497 1715 bonorum

59 1740 241 1814 severantia,
272 1748 303 1800 et
331 1741 395 1821 ipsa
424 1741 486 1815 pita
507 1747 644 1816 aeterna3
675 1760 753 1822 quae
802 1739 1035 1817 possessionem:
1065 1759 1102 1800 aa
1130 1740 1209 1801 bona
1238 1750 1307 1800 sunt
1336 1741 1383 1801 bic
1411 1743 1496 1803 intel·

59 1829 150 1887 omnia
173 1837 245 1887 sunt
268 1826 348 1887 dona
369 1847 388 1887 a
411 1829 507 1906 gratia
528 1829 635 1908 prioris
665 1826 752 1900 modi,
802 1825 933 1905 liganda,
955 1846 1034 1906 quae
1056 1825 1095 1886 ad
1110 1829 1203 1887 vitam
1218 1827 1387 1888 conducunt
1402 1837 1496 1890 aeter·

60 1913 167 1986 idest,
199 1935 219 1974 a
242 1913 347 1974 favore
377 1933 431 1974 seu
460 1915 672 1975 benevolentia
694 1914 753 1975 Dei
803 1932 886 1987 nam,
917 1912 1032 1988 idest,
1060 1915 1240 1993 spiritualia,
1271 1934 1350 1995 quae
1380 1918 1497 1995 gratim

60 2001 203 2080 proiecta:
228 2008 320 2081 atque
342 2001 446 2061 eadem
466 2002 564 2061 omnia
578 2009 661 2062 recte
676 2023 751 2062 com·
801 2001 920 2060 nomine
943 2020 1032 2081 supra
1051 2000 1179 2062 diximus
1196 2002 1415 2082 comprehendi,
1437 2024 1497 2065 non

60 2086 280 2167 protenduntur
302 2089 422 2148 nomine
436 2089 551 2168 gratiae
569 2089 641 2148 novi
662 2098 752 2150 testa·
802 2097 900 2147 autem
934 2087 1123 2168 temporalia,
1156 2090 1214 2150 nisi
1247 2097 1392 2169 quatenus
1425 2089 1497 2152 illuc

61 2177 152 2234 nenti
803 2176 892 2235 etiam
906 2176 1079 2254 provehant.
1124 2175 1232 2256 Itaque
1245 2196 1307 2256 pax
1322 2176 1497 2256 intelligitur

96 2261 163 2321 Pax
186 2260 339 2322 Hebraeis
361 2261 510 2320 interdum
532 2279 701 2323 successum
724 2270 754 2323 et
801 2261 952 2321 bominum
975 2262 1005 2321 in
1027 2264 1063 2322 iis
1085 2263 1172 2322 bonis
1196 2282 1275 2344 quae
1297 2282 1350 2341 per
1372 2265 1497 2343 gratiam

61 2349 286 2428 prosperitatem
309 2347 471 2426 significat,
492 2354 525 2406 ut
546 2347 657 2408 Psalm.
683 2352 752 2410 118.
802 2347 1014 2427 significantur,
1037 2357 1075 2422 et,
1097 2356 1131 2408 ut
1148 2349 1239 2409 semel
1255 2349 1360 2422 dicam,
1383 2353 1414 2410 in
1429 2350 1496 2411 Deo

60 2434 123 2494 Pas
151 2435 257 2493 multa
287 2433 490 2508 diligentibus
527 2434 625 2511 lcpem
652 2444 752 2512 tuam,
802 2432 1497 2517 solidaetimperturbataquiesatquetranquil·

61 2529 162 2581 arton
174 2528 220 2581 cst
232 2521 297 2579 illis
307 2520 504 2580 scandalum.
524 2522 565 2581 Et
575 2521 598 2582 J
599 2540 687 2582 erem.
702 2526 750 2584 29.
801 2520 879 2580 litas.

62 2610 204 2687 Quaerite
239 2626 353 2683 pacem
390 2609 542 2683 civitatis,
577 2608 620 2667 ad
658 2627 753 2685 quam
846 2606 935 2685 Quod
957 2627 1027 2689 ergo
1057 2609 1193 2667 nonnulli
1221 2628 1326 2689 pacem
1353 2610 1497 2690 interpre-

62 2697 290 2768 transmiprure
320 2712 375 2754 vos
402 2693 483 2771 feci,
516 2701 545 2754 et
575 2702 663 2756 orate
689 2713 753 2771 pro
802 2702 902 2753 tantur
934 2694 991 2753 boc
1023 2694 1089 2754 loco
1126 2696 1398 2756 reconciliationem
1431 2716 1497 2756 cum

62 2799 93 2840 ea
113 2781 158 2840 ad
182 2782 379 2841 Dominum.-
410 2783 486 2856 quia
507 2782 543 2840 irs
563 2800 643 2857 pace
665 2781 754 2842 illius
801 2781 885 2854 Deo,
908 2800 968 2860 qua
988 2780 1035 2853 fit,
1065 2790 1099 2840 ut
1121 2783 1172 2861 qui
1193 2802 1247 2862 per
1269 2792 1393 2862 peccata
1415 2784 1496 2864 prius

61 2869 113 2926 erit
133 2885 204 2943 pax
229 2864 322 2926 vobis.
344 2865 497 2926 Interdum
512 2867 685 2947 simpliciter
707 2889 753 2928 sa·
803 2877 888 2927 erant
910 2867 1019 2927 inimici
1042 2888 1077 2927 ao
1104 2866 1261 2948 gehennae
1284 2869 1420 2943 obnoxii,
1449 2891 1516 2936 re·,

61 2953 154 3027 luteus,
177 2960 213 3012 nt
230 2955 248 3013 2
263 2952 341 3034 Reg.
362 2954 410 3011 18.
444 2955 542 3014 Estne
561 2972 630 3029 pas
649 2973 753 3030 puero
801 2954 941 3013 missione
973 2962 1163 3034 peccatorum
1193 2963 1333 3034 accepta,
1367 2960 1497 3018 animum

60 3038 231 3099 abaciam?
258 3037 372 3113 idest,
403 3046 488 3099 estne
521 3039 645 3100 salvus?
675 3040 753 3100 Nam
801 3048 910 3119 gerant
931 3059 949 3099 a
971 3041 1240 3119 perturbationibus
1270 3062 1305 3102 ac
1327 3044 1497 3119 terroribus,

60 3125 235 3204 significatio
257 3143 413 3184 successus
437 3134 466 3186 et
484 3127 689 3205 prosperitatis
712 3126 753 3187 ibi
802 3145 877 3206 quos
891 3127 970 3185 mala
985 3128 1169 3188 conscientia
1183 3127 1348 3202 adferebat,
1371 3129 1496 3191 liberum

60 3211 226 3272 locumnon
237 3210 337 3270 habet
360 3212 489 3271 Utuntur
501 3222 599 3272 autem
611 3212 752 3287 Hebraei,
802 3221 894 3292 atque
922 3222 1077 3292 pacatum
1112 3213 1150 3272 de
1183 3235 1243 3294 qua
1276 3235 1352 3294 pace
1387 3216 1496 3277 dicitur

60 3317 119 3357 cum
149 3298 285 3358 salutant
312 3299 494 3377 qnempiam,
524 3306 571 3358 ut:
600 3319 661 3379 pax
691 3300 752 3372 tibi,
801 3299 878 3359 infra
900 3319 965 3378 cap.
988 3300 1016 3358 ὅ.
1046 3301 1222 3376 Justificati
1244 3321 1281 3362 cc
1303 3301 1364 3378 fide
1382 3323 1495 3380 pacem

60 3387 116 3444 sire
138 3403 204 3464 pax
227 3391 332 3444 tecum
376 3384 426 3443 Ita
440 3383 540 3443 David
555 3405 610 3464 per
627 3387 752 3446 nuncios
801 3386 951 3445 babemus
973 3386 1016 3445 cd
1038 3386 1160 3445 Deum:
1183 3387 1278 3448 iinon
1294 3389 1419 3469 integre,
1442 3389 1495 3450 sed

59 3469 152 3530 Nabal
178 3475 195 3529 1
220 3470 294 3549 Beg.
322 3473 372 3532 25.
415 3473 462 3533 Sit
489 3470 649 3548 fratribus
674 3476 752 3532 meis
801 3472 896 3532 solum
919 3479 1066 3551 exparte
1096 3473 1156 3531 vim
1184 3472 1273 3553 hujus
1296 3478 1393 3549 vocis,
1422 3485 1495 3536 uta

59 3564 85 3616 et
103 3557 164 3616 tibi
189 3575 279 3633 pac,
310 3565 338 3617 ct
369 3558 478 3618 domui
506 3565 580 3618 tuac
604 3577 691 3635 pcc,
723 3567 752 3619 et
802 3556 918 3619 Christo
935 3567 965 3618 et
975 3557 1129 3638 Apostolis
1145 3559 1209 3636 ejus
1225 3562 1254 3620 in
1267 3560 1495 3638 salutationibus

59 3643 201 3705 amnibus
231 3662 447 3721 qaaecumque
468 3645 577 3721 habes,
608 3649 648 3704 sit
673 3664 750 3722 paor.
799 3653 941 3724 usurpata
963 3653 1021 3719 est,
1051 3654 1260 3723 exposuerunt.
1305 3647 1398 3708 Porro
1420 3649 1494 3709 mul·

57 3728 112 3791 Pro
142 3750 204 3812 quo
229 3729 340 3791 Graeci
361 3729 464 3790 dicunt
490 3731 595 3808 χαῖρε.
640 3732 750 3806 Latini,
800 3731 951 3812 tiplicatur
972 3732 1007 3791 iis
1029 3732 1125 3811 gratia
1148 3740 1179 3791 et
1200 3752 1275 3812 pax,
1305 3735 1412 3814 quibus
1435 3757 1493 3797 me·

57 3836 124 3892 are,
156 3816 250 3876 salve.
275 3817 392 3897 Estque
418 3817 590 3877 verosimile
613 3819 751 3898 angelum
799 3827 914 3878 morata
936 3819 1051 3897 gratiae
1080 3826 1109 3876 et
1136 3821 1218 3898 pacis
1248 3818 1327 3879 dona
1357 3841 1493 3882 accumu-

56 3901 195 3964 Hebraea
209 3903 314 3982 lingua
329 3904 507 3964 salutantem
529 3903 648 3964 beatam
662 3906 751 3984 virgi·
799 3904 898 3964 lentur
921 3915 952 3962 et
974 3913 1119 3983 augentur
1140 3906 1172 3965 in
1194 3905 1266 3966 dies.

56 4010 118 4050 nera
148 3989 225 4050 Lne
260 3995 303 4063 1.,
337 3998 367 4050 et
394 3990 535 4051 mulieres
562 3991 668 4051 Mattb.
698 3992 750 4051 ult
843 3996 872 4051 A
886 3993 956 4052 Dea
971 3993 1069 4051 Patre
1085 4000 1194 4053 austro
1213 4001 1242 4052 ct
1256 3995 1398 4054 Domina
1413 3999 1495 4056 Jesu

55 4075 203 4137 Hebraico
219 4096 301 4137 more
316 4076 445 4137 dixisse:
467 4077 535 4137 Pax
551 4086 663 4153 tecum3
683 4078 752 4136 Pax
801 4079 931 4140 Christo.
958 4078 1064 4139 Potest
1079 4099 1116 4139 ex
1133 4078 1249 4140 Graeco
1264 4087 1357 4154 textu,
1374 4081 1399 4140 si
1414 4082 1495 4142 nuda

55 4163 214 4237 vobiscum,
230 4163 282 4224 ubi
298 4163 486 4245 evangelista
501 4163 617 4224 Graece
634 4165 752 4244 scripsit
801 4166 866 4243 ejus
882 4163 973 4226 verba
988 4165 1215 4239 consideremus,
1239 4169 1327 4227 etiam
1344 4167 1387 4226 sic
1401 4169 1493 4228 verti:

56 4251 166 4328 χαῖρε,
195 4245 334 4328 χαίρετε.
357 4255 434 4310 Ave.
457 4254 563 4311 Avete.
601 4251 650 4311 Sic
673 4252 751 4311 enim
800 4256 829 4311 A
852 4254 920 4312 Deo
946 4260 1041 4328 patre
1066 4261 1175 4314 nostro
1198 4261 1227 4313 et
1253 4256 1387 4315 Domini
1412 4258 1495 4317 Jesu

56 4345 83 4397 et
102 4335 240 4399 Christus
264 4357 335 4398 suos
358 4336 519 4418 discipulos
538 4338 687 4397 salutasse
709 4337 750 4398 le·
801 4339 925 4399 Christi.
948 4338 1009 4398 Sed
1032 4339 1125 4400 multo
1147 4340 1252 4400 melius
1275 4361 1307 4401 se
1329 4339 1421 4400 babet
1442 4363 1493 4401 no·

55 4425 127 4502 gius
161 4424 237 4485 Luc.
273 4427 324 4486 24.
359 4432 388 4484 et
420 4425 510 4485 Joan.
549 4427 599 4484 20.
633 4424 750 4484 dicens:
800 4432 861 4484 stra
883 4426 989 4498 versio,
1013 4447 1091 4506 quae
1107 4436 1137 4487 et
1155 4426 1279 4487 aliorum
1301 4428 1494 4507 interpretum

55 4510 119 4572 Pac
150 4511 256 4573 vobis:
288 4510 428 4592 adeoque
460 4513 626 4591 praecepit,
659 4518 751 4572 ntea
800 4521 859 4587 est3
882 4519 912 4571 et
934 4515 1052 4574 omnino
1075 4514 1240 4574 retinenda.
1284 4515 1392 4594 Neque
1415 4517 1493 4575 enim

55 4597 198 4660 nlumndi
212 4596 313 4659 forma
328 4605 489 4658 uterentur.
512 4599 627 4674 Dicite,
646 4598 749 4678 inquit,
798 4599 962 4679 Apostolus
992 4602 1074 4680 prius
1108 4600 1221 4662 diceret
1248 4601 1347 4661 Deum
1379 4609 1492 4681 patrem

52 4702 115 4760 pua
134 4687 210 4750 duic
231 4685 357 4750 domui.
378 4686 452 4747 Luc.
477 4687 525 4746 10.
797 4694 938 4761 nostrum,
962 4695 994 4746 et
1015 4686 1124 4748 deinde
1142 4697 1257 4770 patrem
1272 4688 1350 4750 Jesu
1366 4687 1492 4765 Christi3
