3254 5190
94 246 166 328 m
604 248 1046 307 commrmmsncimn

88 432 120 490 in
135 430 275 490 notitiam
290 450 387 492 meam
400 430 544 502 venisset,
560 428 699 489 revixit
690 448 722 487 ιιι
736 445 785 487 ιιι
835 438 887 489 aut
902 422 1083 491 institutum
1099 437 1153 506 est,
1164 441 1224 492 ιιι
1238 430 1314 512 quid
1329 432 1455 495 simile.

88 525 254 601 peccatum.
278 515 369 596 Quod
385 515 522 596 intellige
540 515 651 574 iactum
667 513 786 575 duobus
834 517 994 577 verborum
1011 525 1041 576 et
1063 536 1169 577 sensus
1193 527 1255 578 ιιι.
1280 521 1323 580 Et
1345 521 1389 581 sic
1411 540 1446 583 re

90 602 196 677 modis,
211 604 324 684 quibus
339 624 356 663 e
372 605 518 663 corbario
535 601 665 661 diximus
680 619 786 680 pecca-
836 605 977 681 comperi,
994 602 1101 682 legem,
1114 623 1168 664 seu
1179 603 1256 682 legis
1267 606 1455 667 mandatumi

89 700 153 750 turn
169 690 235 748 'sinc
249 690 318 770 lege
333 697 481 749 mortuum
497 702 579 750 esse:
606 687 719 747 scilicet
733 706 787 766 per
835 688 948 768 dequo
964 708 1068 769 supra,
1090 689 1207 770 quoda
1222 691 1288 752 Deo
1311 693 1455 755 uatumt'i

90 777 312 856 cognitionem
304 797 370 857 ipsi
361 795 405 848 ιι
421 795 511 856 quam
526 776 577 835 lex
592 782 741 854 praestat,
758 780 788 832 et
835 796 937 856 perse
953 774 1130 846 ordinatum,
1146 777 1456 859 uthominemperdu

91 864 316 943 cousequenter
337 883 393 943 per
413 861 556 922 melorum
571 860 787 921 desideriorum
835 860 983 922 advitam
1010 871 1041 922 et
1063 862 1203 933 salutem,
1223 864 1314 942 juxta
1335 865 1414 925 illud
1435 866 1455 927 1

91 950 313 1009 exuberantiam
325 969 425 1029 ,qnae
441 949 626 1008 occasionem
641 946 734 1006 babet
748 964 787 1004 ιι
839 949 902 1007 18η
918 951 1006 1027 Quae
1019 950 1144 1024 [αιιιιι
1158 951 1250 1010 bomo
1266 953 1455 1014 vivetineia

90 1037 167 1116 loge.
775 1053 777 1057 ’
834 1036 933 1114 ipsum
948 1035 1020 1094 mihi
1035 1034 1143 1096 cedere
1158 1036 1198 1096 ad
1213 1045 1348 1111 mortem,
1364 1041 1455 1119 quial

132 1122 298 1201 OaJ‘aunus
319 1121 491 1182 mandatum
517 1120 660 1199 intelligit
685 1116 787 1177 datum
836 1129 979 1182 aeternae
1005 1141 1053 1181 me
1078 1122 1177 1201 palam
1202 1122 1335 1184 reddidit
1360 1124 1455 1186 obnor

90 1207 289 1269 invParsdiso.
306 1207 365 1269 Sed
381 1206 530 1288 quomodo
546 1227 601 1287 per
616 1203 690 1264 illud
704 1223 786 1264 mau-
838 1207 901 1266 Alii
916 1207 954 1268 de
968 1210 1032 1267 vita
1042 1209 1179 1286 justitiae
1195 1219 1225 1268 et
1241 1218 1337 1271 morte
1352 1221 1455 1291 peccat

89 1293 191 1355 datum
207 1297 353 1356 revixerit
364 1302 530 1375 peccatum,
543 1313 610 1353 cum
622 1311 678 1353 nee
690 1290 787 1350 latens
836 1303 1054 1375 terpretantur3
1080 1295 1132 1354 sed
1156 1296 1253 1355 miuus
1267 1297 1455 1375 probabilite

89 1384 209 1462 peccati
224 1380 320 1443 lomes
336 1391 407 1442 tunc
423 1389 505 1441 esset
519 1380 549 1440 in
563 1380 700 1450 homine,
725 1396 786 1437 non
836 1378 907 1441 dixi.
930 1381 954 1440 J
955 1400 1002 1439 am
1025 1380 1173 1461 quomodo
1196 1383 1372 1443 mandatum
1388 1383 1455 1445 iuer

88 1476 191 1549 potest
205 1469 243 1528 ab
260 1489 296 1530 ec
312 1467 467 1529 commode
484 1466 648 1527 secundum
659 1465 785 1545 scriptu·
835 1477 967 1539 mortem,
984 1487 1021 1526 ne
1036 1487 1140 1527 rursus
1156 1469 1253 1553 ipsum
1265 1469 1455 1531 mandatum-

91 1575 154 1615 ram
169 1555 325 1636 explicari.
837 1574 903 1615 sare
918 1553 1067 1622 videatur,
1093 1556 1225 1634 repetita
1240 1558 1398 1635 superiore
1413 1577 1455 1618 ιιι

132 1641 284 1723 Quaeres,
308 1644 334 1702 si
350 1643 460 1702 revixit
473 1651 643 1721 peccatum,
666 1637 786 1718 quando
836 1643 918 1700 tione
932 1639 1074 1712 declarat,
1089 1649 1123 1699 ut
1138 1644 1289 1722 sequitur:

89 1731 201 1789 vixerit
235 1728 346 1790 ιιιιιιῗ
391 1726 567 1808 Respondet
601 1726 788 1804 Augustinus
882 1733 929 1786 11.
947 1728 1029 1786 Nam
1038 1737 1215 1805 peceatum,
1233 1734 1455 1791 oeconomos«

89 1824 208 1897 quaest.
226 1821 252 1875 1.
269 1815 308 1876 ad
324 1816 446 1895 simpl,
466 1823 498 1874 st
520 1813 570 1872 lib.
586 1820 690 1872 contra
713 1810 787 1871 dues
833 1813 1111 1890 permundatum,
1128 1816 1444 1958 seducitme,etper

91 1904 177 2006 epist.
194 1902 297 1982 Pelag.
314 1923 379 1981 cap.
397 1904 435 1976 9.,
450 1903 564 1962 ιίιίιιι
577 1901 607 1960 in
623 1901 719 1978 primo
735 1898 786 1957 bo·
836 1901 957 1961 occidit.
972 1901 1114 1976 Seducit,
1132 1902 1249 1963 Graece
1264 1893 1455 1981 ἐξηπάτησε

89 2010 169 2050 mine
180 1998 333 2069 peccante.
348 1988 542 2069 Quamquam
554 1984 752 2065 simpliciter
744 2005 785 2043 ιιι
835 1990 925 2063 cepit.
949 1987 991 2045 Et
1012 2007 1119 2047 sensus
1142 1998 1202 2048 ιιι.
1225 1987 1406 2064 Peccatum,
1430 1991 1455 2050 id

88 2077 184 2156 telligi
206 2078 472 2157 potest,reviait,
490 2072 597 2147 idest,
620 2072 786 2132 excitatum
834 2072 930 2133 fomes
945 2073 996 2132 ille
1021 2077 1154 2153 peccati,
1180 2095 1235 2155 per
1256 2074 1450 2149 mandatum,

89 2172 152 2235 est,
168 2171 213 2236 et,
228 2171 264 2221 ut
279 2162 357 2223 idem
371 2161 558 2241 Augustinus
571 2159 695 2238 exponit
701 2177 785 2237 prop.
835 2161 975 2220 utebatur
989 2169 1132 2240 tanquam
1148 2162 1303 2222 occasione
1318 2159 1434 2242 (magis

89 2250 149 2323 38,
171 2267 332 2326 apparare
349 2251 459 2324 eoepit.
834 2245 1022 2306 allubescunt
1032 2245 1147 2324 vetita),
1160 2247 1279 2329 decepit
1291 2268 1339 2308 me
1350 2259 1382 2310 et
1394 2250 1455 2311 abe

121 2336 183 2396 10
207 2339 276 2411 Epo
302 2342 410 2394 autem
436 2341 582 2393 mortuus
607 2350 684 2391 sum.
719 2328 785 2400 Vel,
834 2332 922 2406 iecit3
946 2353 1006 2393 non
1027 2333 1107 2414 quod
1129 2341 1219 2394 antes
1229 2337 1331 2412 justus
1347 2356 1446 2396 essem

89 2430 234 2482 ιιιοιιιιιιι
253 2424 315 2498 [ιιι.
346 2420 520 2482 verbaliter
544 2420 621 2479 enim
636 2417 693 2476 boc
707 2417 784 2476 seci-
834 2421 904 2499 qnia
920 2418 1038 2498 longius
1052 2441 1101 2480 me
1115 2420 1242 2480 abduxit
1264 2440 1284 2480 a
1304 2423 1357 2482 via
1376 2423 1455 2500 justi

88 2508 244 2589 piendum,
260 2528 329 2567 nam
345 2507 461 2567 Graece
475 2516 523 2565 est
539 2496 702 2563 ἀπέθανον.
725 2503 785 2562 Ει·
834 2506 921 2565 simul
936 2514 968 2565 st
982 2525 1036 2585 per
1052 2506 1127 2566 illud
1141 2506 1260 2577 occidit,
1275 2507 1325 2566 vel
1335 2518 1455 2570 morter

88 2597 209 2675 ponitur
237 2602 340 2654 autem
371 2592 537 2672 dupliciter.
576 2591 644 2651 Uno
681 2588 785 2649 modo:
834 2592 924 2691 tuali,
950 2592 1094 2653 videlicet
1119 2595 1391 2673 praevaricatorem
1414 2612 1455 2655 ms

88 2682 253 2762 Postquam
268 2681 381 2740 revixit
396 2687 562 2758 peccatum,
579 2697 634 2756 ego
649 2683 785 2735 mortuus
835 2678 935 2748 ciens,
959 2680 1012 2758 qui
1027 2681 1113 2758 prius
1128 2682 1233 2740 vivere
1248 2678 1391 2754 videbar3
1414 2681 1455 2741 ιι

89 2787 154 2826 sum
173 2776 269 2827 morte
283 2768 419 2839 animas,
441 2766 490 2825 cui
504 2766 570 2822 vita
581 2763 721 2842 justitiae
736 2781 785 2839 op·
834 2765 894 2822 tius
909 2765 1027 2831 oceidit.
1044 2764 1075 2824 id
1091 2773 1145 2837 est,
1163 2766 1259 2825 reatui
1273 2767 1381 2826 mortis
1394 2778 1455 2828 aeti

88 2855 226 2933 ponitur;
238 2873 298 2913 nou
310 2860 412 2912 tamen
423 2850 700 2932 quomodocumque
710 2867 785 2907 mor·
835 2850 969 2928 subjecit.
986 2851 1047 2910 Ubi
1061 2871 1163 2911 rursus
1179 2851 1323 2930 intellige,
1339 2860 1372 2913 ut
1383 2872 1440 2934 per
1452 2880 1455 2905 ι

88 2949 165 3011 tuus,
180 2941 266 3020 quia,
283 2942 370 2998 etiam
387 2939 452 2998 siue
467 2940 536 3017 lege
550 2937 665 3007 vivens,
679 2953 786 2994 revers
834 2938 964 3007 sionem,
990 2957 1058 2997 narn
1086 2937 1176 3007 illud,
1204 2941 1367 3000 occasione
1395 2959 1455 3001 aco

88 3035 227 3087 mortuus
253 3045 350 3098 eram,
373 3024 430 3084 sed
455 3033 548 3084 morte
570 3021 786 3089 manifestaris,
835 3024 925 3082 etiem
940 3024 999 3082 huc
1014 3023 1204 3083 referendum
1220 3035 1271 3083 est.

88 3122 212 3192 propter
240 3110 427 3171 manifestam
454 3112 529 3190 legis
555 3106 784 3188 praevaricatio·
876 3108 943 3168 Nec
963 3111 1088 3182 mirum,
1114 3112 1140 3169 si
1165 3118 1327 3189 peccatum
1348 3111 1455 3173 occidit

88 3218 171 3272 nem,
189 3208 222 3257 ut
232 3201 296 3278 jam
312 3217 369 3257 nec
384 3204 565 3277 apparenter
578 3196 720 3254 viverem.
834 3194 1024 3266 mandatum,
1046 3196 1168 3274 quando
1190 3206 1222 3256 et
1244 3198 1342 3276 ipsum
1358 3197 1455 3259 mand

134 3284 239 3357 Aliter,
255 3292 286 3345 et
299 3284 421 3344 melius:
445 3281 667 3355 Mortuussui,
685 3278 785 3350 idest,
834 3280 971 3341 occidere
997 3280 1120 3353 dicitur,
1144 3285 1229 3363 quis,
1253 3303 1320 3342 cum
1344 3304 1454 3345 sanare

89 3369 248 3431 manifeste
262 3369 364 3430 lactus
376 3371 526 3431 obnoxius
538 3368 627 3426 morti
637 3372 786 3436 aeternae,
833 3369 936 3448 possit,
952 3379 1073 3427 inertem
1090 3369 1150 3428 suis
1165 3371 1441 3447 transgressoribus

88 3470 212 3537 propter
226 3455 432 3528 manifestam,
448 3466 484 3516 nt
498 3454 609 3514 dictum
624 3460 685 3524 est,
711 3451 785 3529 legis
833 3456 964 3514 minatur
986 3464 1018 3514 et
1039 3455 1158 3534 irrogat.
1193 3456 1240 3515 Ita
1262 3475 1394 3535 namque
1421 3456 1455 3519 di·

90 3546 365 3623 transgressionem.
391 3542 471 3603 Nam
492 3550 618 3600 mortem
633 3547 785 3598 aeternam
834 3541 911 3601 esti
927 3538 996 3600 Cor.
1013 3540 1059 3599 3.:
1075 3542 1185 3601 Litora
1200 3541 1320 3601 cecidit.
1335 3543 1398 3624 Qui
1414 3564 1455 3624 pe

89 3629 230 3710 intelligi,
246 3648 325 3710 quae
341 3629 583 3709 transgressionis
607 3634 654 3685 est
679 3643 785 3704 poene,
833 3628 953 3687 nornine
975 3626 1127 3687 diabolum
1149 3627 1339 3707 intelligunt.
1368 3637 1398 3689 et
1422 3629 1455 3691 ba

88 3717 178 3797 plane
194 3716 331 3786 suadent,
347 3735 426 3795 quae
441 3714 498 3775 sub
513 3715 603 3773 tinem
618 3712 725 3789 eapitis
737 3729 784 3769 su·
833 3713 928 3773 Paulo
944 3709 1025 3773 dicta
1038 3713 1145 3774 volunt
1157 3715 1189 3774 in
1204 3733 1331 3794 persona
1347 3724 1455 3797 protop

88 3804 216 3883 perieris
231 3802 310 3861 dicta
324 3811 396 3861 sunt
410 3801 555 3861 huicloco
568 3806 783 3858 consentanea:
833 3798 884 3859 vel
908 3818 945 3858 ex
968 3818 1004 3858 eo
1020 3798 1253 3878 redarguuntur,
1283 3800 1364 3880 quod
1386 3804 1456 3881 scri}

90 3891 183 3954 Finis
203 3889 333 3948 illorum
354 3906 440 3948 more
462 3895 524 3961 ast,
553 3894 601 3945 et:
624 3883 785 3959 stipendia
833 3906 893 3945 non
908 3884 1020 3956 Adam,
1036 3885 1089 3945 sed
1102 3886 1219 3946 Hevam
1234 3893 1361 3946 testatur
1376 3908 1396 3947 s
1411 3888 1455 3949 dia

85 3979 209 4052 peccati
223 3993 326 4049 mors,
351 3983 398 4046 et,
426 3973 508 4054 quod
530 3973 579 4032 hic
601 3970 692 4049 paulo
715 3978 787 4029 ante
834 3971 989 4050 deceptam
1005 3969 1116 4044 luisse,
1139 3972 1214 4033 Gen.
1229 3976 1273 4044 3:‚
1300 3970 1449 4036 20or.l

88 4061 201 4123 dictum
227 4061 265 4122 de
288 4061 481 4142 passionibus
507 4065 714 4138 peccatorum:
746 4058 786 4117 Ut
837 4064 850 4118 1
871 4058 949 4118 Tim.
967 4059 995 4116 2.

86 4149 323 4226 [metiliccrent
337 4149 442 4207 morti.
466 4148 554 4227 Quae
569 4142 694 4223 quidem
708 4162 785 4202 mor·
879 4147 927 4203 12.
943 4144 1056 4220 Itaque
1065 4145 1115 4205 lea
1124 4145 1251 4221 quidem
1260 4153 1455 4229 aanoeugetu

90 4239 130 4296 tis
146 4237 282 4315 acceptio
297 4243 393 4294 totum
408 4233 487 4293 hunc
502 4230 643 4311 Apostoli
665 4238 784 4290 contex·
834 4231 946 4290 dutum
972 4239 1134 4306 sendum,
1163 4239 1192 4291 et
1210 4236 1335 4305 justum
1359 4241 1390 4292 et
1405 4234 1455 4297 bos

88 4331 149 4383 tum
166 4321 266 4384 reddit
280 4319 435 4382 intellectu
449 4320 624 4399 planiorem.
833 4319 943 4378 Merito
960 4319 1024 4377 sive
1040 4315 1097 4386 lex,
1113 4319 1179 4379 sive
1193 4318 1367 4379 mundatum
1382 4320 1455 4381 haee

131 4411 174 4471 Et
203 4411 372 4468 inuentum
402 4413 445 4467 est
473 4408 553 4465 miti
581 4402 784 4477 amedaram,
834 4405 918 4465 theta
930 4403 987 4464 sibi
997 4404 1139 4475 vindicat,
1152 4406 1225 4485 quia
1236 4424 1296 4465 uon
1306 4408 1455 4488 praecipit

87 4496 173 4572 quod
188 4502 259 4554 erat
273 4496 317 4554 ad
329 4498 440 4568 uitam,
456 4490 784 4553 bocesaeudmortam.
834 4490 913 4572 quod
936 4500 1085 4563 sanctum,
1109 4501 1139 4550 et
1155 4493 1273 4569 justum
1296 4501 1327 4553 et
1341 4491 1455 4555 bonum

89 4583 181 4662 Quod
197 4588 267 4641 erut
281 4580 325 4641 cd
341 4583 459 4654 vitum,
483 4578 615 4640 Graece:
637 4575 723 4652 quod
742 4576 786 4635 od
834 4596 890 4638 nec
905 4576 1058 4657 prohibet.
1085 4579 1142 4637 nisi
1158 4578 1204 4637 his
1219 4579 1378 4639 concana
1402 4579 1455 4641 Pn

86 4671 204 4744 υιιαιιι,
226 4676 260 4728 ut
281 4668 377 4748 possit
394 4666 524 4744 intelligi
546 4671 633 4738 eret,
656 4669 709 4723 aut
723 4670 784 4739 est,
834 4684 894 4724 non
909 4662 1021 4724 accidit
1037 4665 1111 4725 vitio
1126 4664 1204 4744 legis
1218 4670 1272 4724 aut
1285 4663 1439 4741 mandeti,
1452 4696 1455 4715 ι
