3254 5190
100 267 174 338 itt
609 255 844 313 conneuranne
860 253 894 310 nr
910 253 969 312 cm
983 254 1040 311 u,-
1114 262 1118 299 ι

97 437 129 498 id
149 445 203 509 eet,
225 433 356 496 madanti
374 435 442 496 sive
463 433 601 496 translati
623 450 679 515 per
701 453 793 495 evan·
841 431 1035 515 bispropono
1049 431 1211 492 etavobis
1223 429 1419 512 exige-idque

61 568 65 574 -
96 525 168 606 gelli
187 521 448 603 praedicationem.
472 521 562 601 Quod
584 520 718 582 nonnulli
741 539 795 601 per
842 527 888 578 ter
902 519 1101 580 infirmitatem
1120 519 1216 579 carnia
1237 529 1373 592 nestram
1395 537 1419 597 q·

96 610 283 693 hypallagen
306 616 477 689 exponunt:
503 612 539 671 ia
562 626 660 688 quam
681 609 795 667 traditi
842 614 898 679 eat,
913 605 983 666 nolo
998 625 1054 666 vos
1077 625 1201 683 onerare
1216 606 1355 684 graviore
1370 609 1419 684 pra

97 702 178 773 eatis,
202 697 302 772 idest,
324 715 404 777 qnae
423 695 535 755 tradita
554 708 601 756 est
614 693 710 755 robis·
735 694 792 757 Vc·
843 693 989 773 Quamvis
1004 693 1081 752 enim
1097 694 1218 773 spiritus
1234 699 1419 772 promptnss

96 804 160 845 rnm
181 784 317 863 superior
335 782 497 864 propositio
518 784 614 862 magia
635 782 739 861 exigit,
762 791 796 842 ut
842 786 940 840 tamen
956 780 1073 841 infirma
1088 788 1144 839 est

95 870 293 953 significetur,
321 870 400 951 quod
426 869 484 951 ipsi
510 888 565 930 sua
587 868 743 928 voluntate
764 877 795 930 at
886 865 1017 927 Nomine
1033 868 1131 927 carnis
1146 864 1419 946 intelligipotestr

95 967 262 1038 spontanea
278 955 447 1016 obedientia
459 974 492 1015 se
506 955 687 1017 tradiderint
701 975 792 1017 evan·
842 951 929 1012 homo
955 962 1104 1033 quatenus
1125 953 1256 1013 urnalis
1282 961 1341 1025 eat,
1363 950 1402 1017 ad

94 1045 183 1124 gello,
205 1043 290 1123 cujus
304 1042 431 1122 proinde
445 1043 524 1103 servi
538 1044 597 1102 sint
611 1042 689 1102 iacti.
841 1059 960 1121 pronus,
984 1050 1014 1100 et
1035 1038 1075 1099 ad
1098 1041 1207 1101 bonnm
1227 1039 1368 1112 infirmus,
1390 1056 1419 1120 qr

139 1131 234 1191 Porro
250 1150 311 1190 non
334 1131 398 1209 agit
416 1131 530 1209 gratias
545 1129 613 1190 Deo
630 1148 683 1209 pro
698 1129 793 1191 servi·
842 1127 954 1186 dictam
970 1136 1019 1186 est
1032 1125 1162 1187 Genesis
1179 1129 1226 1187 e:
1248 1127 1322 1187 Noa
1337 1145 1419 1202 pam

93 1227 157 1279 tute
172 1217 299 1298 peccati.
323 1236 413 1296 qnam
436 1215 599 1297 aliquando
621 1216 704 1296 passi
725 1218 793 1289 sint,
841 1217 973 1291 apis-itas
992 1232 1079 1275 mena
1098 1216 1135 1274 in
1156 1215 1286 1276 bomine
1304 1217 1342 1274 in
1360 1220 1419 1273 oet«

94 1313 237 1386 tanquam
258 1303 331 1363 illud
347 1312 430 1362 esset
443 1303 502 1364 Dei
523 1304 717 1380 beneficium
740 1302 793 1365 sed
841 1305 919 1379 quic
935 1320 1010 1362 coro
1025 1309 1089 1377 ειη
1110 1302 1161 1362 vel
1177 1303 1282 1365 innata
1302 1300 1416 1361 bomini

94 1392 213 1474 phrasis
234 1400 281 1450 eet
300 1389 470 1464 Hebraioa‚
493 1410 613 1452 sensnm
636 1390 715 1450 bunc
739 1390 792 1451 ha·
841 1390 995 1471 placentia,
1018 1388 1148 1450 reddens
1163 1408 1229 1451 enm
1248 1388 1419 1449 carnalem«

95 1482 185 1542 bens:
212 1475 319 1547 Gratia
341 1477 409 1537 Deo
433 1477 585 1551 habenda,
607 1475 704 1559 qnod,
727 1497 792 1538 cum
840 1477 1419 1556 mnm;tameteipriorintellectnsmagir

95 1567 211 1632 ineritis
237 1566 317 1625 servi
342 1565 476 1644 peccati,
503 1583 584 1624 nnnc
607 1584 624 1624 e
647 1583 792 1624 converse
884 1563 1090 1643 Hieronymus
1114 1565 1146 1624 in
1168 1564 1296 1647 epistola
1321 1562 1360 1624 ed
1383 1562 1419 1623 Al

95 1653 267 1714 obedieritis
293 1650 454 1722 excorio,
478 1653 583 1726 idest,
606 1661 667 1712 toto
692 1653 792 1712 animo
842 1659 958 1730 quaest.
971 1653 1017 1712 10.
1028 1651 1162 1730 phrasim
1171 1653 1255 1721 hauc,
1266 1652 1419 1711 humanm

95 1740 295 1818 vosmetipsos
331 1742 557 1820 composueritis
593 1737 634 1799 ad
668 1737 793 1798 formum
842 1738 935 1798 refert
955 1738 1033 1799 inter
1054 1758 1119 1810 eas,
1142 1760 1221 1821 quae
1243 1738 1347 1809 Panlo,
1370 1748 1404 1798 ut

96 1827 294 1905 evangelicae
306 1825 466 1902 doctrinae,
478 1830 526 1889 cni
541 1825 699 1888 contraditi
712 1828 792 1889 eatis.
843 1826 995 1899 Tarsensi,
1018 1836 1048 1887 et
1065 1827 1169 1906 lingna
1183 1826 1310 1891 Cilicum
1324 1827 1419 1885 utenti

96 1913 217 1976 Similes
229 1923 300 1973 sunt
310 1913 485 1983 locutiones,
501 1915 602 1976 Isaiae
615 1915 664 1974 12.
675 1936 682 1973 ε
707 1915 793 1976 Con·
842 1915 1025 1996 peculiarem
1037 1913 1286 1994 quemadmodum
1298 1922 1329 1973 et
1340 1912 1419 1972 illam

95 2001 207 2079 fitebor
221 2000 288 2076 tibi,
304 2001 453 2077 Domine,
474 2005 629 2079 quoniam
644 2002 747 2063 ircim
763 2018 794 2060 ca
843 2007 887 2063 4.:
910 2001 951 2062 cb
972 2001 1116 2062 hnmano
1131 2002 1191 2062 die.
1215 1999 1312 2063 Simili
1333 2001 1419 2061 ratior

96 2088 187 2162 milri,
211 2105 379 2148 convertus
396 2096 439 2149 eat
452 2092 550 2166 [asor
565 2097 648 2164 traca,
672 2096 702 2148 et
716 2104 793 2149 cott-
842 2091 985 2149 tationem
999 2088 1155 2149 humanam
1167 2090 1302 2150 nominat
1313 2086 1419 2166 ejusde

96 2174 216 2236 solatas
229 2192 330 2249 ame,
347 2184 378 2234 et
387 2177 458 2236 Luc
476 2180 541 2238 lo:
565 2175 795 2238 Manducemus
842 2175 924 2236 telae
935 2194 999 2254 cap.
1016 2176 1064 2235 10.
1082 2174 1175 2236 Porro
1188 2177 1348 2237 humanum
1361 2174 1419 2235 illm

95 2270 126 2321 et
140 2262 316 2337 epulemur,
340 2267 418 2338 quic
432 2263 482 2322 bic
503 2264 590 2340 illius
604 2280 692 2322 meas
705 2280 793 2322 mor-
843 2262 923 2335 dicit,
941 2264 1008 2341 jam
1023 2263 1163 2342 seqnitur.

96 2355 170 2410 tuus
184 2354 263 2422 croi,
280 2354 309 2408 et
321 2352 448 2425 recinit,
463 2353 619 2426 perierat,
636 2352 794 2409 etinven-
885 2351 974 2410 sicae
988 2352 1071 2408 enim
1089 2348 1270 2411 exhibuistis
1280 2346 1419 2408 membro

95 2443 146 2497 tm
160 2443 213 2494 cot.
235 2434 258 2494 J
261 2454 309 2494 am
324 2437 350 2494 si
364 2438 480 2515 gratiae
493 2436 561 2497 Deo
573 2444 642 2496 sunt
656 2434 795 2515 agendae
842 2439 960 2496 aeroire
971 2435 1235 2498 immunditiceet
1245 2437 1413 2511 iniquitati

95 2542 150 2603 pro
166 2541 211 2592 eo,
234 2528 313 2601 qnod
331 2540 369 2581 ex
391 2522 480 2583 corde
501 2522 644 2583 obediunt
659 2522 793 2582 homines
843 2526 1014 2601 quitatem,
1047 2525 1094 2582 ito
1121 2541 1209 2584 arnae
1236 2523 1374 2584 exbibete
1398 2542 1419 2582 a

96 2608 263 2686 evangelio,
279 2608 368 2687 igitur
379 2608 550 2669 obedientie
564 2610 728 2669 voluntatis
741 2608 794 2666 hu·
843 2616 948 2670 cestro
963 2611 1081 2669 servire
1098 2613 1242 2684 justitiae
1260 2612 1297 2670 ia
1312 2612 1419 2686 tuadi

95 2712 204 2755 manae
226 2702 348 2773 etopus
369 2705 399 2754 et
420 2693 530 2755 donum
544 2696 606 2757 Dei
621 2703 675 2768 est,
695 2701 733 2755 ct
753 2712 794 2754 ae
842 2714 924 2756 nem.
955 2695 1007 2754 ita
1036 2712 1142 2772 nanc,
1166 2695 1296 2770 Graece,
1318 2699 1365 2756 ito
1389 2704 1419 2756 ct

94 2783 164 2858 qaia
177 2781 342 2856 ploriaetur,
366 2782 443 2861 Epir.
460 2784 489 2840 2.
842 2781 1014 2843 Notandum
1024 2801 1144 2863 quoqne
1154 2781 1307 2865 proverbe
1319 2786 1419 2844 sernia

141 2870 189 2927 18.
213 2866 357 2927 Liberata⁸
375 2876 481 2928 cutem
506 2876 682 2946 opeccoto,
711 2868 794 2927 servi
841 2866 1419 2950 biqneinGrneooessenomenneutrnn

93 2954 175 3030 sacti
186 2955 258 3013 estis
267 2956 419 3027 justitiae.
432 2953 537 3014 Datioi
547 2974 634 3015 casus
646 2957 791 3028 emacta-
842 2956 873 3016 id
896 2965 950 3026 est,
972 2972 1073 3030 acron,
1098 2958 1172 3030 eive,
1193 2967 1227 3017 nt
1240 2955 1419 3017 Tertulliani

94 3043 167 3099 tiae.
182 3040 232 3100 Sic
246 3040 323 3099 enim
339 3038 468 3102 habetur
483 3042 513 3101 in
530 3040 647 3102 Graeco
659 3032 792 3101 tocotd·
841 3042 898 3103 bns
913 3043 933 3102 1·
945 3043 990 3101 cis
1013 3052 1083 3101 ante
1097 3044 1199 3104 citatis
1216 3043 1304 3122 legit,
1325 3044 1419 3120 soom

97 3120 427 3207 exercitaremur,
444 3126 793 3206 acsidioat,manoipati
842 3129 954 3189 delicet
975 3126 1156 3207 adjectivum
1180 3128 1360 3189 substantivi
1386 3121 1419 3187 td

93 3211 792 3295 estisjustitiae.Cohaeretlraeoparseumprae·
840 3214 995 3290 membru,
1018 3224 1052 3275 nt
1074 3217 1202 3276 servitus
1220 3214 1297 3276 haee
1312 3216 1419 3295 ipsisn

93 3297 233 3369 cedente¹
257 3305 398 3378 tanquam
421 3298 583 3378 explicatio
607 3301 687 3378 ejus,
711 3299 791 3382 qnod
841 3301 997 3362 tribuatur.
1020 3301 1139 3362 Deinde
1155 3301 1261 3362 eadem
1275 3303 1419 3382 utrobiqu

92 3383 179 3453 (lixit,
200 3385 311 3462 scistis
333 3389 416 3446 servi
434 3388 567 3461 peccati.
589 3385 668 3447 Nom
687 3405 792 3448 sensns
841 3388 951 3468 positio
967 3395 1015 3446 est
1028 3379 1085 3464 εἰς,
1102 3389 1146 3448 od
1159 3391 1374 3467 iniquitatem,
1391 3405 1419 3448 or

93 3480 152 3530 est:
175 3469 307 3545 Gratias,
332 3475 461 3552 inquam,
476 3473 553 3545 Deo,
576 3473 657 3553 quud
673 3474 792 3535 liberati
841 3476 1055 3552 titicatioaem.

91 3558 244 3636 apeccati
260 3557 401 3630 dominio,
423 3562 506 3619 acroi
526 3561 609 3637 sacti
631 3563 703 3621 eaiia
720 3565 792 3634 ius·
884 3560 1012 3621 Sensus:
1036 3557 1113 3620 Cum
1138 3561 1245 3621 merito
1273 3559 1419 3621 deberetis

91 3646 196 3719 titioe,
220 3663 327 3724 nempe
353 3665 407 3725 per
433 3646 505 3719 hoc,
527 3647 608 3726 qnod
632 3647 791 3728 evangelio
841 3647 940 3724 majus
956 3647 1087 3707 studium
1111 3646 1283 3727 impendere
1306 3646 1419 3709 servitu

92 3729 277 3803 obedivistis,
300 3751 336 3791 ac
355 3734 380 3792 si
395 3730 483 3803 dicat,
506 3751 525 3790 a
539 3734 683 3811 probrosa
698 3734 791 3792 servi·
843 3734 913 3804 tiae,
936 3750 1026 3811 qnam
1042 3731 1186 3795 hactenns
1202 3733 1389 3814 impendistis
1404 3753 1419 3793 s

92 3825 165 3886 tute,
190 3816 359 3895 cujusmodi
375 3820 505 3878 maxime
516 3826 562 3877 est
577 3821 707 3880 servitus
721 3838 791 3899 pec·
841 3820 971 3898 peccati,
995 3819 1085 3880 etad
1109 3818 1138 3879 id
1162 3838 1281 3900 possem
1299 3840 1355 3880 vos
1377 3823 1419 3880 ex'

91 3905 161 3976 cati,
180 3904 316 3964 translati
332 3904 371 3963 ad
386 3903 591 3965 honorabilem
607 3907 791 3979 servitutem,
841 3903 953 3966 utendo
976 3905 1077 3965 verbis
1102 3905 1264 3984 ejusmodi,
1286 3906 1397 3987 quibus

91 3990 207 4050 scilicet
225 3990 378 4069 inualidae,
401 4011 463 4071 qna
484 3991 552 4051 Deo
575 3994 713 4052 sortitur.
743 3989 790 4051 Id·
841 3991 1160 4071 alloquitnrJudaeos
1183 4012 1248 4072 cap.
1264 3997 1293 4053 4.
1311 3994 1416 4054 dicens

92 4078 170 4137 circe
185 4077 350 4139 cavendnm
366 4078 453 4138 vobis
469 4096 657 4159 summopere
673 4086 729 4149 est
751 4096 791 4140 ne
839 4081 906 4157 suit
927 4097 1037 4140 censue
1058 4087 1170 4153 vester,
1192 4085 1230 4140 at
1251 4083 1403 4140 erraretis

93 4165 198 4224 iterum
223 4164 378 4243 peccando
404 4165 434 4224 in
461 4166 591 4244 priorem
618 4167 790 4226 servitutem
841 4167 941 4226 decies
952 4173 1081 4226 tontum
1094 4168 1209 4226 iterem
1218 4170 1362 4227 con-versi
1373 4185 1419 4244 rer

89 4249 240 4311 recidatis.
841 4270 931 4330 cum,·
960 4262 1092 4314 attamen
1119 4251 1278 4313 demittens
1300 4255 1419 4313 exlrorlr

135 4337 182 4397 19.
206 4336 397 4398 Humanum
421 4337 510 4411 dico,
536 4345 672 4414 psopter
694 4337 789 4415 intic-
840 4359 935 4400 meam
948 4339 1130 4401 advestram
1148 4339 1356 4411 infirmitatem,
1372 4341 1419 4400 lna

90 4427 231 4483 mitatem
244 4428 350 4484 cornia
365 4431 491 4485 vestroe.
515 4424 631 4486 Suadet
642 4423 681 4485 ab
693 4443 789 4506 aequo
840 4425 960 4487 euobis
975 4428 1105 4508 requiro,
1127 4436 1171 4494 nt,
1194 4428 1272 4486 aient
1294 4427 1419 4487 membre

90 4521 120 4571 et
134 4509 224 4570 incili.
249 4510 331 4581 Rem,
354 4511 460 4589 inquit,
483 4532 541 4572 non
559 4510 720 4584 difficilem,
735 4509 789 4572 scd
839 4512 1004 4593 aliqnando
1018 4513 1201 4596 praebuistis
1224 4511 1419 4574 immunditia·

91 4595 230 4658 humanis
243 4595 359 4656 viribon
376 4597 597 4658 accommodam
614 4608 645 4658 et
660 4596 788 4659 hermano
840 4601 1016 4660 universum
1033 4600 1199 4679 injustitiae
1215 4619 1311 4671 serva,
1335 4598 1375 4660 ad
1391 4620 1419 4681 ⁰l

83 4682 305 4765 judicionalde
326 4702 454 4765 aequam
470 4694 501 4745 et
513 4684 721 4747 rationabilem
735 4703 789 4744 vo·
835 4687 975 4764 justitiae
994 4685 1152 4768 patranda,
1176 4688 1220 4747 ita
1240 4705 1322 4748 nuno
1343 4689 1413 4770 pari

304 4788 322 4837 r!
