3254 5190
645 280 878 334 commeante
896 279 927 332 lll
945 281 1012 334 cal’.
1031 282 1070 335 lll.

615 450 819 520 Slldllldlilllll
840 451 967 519 tllllls
990 453 1109 519 ltulll.

140 607 252 661 Ostendit
269 608 294 660 in
314 609 404 673 qulbus
422 611 511 662 ludaei
530 611 685 673 praecellant
703 606 828 672 gentitus.
848 607 941 659 omnes
960 609 1046 658 tamen
1065 609 1140 660 docet
1153 621 1211 660 esse
1223 610 1270 662 sub
1283 613 1405 674 peccalo,
1425 608 1583 662 nectabere

208 677 240 728 de
260 689 310 741 quo
329 679 489 740 glorientur:
508 684 533 729 et
552 680 659 740 urolnrle
679 689 756 740 egere
772 676 958 738 justificatione
979 687 1025 738 per
1044 675 1122 729 iidem
1142 677 1243 731 Christi.

206 801 290 878 Quid
305 820 379 876 erqo
396 803 534 878 arnoltus
548 802 679 865 Judoeo
696 803 762 861 eat?
779 809 836 860 eat

139 905 221 961 quoe
234 888 355 946 utilitas
367 890 635 948 circumcisio-nia?
648 888 750 947 Oritur
761 889 835 946 haec

140 974 275 1050 quaestio
293 993 329 1032 ex
346 994 381 1032 eo
397 975 477 1053 quod
494 975 618 1048 dixerat,
636 975 834 1034 circumcisio·

140 1079 206 1117 nem
218 1059 290 1118 nihil
298 1059 442 1137 prodesse
451 1062 515 1121 sine
524 1062 600 1139 legis
608 1061 834 1120 observatione:

139 1155 167 1204 et
182 1147 369 1224 praepulium
383 1147 456 1206 nihil
473 1148 579 1207 obesse
596 1148 769 1207 observanti
792 1146 833 1206 le·

138 1250 214 1309 gem.
231 1231 336 1290 Movet
351 1243 449 1291 autem
466 1253 530 1292 eam
543 1237 748 1313 quaestionem
757 1233 833 1291 Pau·

138 1317 185 1376 los
206 1318 237 1375 in
258 1319 384 1394 gratiam
404 1319 609 1378 Judaeorrnn:
634 1340 672 1378 ue
696 1318 835 1378 videatur

83 1446 86 1451 -
138 1421 189 1462 soe
196 1404 317 1462 nimium
326 1403 519 1482 depressisse,
537 1414 679 1485 tanquam
689 1406 761 1464 nihil
774 1405 833 1464 illis

137 1490 314 1569 praestitum
338 1500 417 1550 esset
439 1512 457 1550 a
479 1493 547 1551 Deo
568 1511 640 1570 prae
661 1491 832 1570 gentilibus.

138 1576 252 1636 Sensus
267 1585 328 1635 eet:
345 1578 372 1634 si
386 1577 429 1636 ita
444 1597 477 1636 se
492 1598 539 1638 res
555 1578 657 1647 habet,
673 1589 705 1637 ut
720 1577 833 1637 dictum

139 1671 200 1736 est3
216 1662 288 1741 quid
304 1663 530 1743 igituramplius
539 1685 611 1743 prae
620 1665 734 1743 gentili,
748 1663 832 1744 quid·

138 1769 177 1808 ve
194 1749 331 1806 eximium
341 1745 469 1824 (Graece
480 1744 515 1809 τὸ
528 1743 683 1826 περισσὸν)
692 1751 833 1810 collatum

138 1842 184 1895 est
200 1833 347 1894 Judaeo?
370 1835 444 1915 quid
467 1837 559 1896 habet
573 1837 596 1896 J
598 1836 714 1896 adaeus
727 1838 756 1895 in
774 1854 832 1915 quo

138 1919 325 1999 praecellat?
337 1922 553 2000 deniqueqecae
564 1923 690 1983 utiliter
698 1926 832 1982 circum·

138 2008 285 2066 cisionis?
302 2008 332 2067 id
348 2018 393 2067 est
407 2010 480 2086 quid
496 2008 617 2087 prodest
628 2029 695 2069 esee
708 2011 832 2069 circum·

137 2091 253 2152 cisum?
270 2092 398 2171 Quidam
414 2098 609 2171 posteriorem
624 2096 831 2174 interrogatio·

137 2181 183 2239 nis
198 2188 316 2258 partem
331 2201 397 2239 cum
420 2184 518 2261 priore
541 2180 742 2257 confundunt,
767 2190 831 2239 tan·

137 2285 227 2345 quam
242 2285 332 2325 unum
348 2265 484 2346 idemque
500 2269 692 2349 significetur,
718 2267 775 2327 hoc
791 2270 833 2328 ni·

137 2352 256 2410 mirum:
283 2351 355 2431 quid
381 2353 505 2431 prodest
526 2375 593 2415 esse
615 2355 760 2433 religione
776 2354 832 2413 Ju-

137 2436 268 2498 dacum?

180 2523 240 2584 Sed
267 2526 317 2584 alii
339 2527 449 2587 rectius
473 2526 673 2604 distinguunt,
698 2536 730 2586 ut
752 2528 834 2605 prior

136 2629 206 2690 pars
221 2619 346 2690 quaerat
369 2612 407 2670 de
429 2613 534 2690 populi
560 2615 779 2691 praerogativis
801 2615 832 2672 in

137 2716 261 2775 genere,
284 2697 364 2777 quod
380 2698 417 2756 ad
434 2699 608 2776 religionem
632 2701 778 2777 pertinet,
800 2708 833 2757 ut

137 2790 207 2841 srmt
221 2782 280 2855 lex,
296 2783 474 2862 prophetae,
490 2787 636 2863 posterior
651 2794 750 2845 autem
766 2805 831 2866 spe·

137 2869 253 2927 cialiter
269 2867 306 2929 de
328 2871 566 2941 circumcisione,
592 2890 671 2949 quae
692 2874 832 2930 mandata

136 2955 194 3013 fuit
215 2957 348 3034 ipsorum
362 2957 546 3035 patriarchae
558 2958 588 3016 in
601 2966 693 3017 totam
706 2959 831 3037 posteri·

135 3050 235 3101 tatem.
252 3043 382 3115 Rectius,
401 3045 531 3121 inquam,
547 3042 745 3123 distinguunt:
762 3065 831 3104 nam

136 3129 296 3207 separatim
322 3129 486 3209 Apostolus
511 3129 549 3189 ad
576 3150 626 3190 eae
653 3130 832 3211 respondet,

137 3216 276 3274 continuo
293 3216 412 3294 quidem
436 3215 473 3275 ad
490 3228 604 3295 portem
626 3220 770 3297 priorem,
794 3217 832 3276 ad

137 3303 327 3379 posteriorem
343 3323 415 3362 vero
432 3304 530 3383 capite
547 3306 695 3383 sequenti.

180 3391 208 3446 2.
232 3389 370 3449 Multum
383 3409 444 3465 per
464 3407 587 3449 omnem
604 3392 742 3450 raedam.
765 3390 831 3467 Hy·

135 3474 270 3552 pophora
293 3484 352 3546 est,
376 3496 454 3554 qnae
470 3496 542 3537 suae
559 3479 651 3556 ipsius
668 3480 831 3554 interroga·

136 3561 208 3620 tioni
234 3562 404 3640 respondet.
447 3563 516 3640 Quo
543 3565 694 3624 schemate
721 3565 832 3643 septies

136 3646 236 3707 adhrm
251 3648 344 3707 utitur
359 3649 416 3708 hoc
432 3649 536 3710 eodem
553 3652 668 3729 capite,
692 3661 721 3709 et
742 3670 833 3728 saepe

136 3732 216 3792 alibi.
239 3734 309 3793 Non
330 3737 408 3794 enim
431 3736 525 3795 solum
548 3745 633 3795 ornat
661 3738 832 3809 orationem,

134 3838 238 3879 verum
254 3821 342 3879 etiam
358 3820 395 3880 ad
412 3821 578 3881 docendum
595 3825 763 3903 cumprimis
783 3842 831 3881 ac·

135 3907 319 3966 commodum
335 3916 387 3966 est.
405 3910 553 3983 Multum,
571 3910 675 3988 inquit,
687 3929 748 3984 per
764 3929 832 3969 om·

136 4011 208 4051 nera
225 3994 355 4052 modum
362 4040 373 4070 ,
395 3994 426 4053 id
443 4002 502 4067 eet,
525 3995 615 4053 valde
632 3995 756 4054 multum
771 4017 831 4054 am·

134 4079 212 4157 plius
229 4087 275 4139 est
298 4079 426 4140 Judaeo.
449 4081 509 4139 Hic
526 4083 621 4155 enim,
645 4090 678 4141 ut
693 4081 769 4154 dixi,
793 4083 832 4142 ad

134 4167 262 4243 priorem
278 4174 392 4246 partem
403 4168 590 4246 quaestionis
601 4168 776 4247 respondem
793 4169 832 4228 ad

134 4252 258 4311 alteram
274 4263 380 4330 postea
396 4275 449 4313 suo
471 4253 537 4312 loco
560 4274 774 4333 responsurus:
801 4267 831 4315 ut

134 4338 230 4397 inanis
247 4345 277 4397 et
292 4341 501 4419 intempestiva
517 4341 554 4400 ait
566 4341 623 4400 hoe
635 4343 701 4402 loco
714 4345 830 4421 conjec-

133 4431 200 4482 tura
216 4425 348 4496 Erasmi,
376 4428 428 4506 qui
444 4427 614 4508 suspicatur
628 4449 646 4487 a
661 4429 756 4488 Paulo
772 4450 831 4488 non

134 4508 225 4569 fuisse
242 4513 382 4590 scriptum
398 4507 475 4571 πολὺ
492 4516 644 4590 multum,
662 4515 714 4575 sed
730 4509 831 4593 πολλὴ

133 4597 255 4656 malta:
271 4607 303 4656 nt
319 4598 355 4655 ad
373 4599 531 4660 utilitatem
548 4600 703 4662 referatur.

176 4682 266 4743 Dicet
280 4685 399 4765 aliquis:
426 4684 458 4745 Si
480 4687 603 4747 multum
628 4690 746 4749 omnino
770 4709 829 4748 am·

885 800 963 880 plius
986 807 1032 858 est
1054 799 1172 860 dudaeo
1196 820 1269 879 prae
1291 801 1414 880 gentili3
1435 799 1582 880 quomodo

885 887 924 945 ad
940 885 1005 946 Gal.
1024 890 1051 946 3.
1068 906 1171 964 parem
1193 888 1266 946 facit
1288 889 1448 966 utriusque
1461 884 1582 946 eonditi·

885 993 979 1045 onem,
995 971 1114 1030 dicens:
1138 974 1212 1034 Noa
1235 975 1458 1048 eaJudaeaa,
1483 990 1582 1048 acque

888 1060 1042 1134 Graecue;
1075 1078 1142 1118 aon
1164 1069 1208 1119 est
1231 1078 1338 1119 aereus
1361 1079 1463 1135 neque
1486 1058 1579 1132 liber,

885 1153 940 1202 etc.
956 1144 1144 1223 Respondeo,
1160 1147 1285 1205 Paulum
1303 1165 1338 1206 eu
1350 1145 1417 1205 loeo
1430 1166 1491 1204 non
1502 1142 1581 1203 alind

883 1230 971 1302 velle,
988 1250 1076 1308 qnam
1091 1251 1153 1290 rem
1169 1253 1234 1292 esse
1250 1232 1447 1310 adiaphorum
1464 1232 1495 1290 in
1510 1228 1577 1290 reli·

884 1318 971 1394 gione
987 1315 1169 1391 Christiana,
1191 1321 1269 1377 sitne
1291 1320 1357 1397 quis
1381 1317 1522 1378 Judaeus
1545 1337 1581 1377 an

883 1403 1011 1480 gentilis,
1028 1422 1131 1463 servus
1145 1425 1185 1464 an
1200 1405 1283 1464 liber.
1300 1405 1359 1463 Hic
1375 1423 1447 1463 vero
1462 1423 1530 1462 earn
1542 1403 1580 1462 lo-

883 1491 933 1568 qui
942 1490 979 1548 de
988 1489 1138 1549 beneficiis
1147 1491 1217 1550 olim
1225 1491 1338 1570 populo
1347 1492 1370 1551 J
1372 1489 1480 1549 ndaico
1493 1509 1578 1568 prae·

883 1577 960 1635 stitis
976 1595 1048 1653 prae
1071 1579 1196 1636 caeteris
1219 1577 1366 1656 gentibus.
1393 1577 1443 1635 De
1468 1595 1530 1654 qua
1549 1594 1580 1633 re

883 1662 1054 1720 Psalmiata:
1067 1664 1141 1722 Nora
1147 1665 1223 1740 facit
1233 1664 1340 1723 taliter
1348 1665 1436 1723 orani
1445 1664 1579 1722 crationi.

881 1748 949 1807 Hoc
965 1750 1043 1807 enim
1059 1750 1194 1830 estquod
1211 1751 1351 1830 sequitur.

925 1836 1071 1894 Primum
1091 1837 1235 1911 quidem,
1264 1838 1341 1912 quio
1361 1835 1484 1894 credito
1507 1842 1581 1895 nant

881 1921 946 1978 illis
961 1922 1086 1996 eloquia
1098 1924 1167 1983 Dei.
1192 1922 1325 1982 Graece:
1341 1924 1426 1982 Nam
1435 1923 1577 1996 primam

881 2007 1008 2082 quidem
1015 2052 1025 2081 ,
1042 2008 1073 2066 id
1089 2017 1136 2068 est
1150 2008 1207 2068 hoe
1220 2010 1355 2087 inprimis
1370 2017 1402 2066 et
1417 2008 1579 2087 praecipue

882 2091 1010 2153 Judaeis
1026 2093 1154 2172 amplius
1170 2104 1229 2166 est,
1253 2093 1334 2175 quod
1348 2093 1477 2167 credita,
1501 2113 1576 2152 com·

881 2179 980 2251 missa,
996 2178 1107 2239 tradita
1121 2189 1191 2240 sunt
1206 2182 1248 2240 eis
1272 2181 1392 2260 eloquia
1413 2179 1484 2239 Dei.
1505 2178 1577 2239 Pro·

881 2285 988 2324 nomen
999 2265 1064 2324 illis
1078 2267 1108 2325 in
1118 2265 1235 2326 Graeco
1249 2288 1310 2327 non
1323 2267 1514 2344 exprimitur3
1527 2265 1578 2326 sed

882 2351 919 2409 ab
943 2353 1105 2430 interprete
1126 2355 1294 2412 necessario
1312 2351 1473 2429 adjectum.
1502 2351 1579 2411 Nam

882 2429 1118 2513 intersitneque,
1135 2440 1245 2498 crediti
1259 2447 1334 2500 suat
1349 2440 1495 2514 eloquia,
1520 2437 1578 2496 La·

881 2526 941 2583 tine
953 2521 1059 2582 dicitur
1073 2524 1186 2584 credita
1201 2528 1267 2586 sive
1283 2527 1440 2585 commissa
1455 2533 1525 2584 sunt
1537 2526 1579 2585 eia

882 2610 1000 2690 eloquia
1016 2611 1083 2669 Dei.
1099 2611 1149 2670 Sic
1165 2621 1265 2671 autem
1281 2613 1442 2692 lequuntur
1453 2610 1579 2671 Graeci:

881 2695 1008 2756 creditus
1024 2706 1069 2755 est
1084 2697 1161 2756 hanc
1177 2719 1254 2770 rem,
1276 2699 1306 2759 id
1329 2707 1374 2758 est
1395 2699 1471 2757 haee
1486 2717 1536 2757 res
1553 2699 1581 2758 ei

881 2782 1065 2853 concredita,
1082 2785 1239 2843 commissa
1255 2795 1307 2845 est.
1338 2784 1508 2844 Adnotavit
1522 2782 1581 2844 hoc

880 2870 1041 2942 Erasmus,
1057 2872 1148 2928 tacite
1164 2880 1270 2930 notans
1286 2871 1464 2950 imperitiam
1479 2869 1580 2944 Fabri,

881 2956 929 3036 qui
945 2955 1102 3014 relativum
1109 2957 1173 3016 illia
1183 2957 1329 3034 rejecerat
1340 2968 1373 3016 ut
1388 2955 1580 3036 superfluum

880 3043 1032 3117 Eloquia,
1050 3041 1167 3102 Graece
1184 3035 1282 3118 λόγια.
1307 3045 1395 3124 Quae
1415 3063 1476 3102 vox
1498 3041 1582 3121 apud

881 3139 1001 3188 aut-ores
1018 3128 1148 3188 Graecos
1162 3131 1354 3209 peculiariter
1367 3136 1531 3208 usurpatur
1542 3126 1583 3188 ad

881 3214 1076 3294 significanda
1098 3235 1242 3294 responsa
1273 3214 1331 3277 Dei
1351 3217 1402 3274 vel
1429 3217 1582 3287 Deorum,

882 3322 959 3381 quae
975 3300 1076 3360 Latini
1090 3321 1232 3362 vocamus
1248 3304 1379 3362 oracula.
1406 3301 1468 3362 Sed
1485 3302 1517 3361 in
1533 3320 1580 3360 sa·

882 3390 938 3447 cris
955 3387 1047 3447 litoris
1070 3387 1237 3448 extenditur
1260 3388 1298 3447 ad
1321 3409 1408 3449 omne
1430 3389 1490 3448 Dei
1513 3406 1581 3447 ver·

880 3473 950 3532 bum
971 3473 1138 3534 hominibus
1161 3475 1313 3549 traditum,
1344 3473 1511 3555 cujusmodi
1535 3483 1583 3533 eat

880 3562 1021 3620 universa
1037 3562 1184 3640 scriptura
1200 3582 1293 3636 sacra,
1310 3564 1375 3622 sive
1391 3560 1582 3642 prophetica,

881 3649 945 3706 eive
961 3647 1109 3720 historica,
1126 3667 1179 3707 seu
1196 3668 1398 3729 quaecumque
1414 3649 1482 3707 alia.
1505 3646 1582 3707 Erat

881 3742 979 3793 autern
994 3753 1186 3812 permagnum
1201 3735 1379 3794 beneficium
1405 3734 1518 3793 habere
1538 3732 1580 3793 le·

881 3839 946 3898 gem
964 3827 994 3878 et
1016 3820 1177 3899 scripturas
1193 3821 1249 3880 sibi
1264 3819 1388 3880 traditas
1405 3841 1423 3879 a
1438 3819 1516 3880 Deo.

924 3905 1088 3983 Privilegia
1096 3907 1119 3966 J
1119 3905 1280 3967 udaecrum
1293 3927 1365 3987 prae
1377 3907 1517 3987 gentibus
1529 3927 1582 3968 ex·

880 3992 973 4071 plicat
987 3990 1066 4050 idem
1080 3993 1240 4073 Apostolos
1260 3996 1484 4054 enumeratione
1508 4014 1580 4074 qua·

881 4078 949 4137 dam
977 4076 1053 4136 inira
1074 4098 1138 4158 cap.
1161 4084 1188 4140 9.
1217 4083 1359 4158 warum
1386 4088 1447 4155 cst,
1476 4081 1582 4161 inquit,

880 4166 1012 4240 adoptio
1027 4164 1180 4242 filiorum,
1196 4174 1225 4225 et
1239 4169 1354 4243 pluria,
1369 4176 1398 4227 ct
1413 4175 1582 4228 testamen·

880 4260 958 4327 tum,
976 4259 1004 4310 et
1020 4251 1185 4329 leqielotio,
1203 4261 1232 4312 et
1246 4255 1439 4330 obsequium,
1457 4262 1486 4313 et
1499 4273 1582 4329 pro·

880 4342 991 4398 malaca:
1007 4358 1144 4414 quorum
1157 4349 1282 4416 potres,
1309 4350 1338 4400 ct
1354 4361 1391 4401 ea
1407 4341 1522 4417 quidus
1538 4350 1584 4402 cst

882 4427 1025 4486 Christus
1039 4427 1213 4486 secundem
1228 4447 1366 4489 caraem.
1399 4428 1449 4487 Ex
1465 4446 1524 4508 qno
1536 4433 1580 4490 vi·

881 4511 984 4572 demus
999 4513 1176 4591 Apostolum
1191 4513 1249 4574 hoc
1264 4515 1330 4574 loco
1346 4535 1407 4573 non
1421 4515 1580 4577 omniavo·

879 4599 970 4658 luisse
986 4619 1178 4679 expromere,
1205 4622 1284 4681 quae
1307 4600 1442 4661 Judaeas
1466 4600 1579 4662 habeat

879 4705 952 4764 prae
967 4685 1092 4765 gentili3
1115 4685 1169 4749 sed
1184 4707 1243 4749 uno
1258 4709 1294 4750 ac
1309 4689 1470 4768 praecipuo
1486 4686 1578 4750 bene·
