<?xml version="1.0" encoding="UTF-8"?>
<!DOCTYPE html PUBLIC "-//W3C//DTD XHTML 1.0 Transitional//EN"
    "http://www.w3.org/TR/xhtml1/DTD/xhtml1-transitional.dtd">
<html xmlns="http://www.w3.org/1999/xhtml" xml:lang="en" lang="en">
 <head>
  <title>
</title>
<meta http-equiv="Content-Type" content="text/html;charset=utf-8" />
  <meta name='ocr-system' content='tesseract 3.04.00' />
  <meta name='ocr-capabilities' content='ocr_page ocr_carea ocr_par ocr_line ocrx_word'/>
</head>
<body>
  <div class='ocr_page' id='page_1' title='image "./guilielmiestiii00estigoog/guilielmiestiii00estigoog_0091.png"; bbox 0 0 3254 5190; ppageno 0'>
   <div class='ocr_carea' id='block_1_1' title="bbox 101 300 1038 377">
    <p class='ocr_par' dir='ltr' id='par_1_1' title="bbox 101 300 1038 377">
     <span class='ocr_line' id='line_1_1' title="bbox 101 300 1038 377; baseline 0.003 -23"><span class='ocrx_word' id='word_1_1' title='bbox 101 308 148 377; x_wconf 68' lang='lat'>03</span> <span class='ocrx_word' id='word_1_2' title='bbox 614 300 1038 357; x_wconf 59' lang='lat' dir='ltr'>commutassemus</span> 
     </span>
    </p>
   </div>
   <div class='ocr_carea' id='block_1_2' title="bbox 99 476 1446 571">
    <p class='ocr_par' dir='ltr' id='par_1_2' title="bbox 99 476 1446 571">
     <span class='ocr_line' id='line_1_2' title="bbox 99 476 1446 571; baseline 0.004 -35"><span class='ocrx_word' id='word_1_3' title='bbox 99 478 214 557; x_wconf 87' lang='lat' dir='ltr'>acquiri</span> <span class='ocrx_word' id='word_1_4' title='bbox 225 478 389 556; x_wconf 81' lang='lat' dir='ltr'>justitiam3</span> <span class='ocrx_word' id='word_1_5' title='bbox 405 480 448 539; x_wconf 89' lang='lat' dir='ltr'>ita</span> <span class='ocrx_word' id='word_1_6' title='bbox 461 487 575 551; x_wconf 87' lang='lat' dir='ltr'>tamen,</span> <span class='ocrx_word' id='word_1_7' title='bbox 591 487 625 537; x_wconf 89' lang='lat' dir='ltr'>ut</span> <span class='ocrx_word' id='word_1_8' title='bbox 640 482 707 559; x_wconf 85' lang='lat' dir='ltr'>ipss</span> <span class='ocrx_word' id='word_1_9' title='bbox 720 477 798 538; x_wconf 81' lang='lat' dir='ltr'>fides</span> <span class='ocrx_word' id='word_1_10' title='bbox 819 479 825 571; x_wconf 72' lang='lat' dir='ltr'>J</span> <span class='ocrx_word' id='word_1_11' title='bbox 846 478 984 538; x_wconf 88' lang='lat' dir='ltr'>ommbus</span> <span class='ocrx_word' id='word_1_12' title='bbox 1009 481 1179 560; x_wconf 81' lang='lat' dir='ltr'>proposita,</span> <span class='ocrx_word' id='word_1_13' title='bbox 1204 497 1266 558; x_wconf 74' lang='lat' dir='ltr'>qun</span> <span class='ocrx_word' id='word_1_14' title='bbox 1290 476 1446 558; x_wconf 66' lang='lat' dir='ltr'>permiti</span> 
     </span>
    </p>
   </div>
   <div class='ocr_carea' id='block_1_3' title="bbox 88 564 1446 4803">
    <p class='ocr_par' dir='ltr' id='par_1_3' title="bbox 88 564 1446 4803">
     <span class='ocr_line' id='line_1_3' title="bbox 98 564 1446 646; baseline 0.001 -23"><span class='ocrx_word' id='word_1_15' title='bbox 98 565 139 623; x_wconf 91' lang='lat' dir='ltr'>sit</span> <span class='ocrx_word' id='word_1_16' title='bbox 148 565 266 624; x_wconf 89' lang='lat' dir='ltr'>initium</span> <span class='ocrx_word' id='word_1_17' title='bbox 273 566 510 642; x_wconf 86' lang='lat' dir='ltr'>justificationis,</span> <span class='ocrx_word' id='word_1_18' title='bbox 522 577 614 646; x_wconf 87' lang='lat' dir='ltr'>atque</span> <span class='ocrx_word' id='word_1_19' title='bbox 627 569 717 625; x_wconf 85' lang='lat' dir='ltr'>etism</span> <span class='ocrx_word' id='word_1_20' title='bbox 728 586 798 645; x_wconf 85' lang='lat' dir='ltr'>pars</span> <span class='ocrx_word' id='word_1_21' title='bbox 820 580 823 609; x_wconf 78' lang='lat'>²</span> <span class='ocrx_word' id='word_1_22' title='bbox 841 568 1000 645; x_wconf 82' lang='lat' dir='ltr'>justitiam.</span> <span class='ocrx_word' id='word_1_23' title='bbox 1017 567 1086 646; x_wconf 80' lang='lat' dir='ltr'>Qus</span> <span class='ocrx_word' id='word_1_24' title='bbox 1101 565 1141 628; x_wconf 87' lang='lat' dir='ltr'>dc</span> <span class='ocrx_word' id='word_1_25' title='bbox 1154 587 1188 628; x_wconf 90' lang='lat' dir='ltr'>re</span> <span class='ocrx_word' id='word_1_26' title='bbox 1197 567 1332 644; x_wconf 74' lang='lat' dir='ltr'>graviter</span> <span class='ocrx_word' id='word_1_27' title='bbox 1341 564 1446 624; x_wconf 76' lang='lat' dir='ltr'>dissert</span> 
     </span>
     <span class='ocr_line' id='line_1_4' title="bbox 98 651 1441 734; baseline 0.001 -25"><span class='ocrx_word' id='word_1_28' title='bbox 98 651 246 732; x_wconf 78' lang='lat' dir='ltr'><strong>quaedam</strong></span> <span class='ocrx_word' id='word_1_29' title='bbox 264 653 419 732; x_wconf 89' lang='lat' dir='ltr'>justitiae:</span> <span class='ocrx_word' id='word_1_30' title='bbox 443 652 697 734; x_wconf 88' lang='lat' dir='ltr'>quemadmodum</span> <span class='ocrx_word' id='word_1_31' title='bbox 720 653 798 712; x_wconf 80' lang='lat' dir='ltr'>infra</span> <span class='ocrx_word' id='word_1_32' title='bbox 845 653 917 713; x_wconf 82' lang='lat' dir='ltr'>ride</span> <span class='ocrx_word' id='word_1_33' title='bbox 933 655 966 712; x_wconf 88' lang='lat' dir='ltr'>B.</span> <span class='ocrx_word' id='word_1_34' title='bbox 983 656 1183 732; x_wconf 85' lang='lat' dir='ltr'>Augustinnm</span> <span class='ocrx_word' id='word_1_35' title='bbox 1196 653 1247 713; x_wconf 89' lang='lat' dir='ltr'>lib.</span> <span class='ocrx_word' id='word_1_36' title='bbox 1262 651 1301 712; x_wconf 89' lang='lat' dir='ltr'>de</span> <span class='ocrx_word' id='word_1_37' title='bbox 1315 658 1441 731; x_wconf 74' lang='lat' dir='ltr'>peccatu</span> 
     </span>
     <span class='ocr_line' id='line_1_5' title="bbox 96 736 1446 821; baseline -0.001 -24"><span class='ocrx_word' id='word_1_38' title='bbox 96 738 216 817; x_wconf 89' lang='lat' dir='ltr'>plenius</span> <span class='ocrx_word' id='word_1_39' title='bbox 232 739 444 801; x_wconf 79' lang='lat' dir='ltr'><strong>declarabitur.</strong></span> <span class='ocrx_word' id='word_1_40' title='bbox 469 743 556 801; x_wconf 91' lang='lat' dir='ltr'>Haec</span> <span class='ocrx_word' id='word_1_41' title='bbox 572 740 648 813; x_wconf 89' lang='lat' dir='ltr'>duo,</span> <span class='ocrx_word' id='word_1_42' title='bbox 674 743 711 800; x_wconf 82' lang='lat' dir='ltr'>in</span> <span class='ocrx_word' id='word_1_43' title='bbox 727 759 797 800; x_wconf 84' lang='lat' dir='ltr'>om·</span> <span class='ocrx_word' id='word_1_44' title='bbox 846 740 908 800; x_wconf 78' lang='lat' dir='ltr'>nali</span> <span class='ocrx_word' id='word_1_45' title='bbox 924 761 988 820; x_wconf 84' lang='lat' dir='ltr'>esp.</span> <span class='ocrx_word' id='word_1_46' title='bbox 1005 745 1056 801; x_wconf 74' lang='lat'>24.</span> <span class='ocrx_word' id='word_1_47' title='bbox 1072 740 1261 821; x_wconf 70' lang='lat' dir='ltr'>Quamquam</span> <span class='ocrx_word' id='word_1_48' title='bbox 1282 736 1358 799; x_wconf 89' lang='lat' dir='ltr'>illud</span> <span class='ocrx_word' id='word_1_49' title='bbox 1379 738 1446 797; x_wconf 80' lang='lat' dir='ltr'>scie</span> 
     </span>
     <span class='ocr_line' id='line_1_6' title="bbox 97 824 1446 906; baseline -0.001 -22"><span class='ocrx_word' id='word_1_50' title='bbox 97 843 152 884; x_wconf 79' lang='lat' dir='ltr'>tres</span> <span class='ocrx_word' id='word_1_51' title='bbox 167 832 197 884; x_wconf 85' lang='lat' dir='ltr'>et</span> <span class='ocrx_word' id='word_1_52' title='bbox 211 845 306 902; x_wconf 77' lang='lat' dir='ltr'>super</span> <span class='ocrx_word' id='word_1_53' title='bbox 321 846 447 904; x_wconf 81' lang='lat' dir='ltr'>omues,</span> <span class='ocrx_word' id='word_1_54' title='bbox 461 826 665 889; x_wconf 88' lang='lat' dir='ltr'>Oecumeuius</span> <span class='ocrx_word' id='word_1_55' title='bbox 681 829 724 886; x_wconf 87' lang='lat' dir='ltr'>ita</span> <span class='ocrx_word' id='word_1_56' title='bbox 739 827 797 886; x_wconf 90' lang='lat' dir='ltr'>dis·</span> <span class='ocrx_word' id='word_1_57' title='bbox 846 829 876 887; x_wconf 92' lang='lat' dir='ltr'>in</span> <span class='ocrx_word' id='word_1_58' title='bbox 891 826 950 887; x_wconf 87' lang='lat' dir='ltr'>fide</span> <span class='ocrx_word' id='word_1_59' title='bbox 966 827 1077 888; x_wconf 77' lang='lat' dir='ltr'>Christi</span> <span class='ocrx_word' id='word_1_60' title='bbox 1087 827 1260 888; x_wconf 79' lang='lat' dir='ltr'>mediatoris</span> <span class='ocrx_word' id='word_1_61' title='bbox 1271 824 1446 906; x_wconf 82' lang='lat' dir='ltr'>implicitsp</span> 
     </span>
     <span class='ocr_line' id='line_1_7' title="bbox 96 912 1446 994; baseline 0.001 -23"><span class='ocrx_word' id='word_1_62' title='bbox 96 913 213 990; x_wconf 88' lang='lat' dir='ltr'>tinguit,</span> <span class='ocrx_word' id='word_1_63' title='bbox 229 923 263 972; x_wconf 91' lang='lat' dir='ltr'>ut</span> <span class='ocrx_word' id='word_1_64' title='bbox 277 914 361 994; x_wconf 89' lang='lat' dir='ltr'>prius</span> <span class='ocrx_word' id='word_1_65' title='bbox 376 915 415 974; x_wconf 87' lang='lat' dir='ltr'>ad</span> <span class='ocrx_word' id='word_1_66' title='bbox 431 915 577 987; x_wconf 85' lang='lat' dir='ltr'>Judaeos,</span> <span class='ocrx_word' id='word_1_67' title='bbox 592 916 742 994; x_wconf 80' lang='lat' dir='ltr'>posterius</span> <span class='ocrx_word' id='word_1_68' title='bbox 757 912 796 972; x_wconf 86' lang='lat' dir='ltr'>sd</span> <span class='ocrx_word' id='word_1_69' title='bbox 845 935 914 994; x_wconf 86' lang='lat' dir='ltr'>que,</span> <span class='ocrx_word' id='word_1_70' title='bbox 940 916 993 994; x_wconf 88' lang='lat' dir='ltr'>qui</span> <span class='ocrx_word' id='word_1_71' title='bbox 1009 913 1121 974; x_wconf 78' lang='lat' dir='ltr'>Christi</span> <span class='ocrx_word' id='word_1_72' title='bbox 1136 913 1294 974; x_wconf 81' lang='lat' dir='ltr'>adveutum</span> <span class='ocrx_word' id='word_1_73' title='bbox 1308 921 1446 972; x_wconf 76' lang='lat' dir='ltr'>mteeess</span> 
     </span>
     <span class='ocr_line' id='line_1_8' title="bbox 96 996 1446 1082; baseline -0.001 -24"><span class='ocrx_word' id='word_1_74' title='bbox 96 998 226 1079; x_wconf 81' lang='lat' dir='ltr'>gentiles</span> <span class='ocrx_word' id='word_1_75' title='bbox 244 1003 405 1061; x_wconf 87' lang='lat' dir='ltr'>referatur:</span> <span class='ocrx_word' id='word_1_76' title='bbox 432 1001 515 1082; x_wconf 92' lang='lat' dir='ltr'>quod</span> <span class='ocrx_word' id='word_1_77' title='bbox 530 1001 644 1062; x_wconf 86' lang='lat' dir='ltr'>Judsei</span> <span class='ocrx_word' id='word_1_78' title='bbox 667 1001 748 1081; x_wconf 88' lang='lat' dir='ltr'>apud</span> <span class='ocrx_word' id='word_1_79' title='bbox 764 1021 796 1061; x_wconf 90' lang='lat' dir='ltr'>se</span> <span class='ocrx_word' id='word_1_80' title='bbox 840 1002 1023 1080; x_wconf 83' lang='lat' dir='ltr'>justificatos</span> <span class='ocrx_word' id='word_1_81' title='bbox 1046 1003 1158 1076; x_wconf 82' lang='lat' dir='ltr'>fuissc3</span> <span class='ocrx_word' id='word_1_82' title='bbox 1183 999 1265 1081; x_wconf 89' lang='lat' dir='ltr'>qued</span> <span class='ocrx_word' id='word_1_83' title='bbox 1284 1019 1323 1059; x_wconf 83' lang='lat' dir='ltr'>ex</span> <span class='ocrx_word' id='word_1_84' title='bbox 1336 996 1446 1079; x_wconf 77' lang='lat' dir='ltr'>pmiest</span> 
     </span>
     <span class='ocr_line' id='line_1_9' title="bbox 95 1085 1426 1168; baseline 0.002 -24"><span class='ocrx_word' id='word_1_85' title='bbox 95 1086 380 1147; x_wconf 88' lang='lat' dir='ltr'>velutdomesticam</span> <span class='ocrx_word' id='word_1_86' title='bbox 392 1089 796 1159; x_wconf 80' lang='lat' dir='ltr'>haberentsalutiscaussm,</span> <span class='ocrx_word' id='word_1_87' title='bbox 845 1099 914 1148; x_wconf 89' lang='lat' dir='ltr'>cent</span> <span class='ocrx_word' id='word_1_88' title='bbox 928 1089 1079 1168; x_wconf 90' lang='lat' dir='ltr'>Theologi</span> <span class='ocrx_word' id='word_1_89' title='bbox 1092 1092 1123 1149; x_wconf 92' lang='lat' dir='ltr'>in</span> <span class='ocrx_word' id='word_1_90' title='bbox 1138 1089 1167 1147; x_wconf 80' lang='lat'>3.</span> <span class='ocrx_word' id='word_1_91' title='bbox 1182 1088 1265 1149; x_wconf 78' lang='lat' dir='ltr'>Seut</span> <span class='ocrx_word' id='word_1_92' title='bbox 1287 1085 1357 1146; x_wconf 82' lang='lat' dir='ltr'>dist</span> <span class='ocrx_word' id='word_1_93' title='bbox 1374 1085 1426 1146; x_wconf 78' lang='lat'>25.</span> 
     </span>
     <span class='ocr_line' id='line_1_10' title="bbox 95 1172 1433 1256; baseline 0.001 -24"><span class='ocrx_word' id='word_1_94' title='bbox 95 1193 206 1253; x_wconf 80' lang='lat' dir='ltr'><strong>nempe</strong></span> <span class='ocrx_word' id='word_1_95' title='bbox 222 1172 388 1249; x_wconf 82' lang='lat' dir='ltr'>Christum3</span> <span class='ocrx_word' id='word_1_96' title='bbox 404 1175 675 1256; x_wconf 81' lang='lat' dir='ltr'>equibusertensa</span> <span class='ocrx_word' id='word_1_97' title='bbox 686 1173 796 1236; x_wconf 90' lang='lat' dir='ltr'>deiude</span> <span class='ocrx_word' id='word_1_98' title='bbox 844 1198 904 1236; x_wconf 91' lang='lat' dir='ltr'>non</span> <span class='ocrx_word' id='word_1_99' title='bbox 919 1194 988 1235; x_wconf 87' lang='lat' dir='ltr'>esse</span> <span class='ocrx_word' id='word_1_100' title='bbox 1003 1176 1237 1247; x_wconf 79' lang='lat' dir='ltr'>distinctionem,</span> <span class='ocrx_word' id='word_1_101' title='bbox 1263 1173 1370 1253; x_wconf 83' lang='lat' dir='ltr'>probet</span> <span class='ocrx_word' id='word_1_102' title='bbox 1393 1190 1433 1233; x_wconf 80' lang='lat' dir='ltr'>ex</span> 
     </span>
     <span class='ocr_line' id='line_1_11' title="bbox 94 1258 1005 1343; baseline 0.003 -25"><span class='ocrx_word' id='word_1_103' title='bbox 94 1258 185 1321; x_wconf 81' lang='lat' dir='ltr'>inerit</span> <span class='ocrx_word' id='word_1_104' title='bbox 206 1259 246 1319; x_wconf 87' lang='lat' dir='ltr'>ad</span> <span class='ocrx_word' id='word_1_105' title='bbox 269 1262 397 1341; x_wconf 85' lang='lat' dir='ltr'>gentiles</span> <span class='ocrx_word' id='word_1_106' title='bbox 421 1272 452 1324; x_wconf 92' lang='lat' dir='ltr'>et</span> <span class='ocrx_word' id='word_1_107' title='bbox 475 1282 566 1342; x_wconf 87' lang='lat' dir='ltr'>super</span> <span class='ocrx_word' id='word_1_108' title='bbox 587 1262 716 1343; x_wconf 80' lang='lat' dir='ltr'>gentiles</span> <span class='ocrx_word' id='word_1_109' title='bbox 735 1263 797 1321; x_wconf 88' lang='lat' dir='ltr'>Dei</span> <span class='ocrx_word' id='word_1_110' title='bbox 844 1265 1005 1322; x_wconf 89' lang='lat' dir='ltr'>communi.</span> 
     </span>
     <span class='ocr_line' id='line_1_12' title="bbox 94 1349 1440 1427; baseline 0.001 -23"><span class='ocrx_word' id='word_1_111' title='bbox 94 1349 209 1426; x_wconf 88' lang='lat' dir='ltr'>gratia:</span> <span class='ocrx_word' id='word_1_112' title='bbox 234 1350 306 1427; x_wconf 89' lang='lat' dir='ltr'>quia</span> <span class='ocrx_word' id='word_1_113' title='bbox 321 1350 407 1408; x_wconf 84' lang='lat' dir='ltr'>salus</span> <span class='ocrx_word' id='word_1_114' title='bbox 425 1369 462 1412; x_wconf 80' lang='lat' dir='ltr'>es</span> <span class='ocrx_word' id='word_1_115' title='bbox 477 1351 617 1413; x_wconf 76' lang='lat' dir='ltr'>Jodoets</span> <span class='ocrx_word' id='word_1_116' title='bbox 633 1358 688 1426; x_wconf 81' lang='lat' dir='ltr'>est,</span> <span class='ocrx_word' id='word_1_117' title='bbox 704 1349 795 1409; x_wconf 84' lang='lat' dir='ltr'>Joau</span> <span class='ocrx_word' id='word_1_118' title='bbox 889 1355 939 1413; x_wconf 76' lang='lat'>23.</span> <span class='ocrx_word' id='word_1_119' title='bbox 964 1352 1079 1410; x_wconf 80' lang='lat' dir='ltr'>Omnes</span> <span class='ocrx_word' id='word_1_120' title='bbox 1105 1351 1190 1408; x_wconf 80' lang='lat' dir='ltr'>enim</span> <span class='ocrx_word' id='word_1_121' title='bbox 1214 1351 1440 1422; x_wconf 77' lang='lat' dir='ltr'>peccauerunt</span> 
     </span>
     <span class='ocr_line' id='line_1_13' title="bbox 93 1430 1446 1517; baseline -0.002 -24"><span class='ocrx_word' id='word_1_122' title='bbox 93 1435 123 1492; x_wconf 89' lang='grc'>4.</span> <span class='ocrx_word' id='word_1_123' title='bbox 140 1435 252 1494; x_wconf 90' lang='lat' dir='ltr'>Verum</span> <span class='ocrx_word' id='word_1_124' title='bbox 268 1457 327 1495; x_wconf 90' lang='lat' dir='ltr'>uon</span> <span class='ocrx_word' id='word_1_125' title='bbox 342 1434 399 1494; x_wconf 91' lang='lat' dir='ltr'>hoc</span> <span class='ocrx_word' id='word_1_126' title='bbox 416 1436 594 1517; x_wconf 86' lang='lat' dir='ltr'>Apostolum</span> <span class='ocrx_word' id='word_1_127' title='bbox 609 1438 707 1512; x_wconf 90' lang='lat' dir='ltr'>velle,</span> <span class='ocrx_word' id='word_1_128' title='bbox 722 1438 795 1495; x_wconf 89' lang='lat' dir='ltr'>satis</span> <span class='ocrx_word' id='word_1_129' title='bbox 844 1437 957 1497; x_wconf 72' lang='lat' dir='ltr'>iudaei</span> <span class='ocrx_word' id='word_1_130' title='bbox 980 1457 1070 1516; x_wconf 86' lang='lat' dir='ltr'>quam</span> <span class='ocrx_word' id='word_1_131' title='bbox 1093 1435 1215 1505; x_wconf 83' lang='lat' dir='ltr'>Gracci,</span> <span class='ocrx_word' id='word_1_132' title='bbox 1237 1430 1446 1512; x_wconf 86' lang='lat' dir='ltr'>quemadmodr</span> 
     </span>
     <span class='ocr_line' id='line_1_14' title="bbox 93 1518 1446 1603; baseline -0.001 -25"><span class='ocrx_word' id='word_1_133' title='bbox 93 1522 192 1600; x_wconf 87' lang='lat' dir='ltr'>arguit</span> <span class='ocrx_word' id='word_1_134' title='bbox 206 1541 276 1601; x_wconf 89' lang='lat' dir='ltr'>pars</span> <span class='ocrx_word' id='word_1_135' title='bbox 292 1541 431 1603; x_wconf 87' lang='lat' dir='ltr'>sequens,</span> <span class='ocrx_word' id='word_1_136' title='bbox 448 1543 509 1603; x_wconf 90' lang='lat' dir='ltr'>qua</span> <span class='ocrx_word' id='word_1_137' title='bbox 520 1523 632 1583; x_wconf 84' lang='lat' dir='ltr'>diserte</span> <span class='ocrx_word' id='word_1_138' title='bbox 645 1524 797 1603; x_wconf 86' lang='lat' dir='ltr'>significat</span> <span class='ocrx_word' id='word_1_139' title='bbox 844 1523 1091 1603; x_wconf 87' lang='lat' dir='ltr'>praecedentibus</span> <span class='ocrx_word' id='word_1_140' title='bbox 1098 1528 1344 1582; x_wconf 84' lang='lat' dir='ltr'>osteusumestet</span> <span class='ocrx_word' id='word_1_141' title='bbox 1351 1518 1446 1578; x_wconf 79' lang='lat' dir='ltr'>conclu</span> 
     </span>
     <span class='ocr_line' id='line_1_15' title="bbox 94 1607 1444 1691; baseline 0 -26"><span class='ocrx_word' id='word_1_142' title='bbox 94 1625 126 1666; x_wconf 90' lang='lat' dir='ltr'>se</span> <span class='ocrx_word' id='word_1_143' title='bbox 145 1607 317 1668; x_wconf 86' lang='lat' dir='ltr'>indistincte</span> <span class='ocrx_word' id='word_1_144' title='bbox 328 1630 408 1669; x_wconf 90' lang='lat' dir='ltr'>nunc</span> <span class='ocrx_word' id='word_1_145' title='bbox 421 1611 505 1691; x_wconf 90' lang='lat' dir='ltr'>loqui</span> <span class='ocrx_word' id='word_1_146' title='bbox 516 1610 553 1671; x_wconf 92' lang='lat' dir='ltr'>de</span> <span class='ocrx_word' id='word_1_147' title='bbox 561 1612 692 1672; x_wconf 74' lang='lat' dir='ltr'>iudaeis</span> <span class='ocrx_word' id='word_1_148' title='bbox 704 1620 796 1690; x_wconf 86' lang='lat' dir='ltr'>atque</span> <span class='ocrx_word' id='word_1_149' title='bbox 844 1620 877 1671; x_wconf 91' lang='lat' dir='ltr'>ut</span> <span class='ocrx_word' id='word_1_150' title='bbox 892 1611 1001 1690; x_wconf 91' lang='lat' dir='ltr'>quibus</span> <span class='ocrx_word' id='word_1_151' title='bbox 1017 1620 1062 1671; x_wconf 89' lang='lat' dir='ltr'>est</span> <span class='ocrx_word' id='word_1_152' title='bbox 1076 1609 1197 1670; x_wconf 84' lang='lat' dir='ltr'>morbus</span> <span class='ocrx_word' id='word_1_153' title='bbox 1212 1608 1386 1681; x_wconf 89' lang='lat' dir='ltr'>communis,</span> <span class='ocrx_word' id='word_1_154' title='bbox 1403 1607 1444 1665; x_wconf 88' lang='lat' dir='ltr'>sit</span> 
     </span>
     <span class='ocr_line' id='line_1_16' title="bbox 94 1694 1334 1777; baseline 0 -24"><span class='ocrx_word' id='word_1_155' title='bbox 94 1694 265 1773; x_wconf 87' lang='lat' dir='ltr'>gentilibus.</span> <span class='ocrx_word' id='word_1_156' title='bbox 281 1695 449 1777; x_wconf 90' lang='lat' dir='ltr'>Utrumque</span> <span class='ocrx_word' id='word_1_157' title='bbox 461 1699 552 1777; x_wconf 88' lang='lat' dir='ltr'>igitur</span> <span class='ocrx_word' id='word_1_158' title='bbox 564 1698 621 1758; x_wconf 90' lang='lat' dir='ltr'>hoc</span> <span class='ocrx_word' id='word_1_159' title='bbox 632 1697 794 1759; x_wconf 85' lang='lat' dir='ltr'>membrum</span> <span class='ocrx_word' id='word_1_160' title='bbox 845 1700 1007 1758; x_wconf 89' lang='lat' dir='ltr'>communis</span> <span class='ocrx_word' id='word_1_161' title='bbox 1022 1697 1144 1758; x_wconf 84' lang='lat' dir='ltr'>remedii</span> <span class='ocrx_word' id='word_1_162' title='bbox 1159 1695 1334 1756; x_wconf 70' lang='lat' dir='ltr'>necessitas.</span> 
     </span>
     <span class='ocr_line' id='line_1_17' title="bbox 94 1779 1446 1862; baseline 0 -23"><span class='ocrx_word' id='word_1_163' title='bbox 94 1780 132 1839; x_wconf 87' lang='lat' dir='ltr'>ad</span> <span class='ocrx_word' id='word_1_164' title='bbox 147 1791 290 1862; x_wconf 91' lang='lat' dir='ltr'>utrosque</span> <span class='ocrx_word' id='word_1_165' title='bbox 306 1784 443 1862; x_wconf 84' lang='lat' dir='ltr'>pertinet.</span> <span class='ocrx_word' id='word_1_166' title='bbox 887 1788 931 1846; x_wconf 84' lang='lat' dir='ltr'>Et</span> <span class='ocrx_word' id='word_1_167' title='bbox 954 1793 1045 1860; x_wconf 69' lang='lat' dir='ltr'>cpont</span> <span class='ocrx_word' id='word_1_168' title='bbox 1066 1785 1171 1860; x_wconf 65' lang='lat' dir='ltr'>utorio</span> <span class='ocrx_word' id='word_1_169' title='bbox 1193 1785 1263 1843; x_wconf 85' lang='lat' dir='ltr'>Dei.</span> <span class='ocrx_word' id='word_1_170' title='bbox 1293 1780 1342 1840; x_wconf 87' lang='lat' dir='ltr'>Ita</span> <span class='ocrx_word' id='word_1_171' title='bbox 1364 1779 1446 1860; x_wconf 86' lang='lat' dir='ltr'>leger</span> 
     </span>
     <span class='ocr_line' id='line_1_18' title="bbox 138 1866 1446 1952; baseline -0.001 -25"><span class='ocrx_word' id='word_1_172' title='bbox 138 1868 200 1929; x_wconf 90' lang='lat' dir='ltr'>Alii</span> <span class='ocrx_word' id='word_1_173' title='bbox 216 1867 327 1928; x_wconf 90' lang='lat' dir='ltr'>dictum</span> <span class='ocrx_word' id='word_1_174' title='bbox 343 1875 502 1948; x_wconf 81' lang='lat' dir='ltr'>putentia</span> <span class='ocrx_word' id='word_1_175' title='bbox 525 1891 649 1950; x_wconf 84' lang='lat' dir='ltr'>omues,</span> <span class='ocrx_word' id='word_1_176' title='bbox 673 1880 795 1952; x_wconf 90' lang='lat' dir='ltr'>propter</span> <span class='ocrx_word' id='word_1_177' title='bbox 844 1892 903 1932; x_wconf 87' lang='lat' dir='ltr'>non</span> <span class='ocrx_word' id='word_1_178' title='bbox 919 1876 1025 1948; x_wconf 75' lang='lat' dir='ltr'>qratia</span> <span class='ocrx_word' id='word_1_179' title='bbox 1042 1874 1112 1947; x_wconf 82' lang='lat' dir='ltr'>Dei,</span> <span class='ocrx_word' id='word_1_180' title='bbox 1129 1869 1211 1951; x_wconf 91' lang='lat' dir='ltr'>quod</span> <span class='ocrx_word' id='word_1_181' title='bbox 1226 1870 1256 1929; x_wconf 91' lang='lat' dir='ltr'>iu</span> <span class='ocrx_word' id='word_1_182' title='bbox 1272 1866 1446 1948; x_wconf 83' lang='lat' dir='ltr'>quibusdan</span> 
     </span>
     <span class='ocr_line' id='line_1_19' title="bbox 93 1956 1430 2035; baseline -0.001 -21"><span class='ocrx_word' id='word_1_183' title='bbox 93 1956 350 2015; x_wconf 77' lang='lat' dir='ltr'>universalitatem</span> <span class='ocrx_word' id='word_1_184' title='bbox 375 1956 528 2031; x_wconf 83' lang='lat' dir='ltr'>beneficii3</span> <span class='ocrx_word' id='word_1_185' title='bbox 552 1978 647 2035; x_wconf 80' lang='lat' dir='ltr'>super</span> <span class='ocrx_word' id='word_1_186' title='bbox 670 1978 794 2034; x_wconf 77' lang='lat' dir='ltr'>murres,</span> <span class='ocrx_word' id='word_1_187' title='bbox 844 1970 901 2019; x_wconf 88' lang='lat' dir='ltr'>tur.</span> <span class='ocrx_word' id='word_1_188' title='bbox 932 1959 1045 2019; x_wconf 85' lang='lat' dir='ltr'>Sensus</span> <span class='ocrx_word' id='word_1_189' title='bbox 1070 1969 1169 2019; x_wconf 89' lang='lat' dir='ltr'>tamen</span> <span class='ocrx_word' id='word_1_190' title='bbox 1200 1956 1261 2016; x_wconf 90' lang='lat' dir='ltr'>huc</span> <span class='ocrx_word' id='word_1_191' title='bbox 1286 1956 1430 2027; x_wconf 83' lang='lat' dir='ltr'>recurrit,</span> 
     </span>
     <span class='ocr_line' id='line_1_20' title="bbox 93 2041 1446 2126; baseline -0.001 -25"><span class='ocrx_word' id='word_1_192' title='bbox 93 2052 215 2122; x_wconf 90' lang='lat' dir='ltr'>propter</span> <span class='ocrx_word' id='word_1_193' title='bbox 230 2043 450 2103; x_wconf 79' lang='lat' dir='ltr'>sublimitatem.</span> <span class='ocrx_word' id='word_1_194' title='bbox 477 2046 573 2124; x_wconf 83' lang='lat' dir='ltr'>Atqui</span> <span class='ocrx_word' id='word_1_195' title='bbox 595 2046 713 2107; x_wconf 82' lang='lat' dir='ltr'>Graece</span> <span class='ocrx_word' id='word_1_196' title='bbox 736 2064 795 2104; x_wconf 89' lang='lat' dir='ltr'>non</span> <span class='ocrx_word' id='word_1_197' title='bbox 844 2045 1009 2105; x_wconf 91' lang='lat' dir='ltr'>multorum</span> <span class='ocrx_word' id='word_1_198' title='bbox 1024 2048 1252 2126; x_wconf 86' lang='lat' dir='ltr'>expositionem.</span> <span class='ocrx_word' id='word_1_199' title='bbox 1270 2043 1386 2102; x_wconf 86' lang='lat' dir='ltr'>Putant</span> <span class='ocrx_word' id='word_1_200' title='bbox 1402 2041 1446 2100; x_wconf 89' lang='lat' dir='ltr'>eni</span> 
     </span>
     <span class='ocr_line' id='line_1_21' title="bbox 95 2120 1446 2212; baseline -0.002 -24"><span class='ocrx_word' id='word_1_201' title='bbox 95 2136 142 2188; x_wconf 88' lang='lat' dir='ltr'>est</span> <span class='ocrx_word' id='word_1_202' title='bbox 165 2120 258 2204; x_wconf 78' lang='grc' dir='ltr'><strong>ὑπὲρ,</strong></span> <span class='ocrx_word' id='word_1_203' title='bbox 282 2128 335 2189; x_wconf 88' lang='lat' dir='ltr'>sed</span> <span class='ocrx_word' id='word_1_204' title='bbox 348 2121 414 2206; x_wconf 76' lang='grc' dir='ltr'>ἐπὶ;</span> <span class='ocrx_word' id='word_1_205' title='bbox 439 2131 687 2211; x_wconf 77' lang='lat' dir='ltr'>quemadmodum</span> <span class='ocrx_word' id='word_1_206' title='bbox 703 2133 796 2212; x_wconf 86' lang='lat' dir='ltr'>priori</span> <span class='ocrx_word' id='word_1_207' title='bbox 845 2133 1026 2211; x_wconf 85' lang='lat' dir='ltr'>significari:</span> <span class='ocrx_word' id='word_1_208' title='bbox 1050 2135 1190 2212; x_wconf 89' lang='lat' dir='ltr'>quoniam</span> <span class='ocrx_word' id='word_1_209' title='bbox 1207 2148 1311 2189; x_wconf 88' lang='lat' dir='ltr'>omnes</span> <span class='ocrx_word' id='word_1_210' title='bbox 1326 2147 1446 2208; x_wconf 75' lang='lat' dir='ltr'>peccam</span> 
     </span>
     <span class='ocr_line' id='line_1_22' title="bbox 94 2206 1441 2299; baseline -0.001 -26"><span class='ocrx_word' id='word_1_211' title='bbox 94 2214 161 2275; x_wconf 88' lang='lat' dir='ltr'>loco</span> <span class='ocrx_word' id='word_1_212' title='bbox 178 2206 239 2288; x_wconf 75' lang='grc' dir='ltr'>εἰς,</span> <span class='ocrx_word' id='word_1_213' title='bbox 257 2215 353 2275; x_wconf 91' lang='lat' dir='ltr'>Paulo</span> <span class='ocrx_word' id='word_1_214' title='bbox 366 2214 430 2277; x_wconf 80' lang='lat' dir='ltr'>fere</span> <span class='ocrx_word' id='word_1_215' title='bbox 442 2217 521 2278; x_wconf 88' lang='lat' dir='ltr'>idem</span> <span class='ocrx_word' id='word_1_216' title='bbox 534 2219 751 2297; x_wconf 80' lang='lat' dir='ltr'>significantia3</span> <span class='ocrx_word' id='word_1_217' title='bbox 763 2227 797 2277; x_wconf 93' lang='lat' dir='ltr'>ut</span> <span class='ocrx_word' id='word_1_218' title='bbox 845 2219 954 2278; x_wconf 91' lang='lat' dir='ltr'>idcirco</span> <span class='ocrx_word' id='word_1_219' title='bbox 970 2239 1073 2279; x_wconf 90' lang='lat' dir='ltr'>omnes</span> <span class='ocrx_word' id='word_1_220' title='bbox 1089 2238 1177 2299; x_wconf 85' lang='lat' dir='ltr'>egere</span> <span class='ocrx_word' id='word_1_221' title='bbox 1191 2218 1251 2276; x_wconf 91' lang='lat' dir='ltr'>Dei</span> <span class='ocrx_word' id='word_1_222' title='bbox 1265 2215 1441 2275; x_wconf 87' lang='lat' dir='ltr'>miserantis</span> 
     </span>
     <span class='ocr_line' id='line_1_23' title="bbox 93 2301 1445 2386; baseline -0.003 -23"><span class='ocrx_word' id='word_1_223' title='bbox 93 2304 171 2363; x_wconf 81' lang='lat' dir='ltr'>verti</span> <span class='ocrx_word' id='word_1_224' title='bbox 186 2304 319 2381; x_wconf 88' lang='lat' dir='ltr'>potuerit</span> <span class='ocrx_word' id='word_1_225' title='bbox 334 2301 391 2362; x_wconf 90' lang='lat' dir='ltr'>hoc</span> <span class='ocrx_word' id='word_1_226' title='bbox 406 2303 511 2376; x_wconf 91' lang='lat' dir='ltr'>modo,</span> <span class='ocrx_word' id='word_1_227' title='bbox 527 2306 570 2363; x_wconf 87' lang='lat' dir='ltr'>ad</span> <span class='ocrx_word' id='word_1_228' title='bbox 593 2324 701 2365; x_wconf 81' lang='lat' dir='ltr'>omues</span> <span class='ocrx_word' id='word_1_229' title='bbox 717 2314 745 2364; x_wconf 87' lang='lat' dir='ltr'>et</span> <span class='ocrx_word' id='word_1_230' title='bbox 760 2309 796 2365; x_wconf 79' lang='lat' dir='ltr'>in</span> <span class='ocrx_word' id='word_1_231' title='bbox 844 2306 893 2377; x_wconf 90' lang='lat' dir='ltr'>lio,</span> <span class='ocrx_word' id='word_1_232' title='bbox 910 2305 940 2366; x_wconf 91' lang='lat' dir='ltr'>id</span> <span class='ocrx_word' id='word_1_233' title='bbox 957 2315 1019 2379; x_wconf 92' lang='lat' dir='ltr'>est,</span> <span class='ocrx_word' id='word_1_234' title='bbox 1042 2308 1140 2386; x_wconf 85' lang='lat' dir='ltr'>gratia</span> <span class='ocrx_word' id='word_1_235' title='bbox 1154 2304 1359 2374; x_wconf 87' lang='lat' dir='ltr'>remissionis,</span> <span class='ocrx_word' id='word_1_236' title='bbox 1387 2320 1445 2380; x_wconf 91' lang='lat' dir='ltr'>per</span> 
     </span>
     <span class='ocr_line' id='line_1_24' title="bbox 95 2386 1446 2471; baseline -0.001 -23"><span class='ocrx_word' id='word_1_237' title='bbox 95 2408 211 2449; x_wconf 82' lang='lat' dir='ltr'>omncs.</span> <span class='ocrx_word' id='word_1_238' title='bbox 225 2388 328 2469; x_wconf 78' lang='lat' dir='ltr'>Quare</span> <span class='ocrx_word' id='word_1_239' title='bbox 341 2390 366 2449; x_wconf 90' lang='lat' dir='ltr'>si</span> <span class='ocrx_word' id='word_1_240' title='bbox 380 2390 454 2471; x_wconf 89' lang='lat' dir='ltr'>quid</span> <span class='ocrx_word' id='word_1_241' title='bbox 477 2389 652 2452; x_wconf 88' lang='lat' dir='ltr'>discriminis</span> <span class='ocrx_word' id='word_1_242' title='bbox 668 2401 729 2463; x_wconf 87' lang='lat' dir='ltr'>cst,</span> <span class='ocrx_word' id='word_1_243' title='bbox 745 2412 795 2451; x_wconf 85' lang='lat' dir='ltr'>ve·</span> <span class='ocrx_word' id='word_1_244' title='bbox 845 2393 904 2451; x_wconf 91' lang='lat' dir='ltr'>Dei</span> <span class='ocrx_word' id='word_1_245' title='bbox 921 2411 1029 2451; x_wconf 92' lang='lat' dir='ltr'>nomen</span> <span class='ocrx_word' id='word_1_246' title='bbox 1042 2393 1240 2471; x_wconf 80' lang='lat' dir='ltr'>glorificetur3</span> <span class='ocrx_word' id='word_1_247' title='bbox 1261 2396 1294 2448; x_wconf 87' lang='lat' dir='ltr'>ut</span> <span class='ocrx_word' id='word_1_248' title='bbox 1305 2386 1386 2468; x_wconf 87' lang='lat' dir='ltr'>apud</span> <span class='ocrx_word' id='word_1_249' title='bbox 1399 2388 1446 2447; x_wconf 84' lang='lat' dir='ltr'>Es</span> 
     </span>
     <span class='ocr_line' id='line_1_25' title="bbox 95 2474 1444 2558; baseline -0.001 -24"><span class='ocrx_word' id='word_1_250' title='bbox 95 2474 146 2535; x_wconf 89' lang='lat' dir='ltr'>lim</span> <span class='ocrx_word' id='word_1_251' title='bbox 162 2477 203 2536; x_wconf 88' lang='lat' dir='ltr'>ita</span> <span class='ocrx_word' id='word_1_252' title='bbox 227 2476 372 2548; x_wconf 90' lang='lat' dir='ltr'>discerni,</span> <span class='ocrx_word' id='word_1_253' title='bbox 409 2486 441 2535; x_wconf 89' lang='lat' dir='ltr'>ut</span> <span class='ocrx_word' id='word_1_254' title='bbox 468 2478 499 2536; x_wconf 88' lang='lat' dir='ltr'>in</span> <span class='ocrx_word' id='word_1_255' title='bbox 526 2479 616 2556; x_wconf 87' lang='lat' dir='ltr'>priori</span> <span class='ocrx_word' id='word_1_256' title='bbox 644 2479 794 2557; x_wconf 88' lang='lat' dir='ltr'>significe-</span> <span class='ocrx_word' id='word_1_257' title='bbox 844 2479 904 2538; x_wconf 92' lang='lat' dir='ltr'>lem</span> <span class='ocrx_word' id='word_1_258' title='bbox 920 2499 984 2558; x_wconf 88' lang='lat' dir='ltr'>cap.</span> <span class='ocrx_word' id='word_1_259' title='bbox 1003 2482 1051 2540; x_wconf 85' lang='lat'>36.</span> <span class='ocrx_word' id='word_1_260' title='bbox 1065 2480 1115 2540; x_wconf 84' lang='lat' dir='ltr'>Sic</span> <span class='ocrx_word' id='word_1_261' title='bbox 1129 2474 1444 2553; x_wconf 84' lang='lat' dir='ltr'>intellexitAugustin</span> 
     </span>
     <span class='ocr_line' id='line_1_26' title="bbox 94 2559 1446 2643; baseline -0.003 -21"><span class='ocrx_word' id='word_1_262' title='bbox 94 2572 141 2622; x_wconf 90' lang='lat' dir='ltr'>tur</span> <span class='ocrx_word' id='word_1_263' title='bbox 150 2581 298 2633; x_wconf 85' lang='lat' dir='ltr'>accessus,</span> <span class='ocrx_word' id='word_1_264' title='bbox 310 2563 681 2642; x_wconf 86' lang='lat' dir='ltr'>inposterioriperventio.</span> <span class='ocrx_word' id='word_1_265' title='bbox 694 2564 797 2624; x_wconf 82' lang='lat' dir='ltr'>Habet</span> <span class='ocrx_word' id='word_1_266' title='bbox 845 2564 883 2624; x_wconf 88' lang='lat' dir='ltr'>de</span> <span class='ocrx_word' id='word_1_267' title='bbox 898 2566 1007 2643; x_wconf 89' lang='lat' dir='ltr'>spiritu</span> <span class='ocrx_word' id='word_1_268' title='bbox 1024 2573 1056 2624; x_wconf 91' lang='lat' dir='ltr'>et</span> <span class='ocrx_word' id='word_1_269' title='bbox 1069 2566 1159 2625; x_wconf 89' lang='lat' dir='ltr'>litera</span> <span class='ocrx_word' id='word_1_270' title='bbox 1174 2584 1239 2643; x_wconf 81' lang='lat' dir='ltr'>cap.</span> <span class='ocrx_word' id='word_1_271' title='bbox 1255 2563 1284 2622; x_wconf 87' lang='grc'>9.</span> <span class='ocrx_word' id='word_1_272' title='bbox 1309 2571 1341 2620; x_wconf 91' lang='lat' dir='ltr'>et</span> <span class='ocrx_word' id='word_1_273' title='bbox 1362 2559 1429 2621; x_wconf 84' lang='lat' dir='ltr'>fere</span> <span class='ocrx_word' id='word_1_274' title='bbox 1444 2561 1446 2618; x_wconf 78' lang='grc' dir='ltr'>ζ</span> 
     </span>
     <span class='ocr_line' id='line_1_27' title="bbox 95 2647 1446 2730; baseline -0.003 -22"><span class='ocrx_word' id='word_1_275' title='bbox 95 2649 174 2709; x_wconf 89' lang='lat' dir='ltr'>enim</span> <span class='ocrx_word' id='word_1_276' title='bbox 182 2647 358 2726; x_wconf 88' lang='lat' dir='ltr'>justificatio</span> <span class='ocrx_word' id='word_1_277' title='bbox 371 2669 440 2709; x_wconf 92' lang='lat' dir='ltr'>suos</span> <span class='ocrx_word' id='word_1_278' title='bbox 453 2649 575 2728; x_wconf 90' lang='lat' dir='ltr'>gradus.</span> <span class='ocrx_word' id='word_1_279' title='bbox 587 2653 688 2729; x_wconf 85' lang='lat' dir='ltr'>Atque</span> <span class='ocrx_word' id='word_1_280' title='bbox 698 2650 729 2709; x_wconf 90' lang='lat' dir='ltr'>id</span> <span class='ocrx_word' id='word_1_281' title='bbox 743 2659 795 2722; x_wconf 89' lang='lat' dir='ltr'>est,</span> <span class='ocrx_word' id='word_1_282' title='bbox 844 2660 913 2730; x_wconf 90' lang='lat' dir='ltr'>post</span> <span class='ocrx_word' id='word_1_283' title='bbox 929 2670 1003 2710; x_wconf 91' lang='lat' dir='ltr'>eum.</span> <span class='ocrx_word' id='word_1_284' title='bbox 1017 2651 1069 2711; x_wconf 86' lang='lat' dir='ltr'>Sic</span> <span class='ocrx_word' id='word_1_285' title='bbox 1081 2654 1173 2712; x_wconf 89' lang='lat' dir='ltr'>etiam</span> <span class='ocrx_word' id='word_1_286' title='bbox 1183 2647 1400 2710; x_wconf 80' lang='lat' dir='ltr'>Theodoretus</span> <span class='ocrx_word' id='word_1_287' title='bbox 1417 2648 1446 2705; x_wconf 89' lang='lat' dir='ltr'>in</span> 
     </span>
     <span class='ocr_line' id='line_1_28' title="bbox 94 2733 1446 2818; baseline 0 -26"><span class='ocrx_word' id='word_1_288' title='bbox 94 2733 177 2814; x_wconf 92' lang='lat' dir='ltr'>quod</span> <span class='ocrx_word' id='word_1_289' title='bbox 204 2733 255 2793; x_wconf 87' lang='lat' dir='ltr'>alii</span> <span class='ocrx_word' id='word_1_290' title='bbox 272 2733 375 2794; x_wconf 88' lang='lat' dir='ltr'>dicunt</span> <span class='ocrx_word' id='word_1_291' title='bbox 391 2755 457 2796; x_wconf 89' lang='lat' dir='ltr'>esse</span> <span class='ocrx_word' id='word_1_292' title='bbox 473 2735 609 2813; x_wconf 87' lang='lat' dir='ltr'>ejusdcm</span> <span class='ocrx_word' id='word_1_293' title='bbox 626 2736 795 2797; x_wconf 87' lang='lat' dir='ltr'>inculcatio·</span> <span class='ocrx_word' id='word_1_294' title='bbox 844 2739 1002 2798; x_wconf 89' lang='lat' dir='ltr'>meutario.</span> <span class='ocrx_word' id='word_1_295' title='bbox 1020 2739 1125 2818; x_wconf 88' lang='lat' dir='ltr'>Atque</span> <span class='ocrx_word' id='word_1_296' title='bbox 1141 2738 1220 2796; x_wconf 87' lang='lat' dir='ltr'>huuc</span> <span class='ocrx_word' id='word_1_297' title='bbox 1235 2733 1427 2796; x_wconf 88' lang='lat' dir='ltr'>intellectum</span> <span class='ocrx_word' id='word_1_298' title='bbox 1443 2757 1446 2784; x_wconf 76' lang='grc' dir='ltr'>ι</span> 
     </span>
     <span class='ocr_line' id='line_1_29' title="bbox 94 2819 1446 2905; baseline -0.001 -24"><span class='ocrx_word' id='word_1_299' title='bbox 94 2840 161 2881; x_wconf 89' lang='lat' dir='ltr'>nem</span> <span class='ocrx_word' id='word_1_300' title='bbox 177 2839 233 2899; x_wconf 89' lang='lat' dir='ltr'>per</span> <span class='ocrx_word' id='word_1_301' title='bbox 247 2822 384 2881; x_wconf 85' lang='lat' dir='ltr'>auxesim</span> <span class='ocrx_word' id='word_1_302' title='bbox 400 2819 551 2901; x_wconf 87' lang='lat' dir='ltr'>quandam</span> <span class='ocrx_word' id='word_1_303' title='bbox 843 2825 1074 2884; x_wconf 84' lang='lat' dir='ltr'>marevidentur</span> <span class='ocrx_word' id='word_1_304' title='bbox 1089 2845 1133 2895; x_wconf 90' lang='lat' dir='ltr'>ea,</span> <span class='ocrx_word' id='word_1_305' title='bbox 1146 2822 1446 2905; x_wconf 82' lang='lat' dir='ltr'>quaeproximeseqr</span> 
     </span>
     <span class='ocr_line' id='line_1_30' title="bbox 139 2906 1428 2989; baseline -0.001 -24"><span class='ocrx_word' id='word_1_306' title='bbox 139 2906 233 2966; x_wconf 89' lang='lat' dir='ltr'>Porro</span> <span class='ocrx_word' id='word_1_307' title='bbox 250 2926 353 2968; x_wconf 90' lang='lat' dir='ltr'>omnes</span> <span class='ocrx_word' id='word_1_308' title='bbox 369 2909 399 2967; x_wconf 90' lang='lat' dir='ltr'>in</span> <span class='ocrx_word' id='word_1_309' title='bbox 412 2906 564 2967; x_wconf 87' lang='lat' dir='ltr'>Christum</span> <span class='ocrx_word' id='word_1_310' title='bbox 580 2906 737 2968; x_wconf 87' lang='lat' dir='ltr'>credentes</span> <span class='ocrx_word' id='word_1_311' title='bbox 753 2910 795 2967; x_wconf 89' lang='lat' dir='ltr'>irr-</span> <span class='ocrx_word' id='word_1_312' title='bbox 844 2910 1022 2988; x_wconf 89' lang='lat' dir='ltr'>degratuita</span> <span class='ocrx_word' id='word_1_313' title='bbox 1038 2911 1214 2971; x_wconf 88' lang='lat' dir='ltr'>remissione</span> <span class='ocrx_word' id='word_1_314' title='bbox 1224 2915 1428 2989; x_wconf 88' lang='lat' dir='ltr'>peccatorum.</span> 
     </span>
     <span class='ocr_line' id='line_1_31' title="bbox 94 2992 1438 3073; baseline -0.001 -21"><span class='ocrx_word' id='word_1_315' title='bbox 94 2992 206 3072; x_wconf 85' lang='lat' dir='ltr'>tellige,</span> <span class='ocrx_word' id='word_1_316' title='bbox 221 3014 281 3052; x_wconf 92' lang='lat' dir='ltr'>non</span> <span class='ocrx_word' id='word_1_317' title='bbox 298 2992 586 3073; x_wconf 84' lang='lat' dir='ltr'>quomodocumque,</span> <span class='ocrx_word' id='word_1_318' title='bbox 603 2994 656 3053; x_wconf 88' lang='lat' dir='ltr'>sed</span> <span class='ocrx_word' id='word_1_319' title='bbox 673 3014 709 3054; x_wconf 88' lang='lat' dir='ltr'>ea</span> <span class='ocrx_word' id='word_1_320' title='bbox 725 2993 795 3068; x_wconf 84' lang='lat' dir='ltr'>fide,</span> <span class='ocrx_word' id='word_1_321' title='bbox 886 2997 991 3056; x_wconf 91' lang='lat' dir='ltr'>Potest</span> <span class='ocrx_word' id='word_1_322' title='bbox 1005 3006 1108 3056; x_wconf 91' lang='lat' dir='ltr'>autem</span> <span class='ocrx_word' id='word_1_323' title='bbox 1124 3007 1154 3056; x_wconf 88' lang='lat' dir='ltr'>et</span> <span class='ocrx_word' id='word_1_324' title='bbox 1170 2997 1220 3055; x_wconf 91' lang='lat' dir='ltr'>hic</span> <span class='ocrx_word' id='word_1_325' title='bbox 1235 3013 1302 3054; x_wconf 85' lang='lat' dir='ltr'>esee</span> <span class='ocrx_word' id='word_1_326' title='bbox 1328 3012 1438 3053; x_wconf 88' lang='lat' dir='ltr'>seusus</span> 
     </span>
     <span class='ocr_line' id='line_1_32' title="bbox 94 3077 1437 3162; baseline 0.001 -24"><span class='ocrx_word' id='word_1_327' title='bbox 94 3077 133 3138; x_wconf 90' lang='lat' dir='ltr'>dc</span> <span class='ocrx_word' id='word_1_328' title='bbox 149 3098 210 3158; x_wconf 88' lang='lat' dir='ltr'>qua</span> <span class='ocrx_word' id='word_1_329' title='bbox 226 3099 289 3158; x_wconf 89' lang='lat' dir='ltr'>cap.</span> <span class='ocrx_word' id='word_1_330' title='bbox 309 3086 335 3139; x_wconf 90' lang='lat'>1.</span> <span class='ocrx_word' id='word_1_331' title='bbox 353 3079 481 3140; x_wconf 87' lang='lat' dir='ltr'>diximus</span> <span class='ocrx_word' id='word_1_332' title='bbox 497 3080 677 3159; x_wconf 86' lang='lat' dir='ltr'>Apostolum</span> <span class='ocrx_word' id='word_1_333' title='bbox 698 3081 794 3162; x_wconf 90' lang='lat' dir='ltr'>loqui:</span> <span class='ocrx_word' id='word_1_334' title='bbox 844 3102 899 3141; x_wconf 89' lang='lat' dir='ltr'>rres</span> <span class='ocrx_word' id='word_1_335' title='bbox 923 3083 1055 3142; x_wconf 88' lang='lat' dir='ltr'>confiteri</span> <span class='ocrx_word' id='word_1_336' title='bbox 1070 3083 1179 3143; x_wconf 85' lang='lat' dir='ltr'>debent</span> <span class='ocrx_word' id='word_1_337' title='bbox 1195 3101 1228 3141; x_wconf 89' lang='lat' dir='ltr'>se</span> <span class='ocrx_word' id='word_1_338' title='bbox 1241 3090 1437 3161; x_wconf 76' lang='lat' dir='ltr'>peccatores,</span> 
     </span>
     <span class='ocr_line' id='line_1_33' title="bbox 94 3164 1425 3248; baseline 0.002 -25"><span class='ocrx_word' id='word_1_339' title='bbox 94 3184 155 3246; x_wconf 93' lang='lat' dir='ltr'>qua</span> <span class='ocrx_word' id='word_1_340' title='bbox 184 3164 325 3227; x_wconf 84' lang='lat' dir='ltr'>videlicet</span> <span class='ocrx_word' id='word_1_341' title='bbox 353 3168 384 3227; x_wconf 91' lang='lat' dir='ltr'>in</span> <span class='ocrx_word' id='word_1_342' title='bbox 412 3165 567 3227; x_wconf 87' lang='lat' dir='ltr'>Christum</span> <span class='ocrx_word' id='word_1_343' title='bbox 596 3169 663 3247; x_wconf 89' lang='lat' dir='ltr'>quis</span> <span class='ocrx_word' id='word_1_344' title='bbox 690 3166 794 3240; x_wconf 88' lang='lat' dir='ltr'>credit,</span> <span class='ocrx_word' id='word_1_345' title='bbox 843 3167 901 3228; x_wconf 91' lang='lat' dir='ltr'>hoc</span> <span class='ocrx_word' id='word_1_346' title='bbox 924 3168 1049 3248; x_wconf 90' lang='lat' dir='ltr'>gloriam</span> <span class='ocrx_word' id='word_1_347' title='bbox 1071 3168 1143 3229; x_wconf 89' lang='lat' dir='ltr'>dare</span> <span class='ocrx_word' id='word_1_348' title='bbox 1165 3171 1250 3243; x_wconf 82' lang='lat' dir='ltr'>De03</span> <span class='ocrx_word' id='word_1_349' title='bbox 1271 3166 1425 3246; x_wconf 89' lang='lat' dir='ltr'>quomodo</span> 
     </span>
     <span class='ocr_line' id='line_1_34' title="bbox 95 3251 1446 3333; baseline 0.002 -23"><span class='ocrx_word' id='word_1_350' title='bbox 95 3260 219 3332; x_wconf 85' lang='lat' dir='ltr'>paratus</span> <span class='ocrx_word' id='word_1_351' title='bbox 235 3252 336 3313; x_wconf 89' lang='lat' dir='ltr'>subire</span> <span class='ocrx_word' id='word_1_352' title='bbox 354 3262 384 3312; x_wconf 92' lang='lat' dir='ltr'>et</span> <span class='ocrx_word' id='word_1_353' title='bbox 399 3272 490 3332; x_wconf 81' lang='lat' dir='ltr'>agere</span> <span class='ocrx_word' id='word_1_354' title='bbox 502 3273 546 3325; x_wconf 89' lang='lat' dir='ltr'>ea,</span> <span class='ocrx_word' id='word_1_355' title='bbox 563 3273 641 3332; x_wconf 87' lang='lat' dir='ltr'>quae</span> <span class='ocrx_word' id='word_1_356' title='bbox 654 3254 705 3313; x_wconf 93' lang='lat' dir='ltr'>ille</span> <span class='ocrx_word' id='word_1_357' title='bbox 718 3253 794 3313; x_wconf 91' lang='lat' dir='ltr'>ordi·</span> <span class='ocrx_word' id='word_1_358' title='bbox 844 3252 966 3315; x_wconf 88' lang='lat' dir='ltr'>dicebat</span> <span class='ocrx_word' id='word_1_359' title='bbox 981 3255 1018 3314; x_wconf 90' lang='lat' dir='ltr'>ad</span> <span class='ocrx_word' id='word_1_360' title='bbox 1035 3255 1141 3315; x_wconf 89' lang='lat' dir='ltr'>Acharr</span> <span class='ocrx_word' id='word_1_361' title='bbox 1152 3255 1224 3314; x_wconf 86' lang='lat' dir='ltr'>furti</span> <span class='ocrx_word' id='word_1_362' title='bbox 1237 3251 1446 3333; x_wconf 79' lang='lat' dir='ltr'>deprehensus</span> 
     </span>
     <span class='ocr_line' id='line_1_35' title="bbox 96 3336 1446 3419; baseline 0 -21"><span class='ocrx_word' id='word_1_363' title='bbox 96 3341 180 3399; x_wconf 84' lang='lat' dir='ltr'>navit</span> <span class='ocrx_word' id='word_1_364' title='bbox 189 3336 382 3417; x_wconf 83' lang='lat' dir='ltr'>adjustitiam</span> <span class='ocrx_word' id='word_1_365' title='bbox 391 3339 640 3419; x_wconf 86' lang='lat' dir='ltr'>consequendam,</span> <span class='ocrx_word' id='word_1_366' title='bbox 649 3339 698 3399; x_wconf 85' lang='lat' dir='ltr'>vel</span> <span class='ocrx_word' id='word_1_367' title='bbox 707 3341 794 3400; x_wconf 90' lang='lat' dir='ltr'>etiam</span> <span class='ocrx_word' id='word_1_368' title='bbox 843 3342 981 3416; x_wconf 70' lang='lat' dir='ltr'>utorium</span> <span class='ocrx_word' id='word_1_369' title='bbox 998 3343 1065 3401; x_wconf 85' lang='lat' dir='ltr'>Deo</span> <span class='ocrx_word' id='word_1_370' title='bbox 1073 3387 1083 3416; x_wconf 90' lang='lat'>,</span> <span class='ocrx_word' id='word_1_371' title='bbox 1101 3350 1131 3401; x_wconf 83' lang='lat' dir='ltr'>et</span> <span class='ocrx_word' id='word_1_372' title='bbox 1146 3341 1314 3416; x_wconf 71' lang='lat' dir='ltr'>confitere,</span> <span class='ocrx_word' id='word_1_373' title='bbox 1338 3339 1420 3418; x_wconf 83' lang='lat' dir='ltr'>quid</span> <span class='ocrx_word' id='word_1_374' title='bbox 1435 3345 1446 3417; x_wconf 71' lang='grc'><strong><em>1</em></strong></span> 
     </span>
     <span class='ocr_line' id='line_1_36' title="bbox 95 3424 1446 3505; baseline 0.002 -21"><span class='ocrx_word' id='word_1_375' title='bbox 95 3424 296 3500; x_wconf 88' lang='lat' dir='ltr'>retinendam,</span> <span class='ocrx_word' id='word_1_376' title='bbox 320 3425 350 3486; x_wconf 90' lang='lat' dir='ltr'>id</span> <span class='ocrx_word' id='word_1_377' title='bbox 366 3434 428 3500; x_wconf 88' lang='lat' dir='ltr'>ost,</span> <span class='ocrx_word' id='word_1_378' title='bbox 444 3425 600 3486; x_wconf 87' lang='lat' dir='ltr'>credentes</span> <span class='ocrx_word' id='word_1_379' title='bbox 616 3425 677 3485; x_wconf 91' lang='lat' dir='ltr'>fide</span> <span class='ocrx_word' id='word_1_380' title='bbox 692 3426 794 3485; x_wconf 90' lang='lat' dir='ltr'>humili</span> <span class='ocrx_word' id='word_1_381' title='bbox 843 3428 867 3487; x_wconf 90' lang='lat' dir='ltr'><strong>J</strong></span> <span class='ocrx_word' id='word_1_382' title='bbox 868 3448 909 3487; x_wconf 88' lang='lat' dir='ltr'>os.</span> <span class='ocrx_word' id='word_1_383' title='bbox 927 3429 954 3485; x_wconf 82' lang='lat'>7.</span> <span class='ocrx_word' id='word_1_384' title='bbox 971 3427 1039 3505; x_wconf 76' lang='lat' dir='ltr'>Quo</span> <span class='ocrx_word' id='word_1_385' title='bbox 1056 3430 1129 3488; x_wconf 88' lang='lat' dir='ltr'>etim</span> <span class='ocrx_word' id='word_1_386' title='bbox 1146 3447 1236 3488; x_wconf 90' lang='lat' dir='ltr'>sensu</span> <span class='ocrx_word' id='word_1_387' title='bbox 1252 3426 1366 3486; x_wconf 89' lang='lat' dir='ltr'>dicitur</span> <span class='ocrx_word' id='word_1_388' title='bbox 1380 3426 1446 3505; x_wconf 78' lang='lat' dir='ltr'>Ap&lt;</span> 
     </span>
     <span class='ocr_line' id='line_1_37' title="bbox 95 3510 1446 3592; baseline 0 -21"><span class='ocrx_word' id='word_1_389' title='bbox 95 3520 125 3571; x_wconf 90' lang='lat' dir='ltr'>et</span> <span class='ocrx_word' id='word_1_390' title='bbox 137 3510 305 3571; x_wconf 90' lang='lat' dir='ltr'>obediente.</span> <span class='ocrx_word' id='word_1_391' title='bbox 316 3513 364 3573; x_wconf 91' lang='lat' dir='ltr'>De</span> <span class='ocrx_word' id='word_1_392' title='bbox 376 3531 437 3592; x_wconf 89' lang='lat' dir='ltr'>qua</span> <span class='ocrx_word' id='word_1_393' title='bbox 450 3521 481 3572; x_wconf 94' lang='lat' dir='ltr'>ot</span> <span class='ocrx_word' id='word_1_394' title='bbox 494 3512 567 3572; x_wconf 92' lang='lat' dir='ltr'>illud</span> <span class='ocrx_word' id='word_1_395' title='bbox 580 3512 794 3592; x_wconf 88' lang='lat' dir='ltr'>accipiendum,</span> <span class='ocrx_word' id='word_1_396' title='bbox 844 3515 887 3573; x_wconf 81' lang='lat' dir='ltr'>Et</span> <span class='ocrx_word' id='word_1_397' title='bbox 901 3533 969 3574; x_wconf 78' lang='lat' dir='ltr'>nott</span> <span class='ocrx_word' id='word_1_398' title='bbox 985 3523 1117 3588; x_wconf 73' lang='lat' dir='ltr'>eperunt</span> <span class='ocrx_word' id='word_1_399' title='bbox 1125 3515 1371 3591; x_wconf 76' lang='lat' dir='ltr'>poeaitentiam,</span> <span class='ocrx_word' id='word_1_400' title='bbox 1384 3514 1446 3572; x_wconf 79' lang='lat' dir='ltr'>satu</span> 
     </span>
     <span class='ocr_line' id='line_1_38' title="bbox 93 3596 1074 3678; baseline 0.005 -23"><span class='ocrx_word' id='word_1_401' title='bbox 93 3596 174 3678; x_wconf 92' lang='lat' dir='ltr'>quod</span> <span class='ocrx_word' id='word_1_402' title='bbox 191 3596 263 3658; x_wconf 86' lang='lat' dir='ltr'>dicit</span> <span class='ocrx_word' id='word_1_403' title='bbox 285 3598 432 3658; x_wconf 89' lang='lat' dir='ltr'>Dominus</span> <span class='ocrx_word' id='word_1_404' title='bbox 455 3598 545 3659; x_wconf 88' lang='lat' dir='ltr'>Joan.</span> <span class='ocrx_word' id='word_1_405' title='bbox 564 3603 592 3661; x_wconf 84' lang='lat'>3.</span> <span class='ocrx_word' id='word_1_406' title='bbox 623 3602 662 3660; x_wconf 80' lang='lat' dir='ltr'>Ut</span> <span class='ocrx_word' id='word_1_407' title='bbox 678 3603 792 3676; x_wconf 75' lang='lat' dir='ltr'>omnis,</span> <span class='ocrx_word' id='word_1_408' title='bbox 844 3602 912 3660; x_wconf 83' lang='lat' dir='ltr'>Deo</span> <span class='ocrx_word' id='word_1_409' title='bbox 927 3601 1074 3675; x_wconf 77' lang='lat' dir='ltr'>pluriam.</span> 
     </span>
     <span class='ocr_line' id='line_1_39' title="bbox 91 3678 1446 3762; baseline -0.001 -18"><span class='ocrx_word' id='word_1_410' title='bbox 91 3688 147 3762; x_wconf 82' lang='lat' dir='ltr'>qui</span> <span class='ocrx_word' id='word_1_411' title='bbox 173 3685 273 3744; x_wconf 79' lang='lat' dir='ltr'>credit</span> <span class='ocrx_word' id='word_1_412' title='bbox 287 3689 322 3746; x_wconf 77' lang='lat' dir='ltr'>in</span> <span class='ocrx_word' id='word_1_413' title='bbox 346 3689 468 3762; x_wconf 83' lang='lat' dir='ltr'>ipsum,</span> <span class='ocrx_word' id='word_1_414' title='bbox 497 3706 563 3746; x_wconf 74' lang='lat' dir='ltr'>sorr·</span> <span class='ocrx_word' id='word_1_415' title='bbox 586 3693 714 3761; x_wconf 78' lang='lat' dir='ltr'>pereat,</span> <span class='ocrx_word' id='word_1_416' title='bbox 741 3687 794 3745; x_wconf 78' lang='lat' dir='ltr'>aeti</span> <span class='ocrx_word' id='word_1_417' title='bbox 885 3685 997 3745; x_wconf 89' lang='lat' dir='ltr'>Vemm</span> <span class='ocrx_word' id='word_1_418' title='bbox 1013 3678 1446 3749; x_wconf 76' lang='lat' dir='ltr'>notandumestverbumitcu</span> 
     </span>
     <span class='ocr_line' id='line_1_40' title="bbox 93 3770 1446 3853; baseline 0.001 -23"><span class='ocrx_word' id='word_1_419' title='bbox 93 3770 210 3830; x_wconf 77' lang='lat' dir='ltr'>babeat</span> <span class='ocrx_word' id='word_1_420' title='bbox 226 3774 326 3832; x_wconf 84' lang='lat' dir='ltr'>vitam</span> <span class='ocrx_word' id='word_1_421' title='bbox 342 3779 516 3832; x_wconf 79' lang='lat' dir='ltr'>aeternam.</span> <span class='ocrx_word' id='word_1_422' title='bbox 541 3772 590 3831; x_wconf 83' lang='lat' dir='ltr'>Ex</span> <span class='ocrx_word' id='word_1_423' title='bbox 606 3771 653 3831; x_wconf 91' lang='lat' dir='ltr'>his</span> <span class='ocrx_word' id='word_1_424' title='bbox 669 3791 793 3851; x_wconf 90' lang='lat' dir='ltr'>quoqne</span> <span class='ocrx_word' id='word_1_425' title='bbox 842 3786 902 3846; x_wconf 80' lang='grc' dir='ltr'>ται,</span> <span class='ocrx_word' id='word_1_426' title='bbox 917 3780 1017 3847; x_wconf 79' lang='lat' dir='ltr'>eqeut,</span> <span class='ocrx_word' id='word_1_427' title='bbox 1032 3772 1446 3853; x_wconf 82' lang='lat' dir='ltr'>etiamvertipossedcstitut</span> 
     </span>
     <span class='ocr_line' id='line_1_41' title="bbox 91 3856 1446 3939; baseline 0.001 -23"><span class='ocrx_word' id='word_1_428' title='bbox 91 3856 264 3937; x_wconf 85' lang='lat' dir='ltr'>responderi</span> <span class='ocrx_word' id='word_1_429' title='bbox 279 3857 426 3939; x_wconf 88' lang='lat' dir='ltr'>potestad</span> <span class='ocrx_word' id='word_1_430' title='bbox 436 3857 474 3929; x_wconf 89' lang='lat' dir='ltr'>id,</span> <span class='ocrx_word' id='word_1_431' title='bbox 491 3856 571 3938; x_wconf 87' lang='lat' dir='ltr'>quod</span> <span class='ocrx_word' id='word_1_432' title='bbox 583 3859 690 3937; x_wconf 87' lang='lat' dir='ltr'>quaeri</span> <span class='ocrx_word' id='word_1_433' title='bbox 701 3859 792 3918; x_wconf 88' lang='lat' dir='ltr'>solet:</span> <span class='ocrx_word' id='word_1_434' title='bbox 843 3858 1095 3936; x_wconf 88' lang='lat' dir='ltr'>quemadmodum</span> <span class='ocrx_word' id='word_1_435' title='bbox 1110 3869 1268 3920; x_wconf 87' lang='lat' dir='ltr'>verterunt</span> <span class='ocrx_word' id='word_1_436' title='bbox 1278 3859 1430 3918; x_wconf 84' lang='lat' dir='ltr'>Erasmus</span> <span class='ocrx_word' id='word_1_437' title='bbox 1444 3887 1446 3910; x_wconf 73' lang='grc' dir='ltr'>ι</span> 
     </span>
     <span class='ocr_line' id='line_1_42' title="bbox 90 3943 1446 4026; baseline 0.002 -23"><span class='ocrx_word' id='word_1_438' title='bbox 90 3953 190 4004; x_wconf 85' lang='lat' dir='ltr'>utrum</span> <span class='ocrx_word' id='word_1_439' title='bbox 211 3944 286 4004; x_wconf 89' lang='lat' dir='ltr'>haec</span> <span class='ocrx_word' id='word_1_440' title='bbox 308 3944 381 4005; x_wconf 88' lang='lat' dir='ltr'>fides</span> <span class='ocrx_word' id='word_1_441' title='bbox 397 3943 531 4004; x_wconf 75' lang='lat' dir='ltr'>informis</span> <span class='ocrx_word' id='word_1_442' title='bbox 547 3946 588 4003; x_wconf 88' lang='lat' dir='ltr'>sit</span> <span class='ocrx_word' id='word_1_443' title='bbox 603 3964 641 4004; x_wconf 86' lang='lat' dir='ltr'>an</span> <span class='ocrx_word' id='word_1_444' title='bbox 657 3944 792 4005; x_wconf 84' lang='lat' dir='ltr'>formata.</span> <span class='ocrx_word' id='word_1_445' title='bbox 842 3944 922 4004; x_wconf 90' lang='lat' dir='ltr'>Tum</span> <span class='ocrx_word' id='word_1_446' title='bbox 936 3965 1041 4006; x_wconf 89' lang='lat' dir='ltr'>seusus</span> <span class='ocrx_word' id='word_1_447' title='bbox 1055 3966 1121 4006; x_wconf 90' lang='lat' dir='ltr'>esse</span> <span class='ocrx_word' id='word_1_448' title='bbox 1132 3955 1251 4026; x_wconf 89' lang='lat' dir='ltr'>potest:</span> <span class='ocrx_word' id='word_1_449' title='bbox 1267 3943 1352 4023; x_wconf 83' lang='lat' dir='ltr'>Quia</span> <span class='ocrx_word' id='word_1_450' title='bbox 1362 3965 1446 4006; x_wconf 73' lang='lat' dir='ltr'>omn&lt;</span> 
     </span>
     <span class='ocr_line' id='line_1_43' title="bbox 91 4029 1446 4112; baseline 0.001 -22"><span class='ocrx_word' id='word_1_451' title='bbox 91 4029 163 4091; x_wconf 87' lang='lat' dir='ltr'>Jam</span> <span class='ocrx_word' id='word_1_452' title='bbox 194 4032 272 4092; x_wconf 91' lang='lat' dir='ltr'>enim</span> <span class='ocrx_word' id='word_1_453' title='bbox 299 4051 390 4112; x_wconf 88' lang='lat' dir='ltr'>supra</span> <span class='ocrx_word' id='word_1_454' title='bbox 418 4031 528 4093; x_wconf 87' lang='lat' dir='ltr'>dictum</span> <span class='ocrx_word' id='word_1_455' title='bbox 554 4037 613 4104; x_wconf 87' lang='lat' dir='ltr'>est,</span> <span class='ocrx_word' id='word_1_456' title='bbox 641 4050 705 4092; x_wconf 89' lang='lat' dir='ltr'>earn</span> <span class='ocrx_word' id='word_1_457' title='bbox 733 4052 792 4091; x_wconf 87' lang='lat' dir='ltr'>nou</span> <span class='ocrx_word' id='word_1_458' title='bbox 842 4041 999 4104; x_wconf 86' lang='lat' dir='ltr'>cavemnt,</span> <span class='ocrx_word' id='word_1_459' title='bbox 1027 4032 1095 4094; x_wconf 88' lang='lat' dir='ltr'>ideo</span> <span class='ocrx_word' id='word_1_460' title='bbox 1125 4053 1227 4093; x_wconf 89' lang='lat' dir='ltr'>omnes</span> <span class='ocrx_word' id='word_1_461' title='bbox 1253 4031 1446 4092; x_wconf 87' lang='lat' dir='ltr'>destituuntu</span> 
     </span>
     <span class='ocr_line' id='line_1_44' title="bbox 91 4115 1446 4198; baseline 0.001 -22"><span class='ocrx_word' id='word_1_462' title='bbox 91 4118 378 4197; x_wconf 83' lang='lat' dir='ltr'>prorsusiuformem</span> <span class='ocrx_word' id='word_1_463' title='bbox 391 4137 466 4187; x_wconf 89' lang='lat' dir='ltr'>esse,</span> <span class='ocrx_word' id='word_1_464' title='bbox 482 4115 701 4177; x_wconf 82' lang='lat' dir='ltr'>sediormatam</span> <span class='ocrx_word' id='word_1_465' title='bbox 711 4117 792 4177; x_wconf 91' lang='lat' dir='ltr'>bona</span> <span class='ocrx_word' id='word_1_466' title='bbox 840 4118 1000 4195; x_wconf 87' lang='lat' dir='ltr'>privantur</span> <span class='ocrx_word' id='word_1_467' title='bbox 1015 4119 1111 4197; x_wconf 87' lang='lat' dir='ltr'>gloria</span> <span class='ocrx_word' id='word_1_468' title='bbox 1126 4120 1197 4192; x_wconf 90' lang='lat' dir='ltr'>Dei,</span> <span class='ocrx_word' id='word_1_469' title='bbox 1213 4117 1243 4179; x_wconf 91' lang='lat' dir='ltr'>id</span> <span class='ocrx_word' id='word_1_470' title='bbox 1259 4127 1320 4191; x_wconf 88' lang='lat' dir='ltr'>est,</span> <span class='ocrx_word' id='word_1_471' title='bbox 1337 4117 1446 4198; x_wconf 83' lang='lat' dir='ltr'>indign</span> 
     </span>
     <span class='ocr_line' id='line_1_45' title="bbox 90 4202 1446 4285; baseline 0.001 -23"><span class='ocrx_word' id='word_1_472' title='bbox 90 4203 261 4279; x_wconf 82' lang='lat' dir='ltr'>voiuntate3</span> <span class='ocrx_word' id='word_1_473' title='bbox 286 4206 315 4265; x_wconf 91' lang='lat' dir='ltr'>in</span> <span class='ocrx_word' id='word_1_474' title='bbox 332 4225 393 4285; x_wconf 90' lang='lat' dir='ltr'>qua</span> <span class='ocrx_word' id='word_1_475' title='bbox 415 4212 445 4264; x_wconf 89' lang='lat' dir='ltr'>ot</span> <span class='ocrx_word' id='word_1_476' title='bbox 466 4222 533 4283; x_wconf 85' lang='lat' dir='ltr'>spes</span> <span class='ocrx_word' id='word_1_477' title='bbox 547 4214 579 4263; x_wconf 90' lang='lat' dir='ltr'>ct</span> <span class='ocrx_word' id='word_1_478' title='bbox 594 4202 715 4263; x_wconf 88' lang='lat' dir='ltr'>dilectio</span> <span class='ocrx_word' id='word_1_479' title='bbox 730 4204 791 4263; x_wconf 92' lang='lat' dir='ltr'>Dei</span> <span class='ocrx_word' id='word_1_480' title='bbox 840 4205 904 4262; x_wconf 88' lang='lat' dir='ltr'>vita</span> <span class='ocrx_word' id='word_1_481' title='bbox 920 4214 1060 4277; x_wconf 88' lang='lat' dir='ltr'>aeterna,</span> <span class='ocrx_word' id='word_1_482' title='bbox 1088 4225 1168 4283; x_wconf 89' lang='lat' dir='ltr'>quae</span> <span class='ocrx_word' id='word_1_483' title='bbox 1187 4204 1250 4265; x_wconf 82' lang='lat' dir='ltr'>uon</span> <span class='ocrx_word' id='word_1_484' title='bbox 1263 4205 1354 4264; x_wconf 87' lang='lat' dir='ltr'>datur</span> <span class='ocrx_word' id='word_1_485' title='bbox 1367 4207 1446 4279; x_wconf 48' lang='lat' dir='ltr'>nisi¹</span> 
     </span>
     <span class='ocr_line' id='line_1_46' title="bbox 89 4290 1446 4370; baseline 0.002 -21"><span class='ocrx_word' id='word_1_486' title='bbox 89 4290 287 4351; x_wconf 87' lang='lat' dir='ltr'>includuntur.</span> <span class='ocrx_word' id='word_1_487' title='bbox 841 4290 939 4369; x_wconf 77' lang='lat' dir='ltr'>Quem</span> <span class='ocrx_word' id='word_1_488' title='bbox 955 4310 1076 4350; x_wconf 87' lang='lat' dir='ltr'>sensum</span> <span class='ocrx_word' id='word_1_489' title='bbox 1093 4291 1227 4352; x_wconf 86' lang='lat' dir='ltr'>indicant</span> <span class='ocrx_word' id='word_1_490' title='bbox 1250 4290 1446 4370; x_wconf 82' lang='lat' dir='ltr'>Chrysostou</span> 
     </span>
     <span class='ocr_line' id='line_1_47' title="bbox 132 4375 1102 4456; baseline -0.002 -19"><span class='ocrx_word' id='word_1_491' title='bbox 132 4380 203 4437; x_wconf 72' lang='lat' dir='ltr'>nou</span> <span class='ocrx_word' id='word_1_492' title='bbox 229 4381 313 4437; x_wconf 82' lang='lat' dir='ltr'>euim</span> <span class='ocrx_word' id='word_1_493' title='bbox 332 4385 375 4438; x_wconf 86' lang='lat' dir='ltr'>est</span> <span class='ocrx_word' id='word_1_494' title='bbox 390 4378 561 4437; x_wconf 81' lang='lat' dir='ltr'>distinctio.</span> <span class='ocrx_word' id='word_1_495' title='bbox 581 4375 701 4436; x_wconf 84' lang='lat' dir='ltr'>Scilicet</span> <span class='ocrx_word' id='word_1_496' title='bbox 713 4376 790 4435; x_wconf 87' lang='lat' dir='ltr'>inter</span> <span class='ocrx_word' id='word_1_497' title='bbox 839 4376 1102 4456; x_wconf 87' lang='lat' dir='ltr'>Theophylactus.</span> 
     </span>
     <span class='ocr_line' id='line_1_48' title="bbox 89 4460 1446 4544; baseline 0.001 -23"><span class='ocrx_word' id='word_1_498' title='bbox 89 4460 226 4524; x_wconf 71' lang='lat' dir='ltr'>ludaeos</span> <span class='ocrx_word' id='word_1_499' title='bbox 243 4473 273 4523; x_wconf 91' lang='lat' dir='ltr'>et</span> <span class='ocrx_word' id='word_1_500' title='bbox 288 4465 433 4544; x_wconf 85' lang='lat' dir='ltr'>gentiles,</span> <span class='ocrx_word' id='word_1_501' title='bbox 460 4484 496 4523; x_wconf 90' lang='lat' dir='ltr'>ac</span> <span class='ocrx_word' id='word_1_502' title='bbox 521 4462 659 4522; x_wconf 86' lang='lat' dir='ltr'>sidicat:</span> <span class='ocrx_word' id='word_1_503' title='bbox 690 4460 789 4520; x_wconf 88' lang='lat' dir='ltr'>nullus</span> <span class='ocrx_word' id='word_1_504' title='bbox 881 4462 924 4520; x_wconf 87' lang='lat' dir='ltr'>At</span> <span class='ocrx_word' id='word_1_505' title='bbox 948 4483 1020 4522; x_wconf 86' lang='lat' dir='ltr'>vero</span> <span class='ocrx_word' id='word_1_506' title='bbox 1037 4465 1179 4543; x_wconf 79' lang='lat' dir='ltr'>quamvis</span> <span class='ocrx_word' id='word_1_507' title='bbox 1201 4464 1233 4523; x_wconf 90' lang='lat' dir='ltr'>hi</span> <span class='ocrx_word' id='word_1_508' title='bbox 1256 4482 1366 4523; x_wconf 90' lang='lat' dir='ltr'>sensus</span> <span class='ocrx_word' id='word_1_509' title='bbox 1381 4483 1446 4525; x_wconf 90' lang='lat' dir='ltr'>mer</span> 
     </span>
     <span class='ocr_line' id='line_1_49' title="bbox 89 4547 1426 4631; baseline 0.001 -24"><span class='ocrx_word' id='word_1_510' title='bbox 89 4561 133 4608; x_wconf 79' lang='lat' dir='ltr'>ou</span> <span class='ocrx_word' id='word_1_511' title='bbox 150 4548 316 4623; x_wconf 85' lang='lat' dir='ltr'>homiuum,</span> <span class='ocrx_word' id='word_1_512' title='bbox 332 4553 385 4631; x_wconf 91' lang='lat' dir='ltr'>qui</span> <span class='ocrx_word' id='word_1_513' title='bbox 400 4552 506 4631; x_wconf 85' lang='lat' dir='ltr'>possit,</span> <span class='ocrx_word' id='word_1_514' title='bbox 522 4558 575 4610; x_wconf 89' lang='lat' dir='ltr'>aut</span> <span class='ocrx_word' id='word_1_515' title='bbox 589 4568 721 4628; x_wconf 89' lang='lat' dir='ltr'>unquam</span> <span class='ocrx_word' id='word_1_516' title='bbox 736 4569 787 4627; x_wconf 91' lang='lat' dir='ltr'>po·</span> <span class='ocrx_word' id='word_1_517' title='bbox 838 4547 1083 4627; x_wconf 85' lang='lat' dir='ltr'>probabilitatem</span> <span class='ocrx_word' id='word_1_518' title='bbox 1099 4570 1184 4610; x_wconf 91' lang='lat' dir='ltr'>suam</span> <span class='ocrx_word' id='word_1_519' title='bbox 1201 4550 1350 4624; x_wconf 88' lang='lat' dir='ltr'>habeant,</span> <span class='ocrx_word' id='word_1_520' title='bbox 1374 4560 1426 4610; x_wconf 88' lang='lat' dir='ltr'>est</span> 
     </span>
     <span class='ocr_line' id='line_1_50' title="bbox 88 4633 1446 4717; baseline 0.002 -23"><span class='ocrx_word' id='word_1_521' title='bbox 88 4636 177 4696; x_wconf 80' lang='lat' dir='ltr'>tuerit</span> <span class='ocrx_word' id='word_1_522' title='bbox 198 4637 285 4697; x_wconf 82' lang='lat' dir='ltr'>alitor</span> <span class='ocrx_word' id='word_1_523' title='bbox 304 4637 480 4716; x_wconf 85' lang='lat' dir='ltr'>justificari,</span> <span class='ocrx_word' id='word_1_524' title='bbox 507 4657 599 4717; x_wconf 87' lang='lat' dir='ltr'>qnam</span> <span class='ocrx_word' id='word_1_525' title='bbox 622 4655 676 4715; x_wconf 86' lang='lat' dir='ltr'>per</span> <span class='ocrx_word' id='word_1_526' title='bbox 698 4633 788 4693; x_wconf 87' lang='lat' dir='ltr'>fidem</span> <span class='ocrx_word' id='word_1_527' title='bbox 837 4635 913 4693; x_wconf 89' lang='lat' dir='ltr'>alius</span> <span class='ocrx_word' id='word_1_528' title='bbox 930 4655 995 4695; x_wconf 92' lang='lat' dir='ltr'>meo</span> <span class='ocrx_word' id='word_1_529' title='bbox 1007 4635 1124 4714; x_wconf 88' lang='lat' dir='ltr'>judicio</span> <span class='ocrx_word' id='word_1_530' title='bbox 1139 4654 1231 4696; x_wconf 87' lang='lat' dir='ltr'>verus</span> <span class='ocrx_word' id='word_1_531' title='bbox 1247 4646 1279 4697; x_wconf 91' lang='lat' dir='ltr'>et</span> <span class='ocrx_word' id='word_1_532' title='bbox 1300 4656 1446 4716; x_wconf 82' lang='lat' dir='ltr'>germana</span> 
     </span>
     <span class='ocr_line' id='line_1_51' title="bbox 89 4720 1446 4803; baseline 0.001 -19"><span class='ocrx_word' id='word_1_533' title='bbox 89 4720 168 4784; x_wconf 82' lang='lat' dir='ltr'>Josu</span> <span class='ocrx_word' id='word_1_534' title='bbox 186 4722 307 4787; x_wconf 78' lang='lat' dir='ltr'>Christi.</span> <span class='ocrx_word' id='word_1_535' title='bbox 331 4724 418 4785; x_wconf 84' lang='lat' dir='ltr'>Haeo</span> <span class='ocrx_word' id='word_1_536' title='bbox 440 4743 502 4785; x_wconf 85' lang='lat' dir='ltr'>una</span> <span class='ocrx_word' id='word_1_537' title='bbox 526 4731 558 4784; x_wconf 89' lang='lat' dir='ltr'>et</span> <span class='ocrx_word' id='word_1_538' title='bbox 579 4720 647 4783; x_wconf 86' lang='lat' dir='ltr'>sola</span> <span class='ocrx_word' id='word_1_539' title='bbox 668 4721 721 4781; x_wconf 79' lang='lat' dir='ltr'>ris</span> <span class='ocrx_word' id='word_1_540' title='bbox 743 4728 790 4781; x_wconf 89' lang='lat' dir='ltr'>est</span> <span class='ocrx_word' id='word_1_541' title='bbox 832 4720 1206 4800; x_wconf 84' lang='lat' dir='ltr'>jusloci,istenimirum:</span> <span class='ocrx_word' id='word_1_542' title='bbox 1219 4742 1324 4784; x_wconf 87' lang='lat' dir='ltr'>omues</span> <span class='ocrx_word' id='word_1_543' title='bbox 1333 4742 1446 4803; x_wconf 74' lang='lat' dir='ltr'>pecces</span> 
     </span>
    </p>
   </div>
   <div class='ocr_carea' id='block_1_4' title="bbox 0 0 1632 5190">
    <p class='ocr_par' dir='ltr' id='par_1_4' title="bbox 0 0 1632 5190">
     <span class='ocr_line' id='line_1_52' title="bbox 0 0 1632 5190; baseline 0 2"><span class='ocrx_word' id='word_1_544' title='bbox 0 0 1632 5190; x_wconf 95' lang='lat' dir='ltr'> </span> 
     </span>
    </p>
   </div>
  </div>
 </body>
</html>
