3254 5190
1058 638 1063 671 l

437 705 1190 930 nosocomo

1079 638 1166 691 viru,
1195 654 1201 665 ι
1239 650 1241 655 -

1068 730 1090 746 ¹.
1139 725 1196 755 '¹5¹1'
1253 728 1267 747 ,·
1292 718 1299 749 i
1484 726 1487 731 ·
1510 724 1540 753 ’,ι

1532 764 1539 779 Ι

1136 815 1139 820 ’
1196 814 1200 841 ,“
1282 810 1315 839 ’.(-,
1345 819 1352 834 a
1402 814 1408 839 1
1536 826 1539 831 -

1145 916 1148 921 -
1173 900 1177 925 ἶ
1242 897 1267 925 r·‘
1292 888 1328 930 ,ἶϊ
1361 904 1373 919 ”
1468 894 1472 903 ’

94 895 1539 1151 orrrrrlotrirosroll

559 1264 635 1330 AD
677 1259 1064 1330 CORINTHIOS

331 1431 1307 1569 tottllttllut

611 1697 1025 1744 —mufflust—

596 1873 826 1942 lllllllllhlllllll
855 1873 1044 1943 trisltttt

139 2000 239 2100 Duas
255 2033 293 2093 ad
308 2033 479 2095 Corinthios
495 2035 653 2115 epistolas,
681 2053 794 2114 easque
843 2053 965 2094 causam
980 2035 1094 2114 aperit,
1120 2032 1198 2114 quod
1223 2032 1410 2093 mocularem
1425 2031 1522 2109 sapion-

97 2121 231 2199 prolixas
260 2128 289 2180 et
317 2120 473 2200 multiplici
504 2120 639 2183 doctrina
667 2120 793 2182 refertas
843 2122 914 2180 tiam
936 2119 1094 2181 immodice
1116 2128 1321 2193 sectarentur3
1347 2116 1455 2200 quibus
1474 2117 1525 2195 ipat

96 2208 217 2288 scripsit
230 2206 394 2285 Apostolus
408 2207 538 2281 Paulus,
563 2208 643 2289 quod
667 2210 711 2267 eis
726 2209 792 2287 ipse
843 2205 992 2267 ediverso
1012 2204 1200 2267 commendat
1220 2203 1426 2265 humilitatem
1446 2201 1524 2262 crucis

95 2295 207 2372 primus
240 2292 392 2353 Christum
429 2297 653 2366 annuntiasset,
688 2301 732 2367 et,
760 2299 794 2351 ut
843 2290 965 2367 Christi,
980 2292 1092 2355 docens
1105 2293 1170 2371 ujus
1184 2294 1331 2370 mysteria
1342 2289 1526 2351 saeculom

95 2379 228 2460 loquitur
256 2380 287 2438 in
316 2381 406 2458 priori
433 2381 561 2461 epistola
586 2400 651 2458 cap.
678 2381 723 2452 4.,
761 2380 794 2438 in
842 2380 1010 2459 incognita,
1038 2400 1075 2440 ac
1094 2387 1219 2439 revocat
1238 2399 1257 2438 a
1278 2374 1527 2456 comperendinet

95 2465 217 2526 Christo
233 2465 310 2527 Jesu
323 2486 377 2544 per
391 2465 593 2546 Evangelium
608 2486 661 2528 eos
675 2466 792 2546 genuis-
837 2464 1012 2545 judicandis
1041 2463 1201 2546 Evangelii
1228 2464 1378 2524 ministris
1416 2459 1526 2524 Dono

96 2559 150 2612 set.
188 2551 258 2632 Qua
280 2553 396 2611 ratione
423 2552 500 2613 filios
522 2573 593 2620 auos
616 2553 792 2624 carissimos,
842 2573 893 2613 eos
910 2551 1112 2631 reprehendit,
1130 2549 1210 2633 quod
1226 2551 1380 2611 hominem
1393 2550 1526 2610 incuso

96 2657 191 2716 seque
213 2658 316 2699 eorum
339 2645 453 2716 patrem
477 2638 583 2700 eodem
606 2639 672 2699 loco
695 2646 793 2698 vocat
842 2659 908 2699 sum
925 2646 955 2699 et
970 2639 1278 2699 excommunicatione
1301 2635 1427 2715 dignum
1442 2636 1526 2696 insuo

95 2723 254 2797 Nonnulli,
280 2726 356 2783 inter
381 2744 457 2805 quos
481 2734 569 2785 antor
591 2725 794 2785 commentarii
842 2726 991 2786 consortio
1008 2732 1040 2786 et
1053 2726 1089 2784 irr
1099 2725 1228 2785 ecclesia
1241 2723 1423 2796 tolerarent,
1452 2737 1527 2802 quan

94 2809 253 2871 Ambrosio
270 2809 419 2886 attributi,
433 2819 543 2893 potant
557 2811 634 2872 hanc
649 2831 710 2870 non
725 2830 793 2871 esse
843 2821 874 2872 et
903 2812 1034 2872 &tanae
1060 2809 1237 2871 tradendum
1259 2809 1386 2890 judicat
1436 2807 1527 2868 Tertio

95 2896 219 2973 primam
241 2895 414 2976 epistolam,
445 2918 536 2977 quam
562 2897 602 2958 ad
624 2895 793 2959 Corinthios
842 2898 958 2976 culpat,
986 2897 1068 2976 quod
1086 2896 1209 2975 judiciis
1231 2897 1308 2956 inter
1330 2913 1364 2955 se
1380 2893 1527 2955 contende·

94 2980 209 3043 Paulus
224 2984 393 3063 scripserit,
417 3003 453 3045 eo
469 2985 552 3063 qnod
570 2984 601 3044 in
616 2984 675 3044 hac
689 2984 792 3044 memi·
841 2994 916 3056 rent,
928 2981 1110 3063 idqusapud
1117 2983 1238 3062 judices
1248 2980 1395 3043 infideles.
1420 2983 1528 3060 Quarto

95 3069 172 3127 norit
196 3070 303 3150 prioris
329 3069 484 3148 cujusdam
511 3069 658 3151 epistolae
679 3070 717 3130 ad
740 3089 792 3130 eos
842 3077 928 3131 taxat
954 3070 1142 3150 quorundam
1168 3067 1404 3148 impudicitiam,
1441 3065 1528 3128 matri·

95 3153 192 3214 datae.
217 3155 269 3216 Sic
284 3157 364 3216 enim
377 3158 419 3217 ait
430 3177 495 3237 cap.
513 3160 557 3218 5.:
573 3159 693 3234 Scripsi
704 3157 792 3217 vobis
840 3158 971 3218 monium
986 3149 1191 3228 commendat,
1212 3156 1341 3236 ejusque
1356 3153 1444 3235 loges
1458 3170 1529 3235 pras

94 3244 131 3300 io
153 3243 295 3319 epistola.
332 3241 394 3304 Sed
414 3242 471 3303 hoc
492 3253 613 3305 rectene
632 3246 792 3325 opinentur
841 3244 957 3320 scribit3
987 3246 1035 3304 cui
1058 3251 1158 3302 tamen
1179 3241 1364 3322 virginitatis
1384 3260 1423 3302 ao
1437 3257 1530 3321 perpe«

94 3347 246 3403 moscus,
260 3328 438 3406 videbimus,
455 3330 596 3410 quomod
609 3351 678 3392 eum
691 3329 790 3390 locum
840 3338 910 3390 tuae
947 3331 1152 3391 continentiae
1198 3327 1330 3389 studium
1376 3326 1530 3408 anteponit

93 3423 271 3493 perventum
290 3417 353 3476 erit.
841 3420 959 3496 Quinto
983 3415 1021 3475 de
1047 3418 1182 3476 carnium
1208 3413 1296 3474 idolis
1322 3414 1531 3475 immolatarum

135 3500 222 3562 Prior
251 3502 328 3563 haec
353 3503 484 3581 epistola
510 3524 570 3564 non
598 3522 706 3577 unum,
736 3501 791 3562 sed
840 3523 892 3564 esu
908 3522 960 3563 eos
976 3503 1105 3562 instruit
1139 3503 1232 3564 Sesto
1247 3499 1418 3582 digreditur
1432 3499 1473 3560 ad
1486 3496 1531 3559 uti·

92 3587 185 3647 multa
199 3609 236 3649 ac
250 3589 335 3649 varia
350 3591 481 3650 continet
495 3597 680 3669 argumenta,
702 3597 791 3670 prout
839 3589 899 3650 lem
914 3609 950 3649 ac
964 3589 1164 3650 necessariam
1183 3589 1230 3648 sui
1245 3585 1531 3656 commendationem,

92 3673 189 3734 multa
212 3682 313 3747 erant,
340 3674 378 3736 de
403 3675 513 3755 quibus
537 3675 588 3736 vel
610 3674 790 3736 admonendi
839 3695 1087 3749 commemorans,
1114 3672 1365 3755 quemadmodum
1387 3674 1484 3753 gratis
1504 3687 1532 3730 ao

93 3758 241 3821 Corinthii
265 3761 412 3840 Apostolo
436 3761 634 3836 videbantur,
660 3761 709 3822 vel
732 3762 790 3841 ipsi
839 3761 924 3823 nullo
960 3760 1108 3841 stipendio
1146 3759 1310 3820 Corinthiis
1338 3758 1532 3838 Euangeliou

92 3846 129 3905 ab
146 3866 182 3908 oo
197 3849 305 3908 instrm
327 3848 494 3927 cupiebant.
531 3847 610 3908 Nam
631 3848 713 3926 ipsos
736 3866 791 3928 per
838 3847 1073 3929 praedicaverit,
1097 3868 1164 3907 cum
1183 3848 1274 3926 juxto
1295 3844 1421 3906 Domini
1436 3842 1531 3905 consfi-

90 3931 192 3994 literss
206 3953 300 4013 super
310 3933 490 4013 quibusdam
501 3933 603 3994 dubiis
614 3935 695 3994 iuter
706 3936 789 4013 ipsos
839 3935 982 3994 tutionem
1002 3953 1041 3993 ex
1059 3933 1230 4013 Evangelio
1254 3934 1360 3992 vivero
1383 3932 1532 4012 potuisset.

91 4021 204 4082 exortis
225 4020 355 4080 Paulum
375 4020 553 4099 Apostolum
575 4040 661 4092 snum
683 4038 786 4080 consu·
837 4023 978 4097 Septimo
990 4020 1157 4099 generatim
1169 4038 1221 4079 oos
1232 4016 1272 4078 ad
1282 4018 1532 4099 perseverantiam

91 4103 190 4179 luisse,
205 4107 304 4187 liquet
318 4126 358 4167 ex
367 4106 420 4167 illo
433 4107 554 4187 septimi
567 4107 673 4186 capitis
684 4107 788 4167 initio:
838 4103 1266 4174 vitaeChristiansehortatur,
1276 4104 1453 4177 admonens,
1462 4119 1532 4185 quse

92 4191 142 4251 De
156 4195 269 4268 quibus
284 4201 393 4252 autem
408 4194 574 4270 scripsistis
588 4194 673 4253 mihi.
838 4194 915 4254 vitia
940 4190 1048 4272 lugere
1074 4190 1219 4266 debeant,
1249 4189 1322 4250 inde
1350 4190 1468 4270 stylum
1495 4207 1531 4250 re·

133 4276 316 4340 Suntautem
329 4279 788 4358 istasummarie,qnaetractan·
836 4279 933 4340 flectit
958 4276 997 4338 ad
1027 4286 1233 4356 argumentum
1263 4275 1301 4336 de
1331 4276 1531 4339 immolatitiis

89 4363 184 4422 turin
198 4365 256 4426 hac
271 4364 415 4445 epistola,
436 4373 465 4427 et
484 4367 542 4427 hoc
563 4364 674 4426 ordine.
712 4367 788 4425 Pri·
838 4368 957 4428 Octooo
983 4363 1074 4424 docet
1099 4364 1286 4425 honestatam
1309 4363 1532 4426 sanandsmlu

89 4467 193 4526 mum,
223 4471 259 4512 ac
280 4471 358 4530 pene
385 4453 424 4512 ab
447 4451 587 4525 exordio,
618 4450 788 4512 Corinthios
836 4451 1031 4513 conventibus
1046 4450 1209 4525 ecclesiae,
1223 4470 1262 4510 ne
1273 4447 1419 4512 mulieres
1433 4456 1531 4531 aperto

89 4536 235 4616 increpat,
251 4536 332 4617 quod
348 4538 492 4600 factiones
507 4540 629 4600 interae
642 4536 789 4598 haberent
836 4540 935 4620 capite
951 4546 1047 4598 orent
1086 4538 1195 4609 Nono,
1221 4534 1302 4617 quod
1320 4535 1358 4596 ab
1374 4537 1419 4599 eis
1433 4555 1531 4619 pecto·

89 4641 127 4683 ex
141 4621 249 4684 studiis
264 4642 338 4704 srga
352 4627 520 4707 mogiatros.
548 4622 645 4704 Cujus
659 4626 703 4685 rel
717 4644 788 4685 mox
835 4631 899 4685 tum
914 4634 979 4686 erat
993 4625 1024 4683 in
1041 4623 1244 4686 celebratione
1263 4622 1388 4686 Coenae
1403 4621 1530 4687 Domini·
