3254 5190
467 294 632 351 fll’lSl'Cthl
648 296 666 349 l.
685 294 725 350 sn
744 294 933 351 corinthios
948 294 1035 350 ΜΒ.
1062 296 1146 350 1.-8.
1450 301 1526 371 383

90 471 289 552 isengellese
298 470 531 554 proedieetioois
542 473 697 553 negotium
711 472 778 532 sim-
826 469 1526 547 coelestibusetmysteriisuseeeuloobseon·

90 559 198 639 pliciter
211 578 315 640 egere,
329 578 411 620 more
426 560 553 620 sliornm
569 557 681 619 Christi
696 558 777 639 Apo·
826 559 902 619 ditis
917 559 1069 635 disputet.
1107 559 1255 620 Similiter
1277 558 1428 619 intellexit
1441 560 1526 618 Ber·

91 644 240 718 stolomm,
262 645 346 726 qnod
367 644 398 707 id
413 647 509 726 megis
531 654 602 706 tuno
618 644 779 726 expediret
826 647 950 706 nardus
971 664 1058 706 serm.
1081 644 1121 705 sd
1143 646 1255 707 milites
1277 644 1382 725 templi
1404 664 1470 724 esp.
1486 648 1525 718 6.,

91 731 360 812 sdpmmovendsm
368 733 427 793 Dei
437 732 571 814 glos-iem.
594 733 778 811 Responsio·
827 739 857 792 et
871 735 966 808 Hespe
988 734 1169 792 Victorinus
1183 734 1215 793 in
1226 738 1341 812 quaest
1355 731 1444 809 hujus
1456 730 1525 791 loni.

91 836 148 878 nen
161 818 246 878 hene
258 817 421 892 confirmet,
436 819 515 901 quod
527 818 664 900 proxime
678 819 776 898 seqni-
869 819 984 880 Sensus
1010 820 1103 898 igitur
1129 826 1190 878 est:
1219 816 1326 891 Nede,
1352 816 1528 897 simpliciter

91 913 136 977 tur,
149 903 374 966 nhinondioit:
390 906 460 966 Non
472 907 551 967 enim
563 905 639 965 soivi
653 902 777 984 aliquid,
827 924 863 966 so
885 907 950 966 sine
972 923 1083 985 pompa
1104 906 1249 965 sermonis
1272 913 1304 964 et
1323 905 1527 965 ostentatione

92 988 148 1051 ssd:
826 993 993 1071 sapientise
1015 990 1198 1065 sustuleris,
1224 992 1313 1071 qussi
1337 988 1417 1051 nihilv
1439 987 1524 1051 eliud

126 1080 153 1138 l.
175 1077 253 1138 Non
267 1077 525 1154 sntmjodisoot,
549 1097 598 1137 ms
619 1079 698 1138 soirs
713 1078 777 1136 oli·
826 1078 945 1151 seirem,
970 1076 1080 1137 trsdidi
1103 1076 1189 1137 vohis
1212 1076 1317 1137 rndem
1342 1075 1382 1136 de
1403 1074 1525 1136 Christo

91 1162 156 1238 qnid
169 1165 259 1224 intes
272 1181 335 1224 vos.
364 1165 416 1226 Me
438 1166 470 1225 in
484 1163 602 1226 Grseoo
617 1184 677 1224 non
693 1162 776 1224 eddi·
826 1163 1009 1238 leoninam,
1035 1162 1196 1245 diiigenter
1218 1162 1372 1223 inonlesns
1387 1161 1443 1222 hoo
1457 1161 1525 1222 inn-

89 1258 136 1323 tnr,
151 1248 207 1311 sed
221 1248 406 1328 intelligitur.
428 1250 501 1312 Sine
513 1270 550 1313 eo
561 1250 633 1311 nitet
644 1249 776 1311 Tertull.
827 1249 1013 1324 dementum,
1039 1248 1147 1310 Jesnm
1177 1247 1330 1311 Christum
1360 1268 1414 1329 pro
1439 1246 1526 1309 nobie

90 1334 131 1396 lih
143 1334 184 1395 de
206 1334 333 1416 pudicit.
355 1356 420 1417 osp.
447 1340 505 1412 14„
527 1344 559 1397 et
572 1335 710 1398 Hilarius
724 1336 776 1398 lib.
826 1335 998 1397 crucifixum
1014 1348 1045 1396 et
1059 1344 1205 1397 mortnum
1222 1353 1306 1409 esse,
1332 1343 1365 1395 et
1382 1335 1439 1394 heo
1456 1333 1524 1410 ide,

92 1422 131 1483 10.
145 1421 184 1483 de
196 1422 358 1483 Trinitate.
379 1422 512 1502 Quidem
523 1425 566 1485 sio
578 1425 687 1484 vertit:
703 1424 777 1485 Non
825 1443 882 1484 neo
896 1423 986 1483 sliter
1001 1423 1132 1483 alutem
1146 1423 1250 1483 heberi
1266 1440 1368 1502 posse,
1382 1422 1525 1482 seoretio·

90 1508 665 1587 ssinqoidqnomadooqnosssndum
676 1508 778 1586 delsys'
825 1529 892 1570 rum
917 1518 948 1570 et
968 1508 1199 1590 prolnndiornm
1221 1507 1292 1569 lidei
1313 1510 1525 1588 mysteriorum

89 1597 162 1656 instes
177 1613 241 1657 oos.
274 1595 337 1657 ilio
350 1597 498 1677 interpres
511 1598 657 1659 rationem
672 1594 780 1659 inbuit
826 1598 1015 1676 expositione
1043 1597 1075 1656 in
1105 1594 1189 1657 eliud
1216 1603 1334 1676 tempus
1362 1602 1524 1657 nemete

90 1679 255 1743 ιιιὶωῐὶτοῦ
262 1684 427 1764 praepositi
434 1683 527 1747 verbo
534 1684 649 1749 infinito
656 1673 777 1759 sitient,
825 1680 1004 1763 Congo-nunt
1025 1683 1097 1742 hnio
1118 1683 1221 1747 wnsni
1244 1684 1405 1764 sequentis
1423 1681 1467 1742 sb
1487 1700 1523 1742 eo

90 1767 149 1830 lieet
163 1767 273 1830 Grneoi
289 1771 475 1849 expositores
498 1771 564 1849 ejus
579 1770 699 1832 articuli
713 1771 775 1831 vim
824 1769 906 1842 loeo,
928 1771 1120 1844 sapientiem
1137 1776 1244 1829 aedem
1259 1769 1424 1847 loquimus
1438 1771 1527 1829 inter

71 1852 284 1917 ,disimulmse
299 1855 468 1918 videantur.
505 1856 583 1917 Nem
604 1866 635 1917 et
656 1855 775 1918 oodioes
821 1858 996 1934 perfeetos,
1026 1855 1157 1916 maxime
1186 1874 1268 1935 quse
1297 1855 1442 1916 diesntnr·
1467 1854 1524 1915 ests

92 1940 202 2023 quidem
230 1941 388 2005 minoium
414 1963 473 2004 non
496 1948 671 2023 agnoscunt.
708 1940 775 2004 lieo
824 1941 917 2003 finem-
936 1943 1028 2021 hujus
1047 1943 1157 2022 ospitis
1178 1949 1210 2002 et
1230 1943 1350 2002 initium
1365 1943 1525 2023 apsentis·

91 2027 262 2091 odditnssut
276 2027 413 2111 demptus
433 2049 555 2091 sensum
569 2030 678 2090 verint.
713 2029 774 2110 Qui
823 2028 895 2090 Jem
911 2048 951 2089 ex
965 2030 1013 2089 his
1028 2029 1120 2090 etism
1135 2036 1236 2108 petet,
1258 2048 1320 2089 non
1335 2028 1419 2088 illum
1433 2047 1523 2108 prns-

92 2114 249 2195 hujusmodi
263 2123 326 2176 eet:
347 2114 470 2177 Etenim
489 2123 653 2178 statuerem
669 2118 710 2176 ite
725 2136 774 2177 me
823 2114 926 2176 dicere
949 2114 1101 2176 Christum
1124 2115 1314 2188 crucifixum,
1336 2116 1389 2194 qui
1403 2122 1521 2175 tentum

192 2199 276 2283 spnd
287 2222 358 2275 vos,
385 2210 419 2262 ut
440 2194 516 2263 nihil
533 2201 616 2263 eliud
631 2204 709 2264 seire
730 2204 773 2264 vi·
821 2204 962 2281 proponit
975 2221 1012 2261 so
1026 2201 1115 2261 docet
1129 2220 1244 2262 ernoem
1259 2198 1523 2277 coemiterium,

92 2221 178 2350 d:
193 2289 258 2350 hut
271 2288 436 2349 seeundum
450 2288 541 2362 elios,
556 2310 616 2350 non
624 2286 773 2367 judiosvi,
823 2287 878 2348 sed
892 2290 945 2368 qui
961 2287 1050 2348 dotet
1063 2307 1123 2348 non
1139 2288 1170 2348 in
1185 2288 1261 2361 elio,
1277 2306 1369 2367 qoem
1383 2288 1416 2347 in
1430 2304 1527 2349 ornes-

92 2372 115 2435 id
131 2384 191 2450 est,
219 2372 406 2437 dissimulavi
421 2375 504 2455 spud
525 2394 595 2451 vos,
616 2394 665 2435 me
686 2373 772 2455 qnid·
822 2373 935 2435 Christi
949 2373 1150 2453 gloriandum,
1168 2370 1265 2454 ipsius
1278 2374 1415 2435 nimirum
1430 2373 1522 2435 Peuli

177 2461 267 2536 eolre,
282 2483 343 2524 non
358 2459 512 2523 deolsrsvi
525 2482 574 2524 me
590 2459 674 2523 uliud
688 2463 772 2522 scire.
822 2462 961 2542 exemplo
990 2460 1117 2521 dicentis
1148 2460 1215 2523 Gsl.
1241 2463 1288 2521 o:
1327 2459 1408 2520 usto
1435 2459 1521 2520 uhstt

92 2480 237 2629 &itum
821 2548 973 2623 nteriori,
1003 2550 1068 2609 nist
1088 2550 1126 2608 trs
1147 2565 1238 2608 omos
1260 2548 1396 2607 Domini
1416 2549 1522 2607 nom

123 2634 187 2695 lissi
200 2638 317 2700 Jesum
333 2634 508 2711 Olenum,
528 2640 558 2695 et
572 2636 656 2694 tuns
671 2636 774 2694 oruct-
821 2638 903 2698 Jesss
919 2636 1053 2696 Christi..

92 2716 182 2795 itm
204 2718 276 2782 Non
290 2719 579 2800 significetssnihil
593 2719 677 2782 slind
692 2717 773 2801 spud
866 2721 895 2780 3.
917 2723 962 2782 st
975 2738 1031 2797 syo
1052 2722 1089 2782 ist
1110 2720 1318 2797 infimitate,
1342 2727 1373 2780 st
1393 2721 1518 2797 timore,

92 2802 247 2869 Corinthios
262 2802 416 2881 docuisse,
437 2827 527 2889 quem
542 2804 691 2869 Christum
707 2825 772 2867 orn-
823 2814 853 2867 et
867 2815 1002 2868 temore
1016 2807 1117 2867 multo
1130 2806 1184 2885 fni
1196 2807 1286 2883 opud
1297 2825 1361 2868 vos.
1387 2807 1519 2888 Prsepo-

93 2890 216 2970 dixnm,
247 2891 280 2953 id
307 2900 369 2966 est,
394 2890 556 2954 srtioulum
571 2893 774 2955 eruoilixionis
823 2894 892 2955 sitio
907 2896 943 2955 tn
958 2885 990 2953 lv
1006 2891 1138 2954 seeundo
1149 2893 1281 2954 ettertio
1296 2894 1522 2974 loeorepetltus

91 2973 196 3043 Christi.
230 2979 312 3040 Nem
328 2987 357 3040 et
378 2977 455 3041 elios
477 2978 549 3041 fidei
565 2980 708 3041 articulos
723 2978 774 3040 do·
822 2980 853 3040 in
883 2979 1011 3042 Graeco.
1043 2980 1149 3041 Timor
1178 2988 1208 3039 et
1236 2988 1346 3041 tremor
1375 2978 1522 3055 dillunnt,

90 3068 150 3142 etit,
175 3074 208 3128 et
229 3063 395 3128 doctrinm
417 3065 457 3126 sd
471 3085 570 3127 mores
589 3068 672 3129 vites
687 3063 773 3127 Chri·
822 3065 906 3149 qnod
933 3067 1022 3128 timor
1050 3067 1089 3127 sit
1114 3066 1215 3139 enimi,
1243 3075 1354 3128 tremor
1378 3067 1523 3145 eorporis,

90 3152 191 3215 sienne
204 3152 408 3234 pertinentem
419 3151 582 3234 diligenter
597 3153 773 3230 inonlosvit3
821 3163 916 3233 utque
930 3151 983 3214 hio
996 3153 1078 3213 illins
1097 3153 1233 3212 effeetus.
1267 3152 1381 3215 Verum
1403 3157 1523 3233 qnotiss

90 3237 328 3318 qumsdnodum
341 3236 373 3298 id
387 3237 466 3301 bene
480 3237 613 3301 ostendit
627 3240 772 3321 Augusti·
822 3239 1047 3319 conjunguntur
1069 3239 1099 3298 in
1114 3238 1294 3319 Scripturis,
1316 3239 1381 3300 lere
1404 3239 1518 3318 signill-

91 3324 253 3388 eutlinde
275 3323 333 3385 fide
351 3332 383 3386 et
398 3325 538 3407 operibus
554 3345 620 3405 esp.
639 3325 688 3386 10.
712 3324 772 3388 Sed
822 3332 892 3386 esnt
905 3324 1124 3386 solicitudinem
1140 3326 1242 3404 operis
1259 3343 1327 3385 enm
1336 3335 1418 3387 metu
1431 3325 1523 3388 olien-

90 3429 163 3473 ssns
177 3409 417 3492 prsediostionm
440 3432 501 3493 qus
516 3411 598 3493 opud
614 3412 683 3474 illos
698 3431 773 3473 usus
821 3411 929 3485 dendi‚
945 3420 980 3472 ut
994 3410 1106 3473 Pselm.
1124 3414 1170 3470 h:
1193 3412 1315 3474 Servite
1327 3414 1468 3474 Domino
1482 3416 1520 3476 iss

91 3507 137 3571 set,
160 3498 290 3580 primum
311 3508 448 3558 removet
470 3500 615 3560 sermonis
637 3507 773 3560 ornetnm
821 3501 951 3575 timore,
974 3505 1004 3560 et
1019 3498 1172 3560 exsultate
1188 3500 1216 3557 ei
1230 3517 1302 3558 snm
1317 3507 1472 3576 tremore,
1487 3507 1520 3561 et

91 3600 144 3645 enm
157 3583 293 3647 sdmixts
306 3584 453 3664 sepientis
476 3584 638 3661 soeculari,
664 3584 773 3647 deinde
821 3584 899 3645 Phil
915 3588 961 3645 h:
985 3586 1065 3648 Cum
1087 3591 1174 3645 metu
1189 3592 1368 3647 ettssmore
1383 3593 1520 3647 semem

91 3669 165 3732 stem
185 3670 389 3732 sublimiorem
416 3679 447 3731 et
471 3671 663 3733 secretiorem
688 3670 772 3733 Chri·
820 3672 954 3732 solsstem
969 3673 1160 3748 operemini.
1182 3671 1232 3731 De
1245 3675 1329 3733 veris
1343 3675 1520 3753 sooeptions

92 3756 192 3818 dense
207 3756 365 3838 religionis
380 3754 558 3831 doctrinam,
588 3775 679 3837 quem
694 3757 773 3818 intra
821 3758 1001 3819 infirmitatis
1015 3759 1048 3817 in
1063 3756 1242 3836 Soriptnris,
1265 3759 1381 3838 egimus
1396 3758 1426 3819 in
1442 3778 1523 3820 eom-

92 3852 231 3924 nnnsnpst
245 3843 442 3924 sepientism,
464 3843 544 3923 quod
560 3844 627 3921 ejus
641 3842 772 3905 nondum
820 3853 911 3905 ment
934 3836 1030 3925 spiro
1053 3843 1093 3904 sd
1106 3844 1191 3905 Rom.
1210 3844 1238 3903 5.
1252 3866 1282 3905 v.
1300 3846 1329 3905 o.
1363 3845 1433 3905 Hos
1453 3846 1521 3925 qul·

92 3936 174 3992 tssent
187 3948 318 4011 enpsoes
333 3927 496 3990 Corinthii:
521 3928 630 4009 quibos
645 3930 773 4011 proinde
822 3930 888 3991 dem
903 3930 970 3991 loeo
986 3939 1068 4005 sunt,
1091 3931 1141 4011 qui
1164 3933 1297 4011 eorporis
1317 3929 1521 3993 infirmitatem

92 4014 248 4078 elimenes
272 4014 343 4077 fidei
365 4021 483 4076 tuntum
510 4022 594 4075 erent
615 4013 699 4078 lnitio
713 4025 771 4077 trs·
822 4018 943 4079 sunitsti
955 4018 1121 4097 oppositam
1133 4016 1312 4097 intelligent
1335 4016 1397 4077 Sed
1409 4018 1522 4078 reotius

92 4094 180 4164 dende
219 4101 307 4183 Qnse
336 4100 505 4162 rudimento
537 4109 629 4162 voest
656 4107 772 4166 Jssssm
822 4104 873 4164 elii
888 4104 1089 4164 infirmitatem
1107 4104 1354 4183 interpretentur,
1374 4121 1454 4184 quse
1468 4124 1522 4185 po·

93 4184 233 4250 Christum
256 4194 286 4249 et
306 4190 391 4250 huus
413 4188 608 4266 omsiflossm.
640 4188 772 4251 Pulchre
821 4192 933 4250 tentiae
966 4190 1145 4271 opponitur,
1174 4188 1245 4250 lieet
1273 4196 1305 4249 st
1334 4189 1364 4248 hi
1390 4191 1524 4251 retient·

93 4288 194 4337 tensum
218 4272 301 4336 huno
329 4275 496 4336 insinuavit
522 4275 641 4334 l‘renoo
668 4274 772 4336 Ahhus
820 4276 899 4336 Nem
928 4275 1086 4357 Chrysost.
1121 4275 1234 4355 sliiqne
1263 4274 1373 4336 Crseei
1403 4285 1519 4357 putent,

92 4363 144 4421 ton.
160 4366 208 4424 is.
225 4359 264 4421 de
279 4362 378 4442 gretie
391 4361 462 4420 Del.
498 4361 638 4434 Paulus,
667 4361 771 4443 inquit,
821 4362 999 4442 Apostolum
1026 4362 1110 4441 loqni
1135 4360 1175 4422 de
1201 4361 1459 4442 perseeutionlhus
1484 4373 1519 4424 et

90 4448 277 4517 pervolostn
293 4448 417 4510 Christo
433 4448 513 4507 laets
526 4454 628 4522 potos,
645 4447 772 4509 adultos
820 4448 978 4528 perieulis,
1007 4467 1085 4529 quse
1116 4445 1251 4509 Corinthi
1280 4467 1391 4526 possus
1413 4451 1520 4511 lueret

92 4531 187 4611 lotide
200 4534 303 4596 solido
325 4534 393 4595 otho
417 4533 556 4595 roborat.
592 4534 684 4594 Inter
698 4533 771 4596 illos
819 4534 906 4596 Hsee
928 4534 1008 4596 enim
1030 4534 1233 4596 infirmitatum
1258 4536 1379 4595 nomine
1407 4537 1517 4619 signifi·

91 4620 232 4684 mesto
247 4621 425 4696 citiorem,
441 4620 770 4697 stantemstantem
820 4622 981 4701 osripstet
1002 4640 1041 4682 ex
1062 4622 1113 4691 ils,
1135 4622 1397 4701 quseson'bnntnr
1413 4627 1432 4684 1
1449 4615 1526 4685 Cor.¹

91 4707 354 4785 emendicat,
381 4709 469 4768 intes·
490 4709 565 4768 istos
585 4706 627 4767 ds
646 4709 772 4780 meretis
822 4710 871 4769 11.
882 4716 913 4770 et
926 4710 974 4770 lt.
989 4707 1069 4771 sith
1082 4705 1184 4789 plsest
1196 4704 1518 4790 (quodsssgonsgn
