3254 5190
91 280 161 347 120
638 269 869 324 comunimus
889 268 919 322 lli
937 271 1002 324 CAP.
1020 271 1059 324 vt

87 450 173 509 nteit
193 467 314 509 sensns:
342 447 373 508 Si
395 448 502 507 mortui
524 465 626 506 sumus
649 454 784 525 peccato,
833 447 953 506 sedulii
977 448 1088 508 rectius
1111 466 1177 507 cnm
1202 455 1357 527 sequente.
1382 445 1475 527 Quod
1499 458 1530 511 et

88 534 239 615 quomodo
251 534 389 595 Christus
401 542 534 594 mortuus
545 542 592 593 est
602 553 701 605 carne,
714 553 783 593 con·
833 533 965 594 indicant
980 534 1199 594 emendatiores
1225 533 1343 594 codices
1348 579 1359 609 ,
1388 544 1532 599 commate

87 621 214 692 tidimns,
230 623 305 682 sicut
319 621 370 681 ille
386 623 584 681 resuscitatus
599 640 617 678 a
631 629 727 679 morte
738 621 783 679 vi·
831 622 928 699 posito
945 629 1014 680 ante
1026 630 1166 698 peccato,
1184 628 1217 679 ut
1231 621 1352 681 missale
1363 622 1532 683 Romanum

88 710 133 767 vit
150 729 258 768 novam
274 709 372 781 vitam,
399 710 441 767 ita
459 728 513 767 nos
529 726 651 786 quoque
665 727 783 778 novam,
832 717 861 766 et
876 708 971 767 biblia
986 710 1185 768 Lovaniensis
1200 709 1419 787 castigationis.
1443 708 1532 769 Hane

89 794 119 854 id
146 803 207 864 cst,
234 815 252 854 a
273 803 426 855 vetustate
448 795 567 873 peccati
590 800 783 871 repurgatam
832 796 945 874 qnippe
971 797 1217 855 constructionem
1243 795 1379 874 postulat
1405 792 1532 855 alterum

88 884 180 941 vitum
196 881 342 960 deinceps
358 892 485 941 acturos.
510 882 550 940 Et
573 880 645 958 qnia
660 879 783 939 confidi·
831 882 995 940 membrum
1010 881 1080 941 huic
1095 882 1288 942 antithetum:
1311 881 1407 960 Quod
1422 889 1532 942 autem

88 987 162 1040 mus,
177 967 216 1025 ad
232 969 287 1026 hoc
302 970 401 1045 ipsum
417 969 510 1028 anniti
526 966 675 1026 debemus.
711 967 783 1026 Seu·
832 970 922 1043 cinit,
940 977 995 1026 etc.

87 1073 151 1112 sum
175 1055 255 1114 hunc
280 1063 399 1133 praeter
427 1054 503 1125 alia,
528 1061 591 1112 tam
618 1054 783 1132 superiora,
875 1054 1004 1114 Sensus:
1021 1054 1112 1133 Quod
1127 1056 1208 1114 enim
1222 1063 1358 1114 mortuus
1373 1053 1433 1114 fuit
1447 1052 1531 1116 Ohri·

87 1160 177 1221 quam
193 1143 367 1221 sequentia,
390 1138 548 1200 manifeste
563 1140 631 1197 vult
648 1139 700 1198 illa
716 1159 783 1198 con·
833 1150 912 1213 stus,
939 1139 969 1199 id
993 1141 1086 1201 scmel
1116 1140 1264 1202 duntaxat
1285 1142 1351 1201 fieri
1382 1143 1531 1222 oportuit,

87 1228 191 1299 clusio,
206 1247 298 1306 quam
313 1228 404 1307 paulo
420 1236 490 1306 post
500 1225 606 1285 infert:
622 1226 675 1285 Ita
688 1233 717 1285 et
731 1243 784 1285 uos
830 1227 1003 1306 factumque
1020 1236 1067 1286 est
1081 1228 1223 1288 videlicet
1237 1227 1275 1287 ad
1294 1227 1531 1289 destructionem

88 1317 273 1391 cretionem,
287 1334 341 1374 vos
351 1323 494 1374 mortuos
506 1312 632 1390 quidem
642 1333 702 1373 esse
709 1331 783 1388 pec·
832 1316 955 1392 peccati,
967 1314 1056 1374 simul
1071 1325 1104 1373 ιιι
1115 1334 1193 1375 mors
1205 1322 1315 1388 nostra,
1331 1334 1394 1395 qua
1405 1323 1532 1395 peccato

87 1409 167 1475 coto,
187 1404 328 1461 cicentes
342 1408 448 1461 nutem
463 1402 528 1460 Deo
543 1403 579 1458 in
592 1399 714 1460 Christo
727 1407 782 1458 eto.
831 1402 986 1473 morimur,
1008 1402 1037 1460 in
1054 1402 1120 1479 ejus
1136 1410 1230 1462 morte
1244 1412 1532 1480 repraesentaretur.

131 1492 159 1549 9.
182 1490 336 1561 Sciratae,
360 1489 445 1564 quod
461 1488 605 1548 Christus
620 1496 785 1560 resorptus
831 1486 880 1545 Ad
896 1487 977 1565 quod
1000 1496 1162 1567 utrumque
1184 1508 1245 1547 nna
1267 1489 1334 1566 ejus
1356 1508 1439 1549 mora
1461 1492 1532 1551 satia

88 1594 126 1635 er
137 1579 269 1635 mortuis
276 1579 344 1650 jam
360 1594 427 1635 non
439 1576 583 1633 moritur.
597 1575 783 1648 Raaurpens,
832 1593 982 1653 superque
998 1574 1126 1634 valebat.
1151 1575 1202 1634 Sic
1217 1575 1311 1633 Hebr.
1328 1575 1372 1633 9.;
1391 1577 1532 1638 Christus

88 1661 205 1722 Graece
227 1664 401 1722 ιιιιοιιοιιιι.
432 1664 511 1723 Jam
538 1679 606 1720 nort
633 1664 781 1734 moritur,
831 1660 926 1719 semel
941 1661 1066 1721 oblatus
1081 1670 1124 1721 est
1139 1663 1182 1721 od
1205 1663 1382 1722 multorum
1410 1664 1532 1723 ahau-

89 1746 213 1821 Graece,
228 1768 296 1809 non
311 1749 451 1825 arreptius
464 1751 610 1807 moritur.
833 1747 948 1806 aiendo
960 1756 1099 1823 peceato.
1122 1749 1165 1807 Et
1179 1769 1243 1827 cap.
1263 1750 1328 1808 10.:
1350 1750 1427 1808 Una
1441 1749 1532 1810 obla·

132 1836 219 1896 Mors
249 1836 297 1895 illi
325 1836 414 1894 ultro
446 1853 513 1894 non
544 1833 781 1907 dorrrinubitur,
833 1838 919 1893 tione
955 1839 1188 1895 consummarit
1223 1837 1260 1894 in
1299 1839 1532 1912 sempiternum

89 1922 220 1993 Graece,
245 1940 329 1983 mors
350 1926 378 1982 ei
395 1940 461 1981 non
477 1922 618 1997 amplius
633 1919 783 1978 donnino·
832 1921 1052 1997 sanctificatos.

89 2018 159 2082 tur,
186 2010 277 2069 verbo
301 2009 413 2069 scilicet
436 2008 601 2087 praesentis
626 2008 783 2085 temporis3
876 2009 968 2085 Quod
983 2016 1091 2068 autem
1108 2011 1205 2082 uicit,
1222 2010 1302 2067 trivit
1324 2010 1404 2069 Deo.
1420 2007 1458 2069 ld
1473 2016 1532 2069 estr

88 2094 340 2176 quemadmodum
356 2105 386 2155 et
406 2097 479 2155 citat
497 2092 713 2155 Tertullianus.
731 2095 783 2150 Αι-
833 2094 922 2174 Quod
938 2108 1037 2154 autem
1053 2095 1130 2153 vivit
1146 2096 1210 2172 jam
1232 2095 1416 2160 excitatura
1429 2103 1532 2169 morte,

88 2202 150 2262 qne
172 2185 214 2243 ita
236 2184 380 2261 scriptum
404 2183 531 2261 legimus
552 2181 583 2240 in
608 2187 783 2258 pervetusto
832 2183 905 2240 vivit
921 2183 1015 2241 vitam
1027 2181 1189 2261 gloriosam
1200 2191 1230 2241 et
1242 2181 1440 2241 immortalem
1451 2182 1531 2244 Deo-

88 2269 191 2331 oodice
204 2270 377 2329 monasterii
390 2267 565 2327 Laudensis.
589 2267 707 2327 Docere.
718 2266 784 2324 vult
832 2288 893 2347 qne
908 2266 1037 2346 dignam,
1053 2269 1105 2348 qui
1119 2267 1294 2328 immortalis
1307 2276 1360 2328 est.
1373 2268 1532 2348 Autjnxta

89 2357 251 2435 Apostolus
274 2376 334 2415 non
356 2354 444 2415 modo
467 2352 667 2413 recedendum
684 2372 785 2411 essee
833 2353 1088 2432 chrysostomum,
1107 2357 1186 2414 eicit
1202 2356 1280 2429 Deo,
1296 2352 1327 2413 id
1335 2362 1400 2428 cst,
1416 2376 1454 2416 ex
1469 2355 1529 2415 Dei

89 2446 237 2521 moratis,
264 2441 318 2502 sed
342 2444 372 2502 in
394 2443 531 2500 novitate.
546 2442 628 2500 vitae
644 2440 784 2499 continno
832 2442 941 2499 virtute
957 2450 1130 2518 praestante
1141 2443 1234 2500 vitem
1247 2440 1455 2502 immortalem
1470 2439 1532 2503 Sed

88 2528 351 2609 perseverandum.
368 2530 491 2597 Scimus,
508 2527 613 2606 inquit,
629 2524 783 2585 Christum
834 2529 925 2606 priori
941 2529 1042 2586 sensui
1057 2526 1168 2588 melius
1182 2527 1361 2606 respondet,
1390 2528 1477 2608 qnod
1491 2548 1532 2589 ae

88 2617 294 2675 resurrexisse
309 2614 348 2673 ad
363 2616 454 2673 vitam
473 2612 679 2683 immortalem,
695 2613 737 2670 ita
752 2620 786 2669 ut
834 2616 946 2693 quitur.

88 2703 203 2761 nonsit
224 2701 352 2780 amplius
374 2702 550 2769 moriturus,
571 2717 668 2778 neque
693 2694 784 2777 (qnod
879 2706 927 2760 11.
952 2701 1003 2757 Ite
1019 2708 1048 2758 et
1061 2719 1115 2759 ros
1126 2704 1313 2775 existimate,
1328 2720 1383 2763 cor
1394 2710 1532 2762 morum

90 2787 168 2847 idem
185 2784 242 2859 est)
257 2807 336 2845 mors
351 2789 379 2845 oi
394 2786 608 2866 praevalitnrn.
835 2788 961 2862 quidem
971 2806 1032 2845 esee
1042 2796 1183 2862 peceato,
1198 2790 1455 2848 tricentesoutem
1465 2790 1532 2849 Deo

132 2875 233 2933 Sento]
253 2872 373 2952 quidem
396 2893 475 2931 mors
497 2870 618 2931 Christo
633 2869 786 2929 dominata
835 2877 867 2931 in
892 2875 1015 2933 Christo
1038 2878 1120 2935 Jeme
1147 2876 1289 2935 Domino
1316 2883 1437 2936 nostro.
1474 2876 1532 2934 Vos

88 2960 155 3027 fnit,
169 2982 230 3021 nou
245 2970 343 3018 tamen
355 2961 424 3038 jnre
440 2978 502 3029 sno,
517 2957 597 3038 quod
613 2960 643 3017 in
656 2976 722 3016 eum
734 2956 785 3014 ha·
835 2960 967 3018 secundo
1001 2960 1066 3018 loco
1093 2953 1243 3033 ἑαυτοὺς,
1269 2979 1324 3020 vor
1349 2965 1447 3037 ipsos.
1476 2960 1532 3021 Pro

89 3047 178 3120 heret¹
206 3046 260 3107 sed
275 3047 371 3125 ipsius
385 3045 543 3105 voluntate
570 3064 606 3103 ac
621 3042 717 3102 libera
733 3062 784 3120 po·

90 3142 208 3201 testate,
224 3132 262 3193 de
280 3152 341 3209 qua
356 3134 397 3192 ait
412 3132 503 3192 «ioan.
523 3134 588 3191 ro:
615 3131 684 3204 Epo
698 3147 786 3204 pono

89 3224 233 3279 nrtirnnrn
251 3236 352 3278 incarn
369 3239 389 3277 o
406 3238 453 3277 nte
467 3222 545 3295 ipso,
562 3226 591 3278 et
600 3223 785 3293 potestatem

88 3307 187 3365 haheo
200 3306 345 3381 petundi
360 3324 438 3366 eona
450 3304 598 3384 Origenes
609 3314 733 3361 mortem
744 3303 787 3360 in-

89 3401 272 3471 terpretatur
286 3391 446 3464 diabolum,
458 3391 539 3471 quod
550 3412 610 3450 non
622 3391 787 3467 recipimus

88 3478 167 3539 Nam
175 3478 496 3558 diaholnmaliqnnndo
504 3479 595 3538 inisse
604 3474 787 3534 dominatum

89 3564 219 3629 Christo.
235 3566 399 3630 neaeman
415 3565 515 3625 ferant
529 3583 619 3624 aures
635 3564 712 3641 piae.
745 3560 787 3619 Er

88 3664 121 3711 ut
137 3650 235 3711 ierant
252 3652 356 3729 aliquo
372 3671 478 3716 sensu.
503 3664 604 3711 tamen
627 3648 698 3707 hnic
720 3648 787 3706 loco

88 3759 148 3797 non
163 3739 313 3799 convenit
339 3738 390 3797 ulti
406 3737 444 3796 de
459 3750 563 3798 morte.
579 3756 638 3795 non
655 3736 696 3813 dc
709 3734 786 3813 prin·

88 3827 156 3907 cipe
170 3826 276 3883 mortis
290 3835 336 3883 est
351 3844 457 3883 sernro.
483 3826 608 3886 Rectius
627 3819 707 3901 apud
722 3819 786 3879 Ori·

88 3932 196 3991 genem
211 3912 360 3973 Ruffinus.
384 3911 454 3971 dum
476 3932 515 3971 ex
538 3910 595 3968 hoe
615 3910 683 3968 loeo
697 3905 786 3966 Pauli

87 3998 243 4077 redarguit
256 4018 317 4061 eos,
332 4000 384 4077 qni
395 3998 546 4057 Christum
559 3999 590 4055 in
601 3995 712 4054 tuturis
722 4013 786 4053 sae-

89 4085 165 4145 enlia
181 4088 287 4145 iterum
303 4100 395 4165 atque
409 4085 515 4143 itnmm
527 4082 632 4143 eadem
644 4079 694 4139 rel
706 4080 785 4139 simi·

89 4171 130 4232 lin
157 4192 314 4252 pressurum
335 4172 522 4231 merebam.
549 4169 581 4229 id
607 4178 668 4231 eet.
693 4186 788 4246 saepe

90 4260 274 4319 moriturum.
298 4258 387 4337 Quod
414 4268 536 4337 propter
558 4258 655 4335 ipsum
681 4252 785 4332 Orige-

91 4366 167 4409 nem.
182 4366 219 4405 eo
235 4345 376 4425 ‹lrrgruate
391 4344 542 4405 infamem.
567 4362 587 4400 a
600 4342 719 4401 Ruffino
735 4338 787 4399 ad·

90 4431 183 4491 ditum
198 4432 292 4491 fnisse
307 4452 366 4491 non
381 4444 428 4489 est
442 4429 575 4489 dubium.

137 4522 184 4579 ιι).
215 4519 308 4597 (tuem
323 4521 406 4577 etnim
423 4524 568 4576 mirmur
582 4522 642 4575 ert.
657 4520 787 4588 perroto

91 4615 236 4666 mortum
249 4612 294 4664 cat
308 4604 411 4663 erenei.
434 4604 546 4661 Vocem
571 4608 702 4676 perroto
722 4600 788 4679 qni·

90 4692 160 4755 dnm
182 4714 249 4753 euru
272 4690 366 4751 rerho
385 4687 584 4769 praecedente
605 4696 788 4747 construunt.

834 3045 928 3103 verbo
944 3049 1129 3119 erirtirnote,
1156 3046 1238 3125 qnod
1254 3046 1371 3107 Graece
1385 3057 1436 3107 est
1451 3040 1532 3123 hori·

836 3127 946 3203 (ests,
970 3132 1105 3191 Rnffinus
1119 3134 1237 3192 mavult
1251 3137 1388 3209 copitute
1396 3179 1407 3209 ,
1435 3133 1467 3194 id
1483 3142 1532 3204 eet,

836 3220 933 3277 animo
956 3228 1101 3297 reputate.
1135 3219 1212 3277 Nam
1234 3221 1445 3280 exhortatoria
1467 3240 1532 3279 con·

835 3304 929 3363 elusi·¹
940 3316 992 3371 est,
1004 3325 1065 3384 qna
1074 3305 1113 3363 ad
1125 3307 1294 3365 institutum
1305 3307 1446 3386 applicat
1453 3307 1532 3385 Apo·

836 3391 931 3449 stolus
957 3410 1007 3460 ea,
1033 3411 1114 3470 quae
1140 3391 1218 3451 dixit
1244 3391 1283 3451 de
1303 3402 1403 3452 morte
1424 3404 1455 3452 et
1474 3394 1532 3453 vita

837 3475 959 3535 Christi.
983 3478 1038 3543 lta,
1053 3479 1161 3556 inquit,
1176 3494 1206 3536 er
1221 3500 1276 3538 vos
1287 3482 1423 3559 cogitate
1434 3478 1474 3539 de
1485 3499 1532 3539 vo

836 3563 884 3621 bis
900 3565 989 3640 ipsis,
1015 3583 1123 3641 nempe
1138 3582 1192 3622 ros
1207 3566 1303 3624 semel
1318 3576 1455 3626 mortuos
1470 3582 1532 3625 esse

836 3657 960 3727 peccato
983 3652 1014 3709 in
1035 3650 1203 3727 baptismo,
1228 3652 1266 3710 de
1289 3662 1414 3712 caetero
1436 3662 1532 3712 auten

836 3737 975 3795 viventes
989 3756 1056 3795 esse
1071 3757 1107 3796 ac
1122 3739 1227 3797 rivere
1240 3747 1382 3816 oportere
1396 3739 1484 3811 Deo,
1506 3736 1532 3797 id

835 3832 894 3885 est.
916 3824 1011 3881 vitam
1033 3824 1137 3881 virere
1152 3825 1220 3883 Deo
1235 3844 1420 3904 congruam,
1445 3843 1532 3905 quam

836 3908 917 3968 nulla
934 3928 1012 3967 mors
1027 3911 1143 3987 peccati
1158 3911 1285 3971 ulterius
1299 3920 1465 3992 sequatur,
1493 3908 1533 3971 id·

836 4015 896 4074 qne
913 4014 968 4073 per
981 3993 1142 4054 Christum.

878 4082 992 4160 Liquet
1013 4101 1053 4140 ex
1077 4083 1136 4155 jam
1157 4082 1244 4143 dictis
1267 4084 1354 4144 aliter
1369 4082 1532 4155 Christum,

836 4167 924 4227 aliter
939 4188 994 4226 nos
1008 4182 1142 4227 mortuos
1149 4190 1216 4228 esse
1226 4182 1363 4248 peccato.
1376 4170 1445 4231 Noe
1457 4171 1532 4231 enim

835 4256 943 4313 mutui
960 4267 1085 4332 peceato
1100 4254 1235 4317 dicimur.
1247 4257 1320 4336 qnia
1331 4278 1394 4317 non
1406 4257 1532 4338 amplias

837 4343 866 4399 in
882 4350 1006 4419 peccato
1028 4342 1164 4405 vivimus.
1191 4341 1254 4405 sed.
1269 4344 1333 4401 rita
1348 4347 1471 4423 peccati
1485 4341 1532 4404 de·

835 4427 955 4489 relicta.
975 4446 1029 4504 per
1045 4428 1194 4505 justitiam
1208 4431 1340 4489 vivimus
1356 4430 1438 4489 Deo.
1453 4428 1532 4491 Chri·

836 4524 898 4571 stus
914 4524 1013 4573 autern
1028 4530 1163 4573 mortuus
1176 4528 1315 4594 peceato.
1339 4515 1372 4575 id
1387 4528 1450 4589 est,
1472 4534 1532 4575 eor

835 4619 908 4679 pore
921 4612 1056 4659 mtrrtnus
1070 4599 1110 4659 ad
1125 4602 1288 4661 tollendum
1303 4612 1472 4681 peccatum

878 4687 933 4745 Be
947 4704 1048 4745 autem
1063 4688 1094 4746 iu
1108 4686 1227 4748 Graeco
1241 4687 1404 4750 discrimen
1423 4708 1531 4751 sermo·
