<?xml version="1.0" encoding="UTF-8"?>
<!DOCTYPE html PUBLIC "-//W3C//DTD XHTML 1.0 Transitional//EN"
    "http://www.w3.org/TR/xhtml1/DTD/xhtml1-transitional.dtd">
<html xmlns="http://www.w3.org/1999/xhtml" xml:lang="en" lang="en">
 <head>
  <title>
</title>
<meta http-equiv="Content-Type" content="text/html;charset=utf-8" />
  <meta name='ocr-system' content='tesseract 3.04.00' />
  <meta name='ocr-capabilities' content='ocr_page ocr_carea ocr_par ocr_line ocrx_word'/>
</head>
<body>
  <div class='ocr_page' id='page_1' title='image "./guilielmiestiii00estigoog/guilielmiestiii00estigoog_0079.png"; bbox 0 0 3254 5190; ppageno 0'>
   <div class='ocr_carea' id='block_1_1' title="bbox 144 283 1069 359">
    <p class='ocr_par' dir='ltr' id='par_1_1' title="bbox 144 283 1069 359">
     <span class='ocr_line' id='line_1_1' title="bbox 144 283 1069 359; baseline -0.002 -21"><span class='ocrx_word' id='word_1_1' title='bbox 144 291 190 359; x_wconf 70' lang='lat'><strong>50</strong></span> <span class='ocrx_word' id='word_1_2' title='bbox 659 285 892 340; x_wconf 70' lang='lat' dir='ltr'><strong>conmissurus</strong></span> <span class='ocrx_word' id='word_1_3' title='bbox 910 285 941 340; x_wconf 85' lang='lat' dir='ltr'><strong>m</strong></span> <span class='ocrx_word' id='word_1_4' title='bbox 954 283 1020 339; x_wconf 76' lang='lat' dir='ltr'><strong>car.</strong></span> <span class='ocrx_word' id='word_1_5' title='bbox 1031 283 1069 336; x_wconf 86' lang='lat' dir='ltr'><strong>ru</strong></span> 
     </span>
    </p>
   </div>
   <div class='ocr_carea' id='block_1_2' title="bbox 132 461 1590 3569">
    <p class='ocr_par' dir='ltr' id='par_1_2' title="bbox 134 461 1586 2001">
     <span class='ocr_line' id='line_1_2' title="bbox 185 461 1581 541; baseline 0.001 -20"><span class='ocrx_word' id='word_1_6' title='bbox 185 461 234 522; x_wconf 83' lang='lat'><strong>28.</strong></span> <span class='ocrx_word' id='word_1_7' title='bbox 258 463 331 520; x_wconf 80' lang='lat' dir='ltr'><strong>Nou</strong></span> <span class='ocrx_word' id='word_1_8' title='bbox 347 464 431 521; x_wconf 82' lang='lat' dir='ltr'><strong>enim</strong></span> <span class='ocrx_word' id='word_1_9' title='bbox 448 465 502 537; x_wconf 83' lang='lat' dir='ltr'><strong>qui</strong></span> <span class='ocrx_word' id='word_1_10' title='bbox 517 465 553 521; x_wconf 83' lang='lat' dir='ltr'><strong>in</strong></span> <span class='ocrx_word' id='word_1_11' title='bbox 568 463 754 537; x_wconf 75' lang='lat' dir='ltr'><strong>manifeste,</strong></span> <span class='ocrx_word' id='word_1_12' title='bbox 770 466 837 524; x_wconf 86' lang='lat' dir='ltr'><strong>Ju·</strong></span> <span class='ocrx_word' id='word_1_13' title='bbox 888 481 975 540; x_wconf 90' lang='lat' dir='ltr'><strong>quam</strong></span> <span class='ocrx_word' id='word_1_14' title='bbox 992 462 1150 538; x_wconf 81' lang='lat' dir='ltr'>genuinam</span> <span class='ocrx_word' id='word_1_15' title='bbox 1167 479 1234 520; x_wconf 86' lang='lat' dir='ltr'><strong>esse</strong></span> <span class='ocrx_word' id='word_1_16' title='bbox 1250 463 1464 541; x_wconf 80' lang='lat' dir='ltr'><strong>expositionem</strong></span> <span class='ocrx_word' id='word_1_17' title='bbox 1488 469 1581 522; x_wconf 88' lang='lat' dir='ltr'><strong>osten·</strong></span> 
     </span>
     <span class='ocr_line' id='line_1_3' title="bbox 141 546 1583 625; baseline 0.002 -20"><span class='ocrx_word' id='word_1_18' title='bbox 141 547 238 606; x_wconf 79' lang='lat' dir='ltr'><strong>dacus</strong></span> <span class='ocrx_word' id='word_1_19' title='bbox 254 555 315 623; x_wconf 64' lang='grc' dir='ltr'><strong>θεῖς</strong></span> <span class='ocrx_word' id='word_1_20' title='bbox 342 567 443 623; x_wconf 80' lang='lat' dir='ltr'><strong>aeque</strong></span> <span class='ocrx_word' id='word_1_21' title='bbox 461 567 542 623; x_wconf 78' lang='lat' dir='ltr'><strong>quae</strong></span> <span class='ocrx_word' id='word_1_22' title='bbox 559 552 594 607; x_wconf 83' lang='lat' dir='ltr'><strong>in</strong></span> <span class='ocrx_word' id='word_1_23' title='bbox 606 548 837 623; x_wconf 62' lang='lat' dir='ltr'><strong>manifestata</strong></span> <span class='ocrx_word' id='word_1_24' title='bbox 888 547 931 605; x_wconf 91' lang='lat' dir='ltr'><strong>dit</strong></span> <span class='ocrx_word' id='word_1_25' title='bbox 947 548 1028 607; x_wconf 91' lang='lat' dir='ltr'><strong>locus</strong></span> <span class='ocrx_word' id='word_1_26' title='bbox 1046 547 1179 624; x_wconf 83' lang='lat' dir='ltr'><strong>ejusdem</strong></span> <span class='ocrx_word' id='word_1_27' title='bbox 1195 547 1364 625; x_wconf 78' lang='lat' dir='ltr'><strong>Apostoli2</strong></span> <span class='ocrx_word' id='word_1_28' title='bbox 1382 546 1451 608; x_wconf 82' lang='lat' dir='ltr'><strong>Cur.</strong></span> <span class='ocrx_word' id='word_1_29' title='bbox 1468 549 1507 620; x_wconf 74' lang='lat'><strong>3,</strong></span> <span class='ocrx_word' id='word_1_30' title='bbox 1533 548 1583 609; x_wconf 90' lang='lat' dir='ltr'><strong>nbi</strong></span> 
     </span>
     <span class='ocr_line' id='line_1_4' title="bbox 140 628 1584 716; baseline 0.001 -24"><span class='ocrx_word' id='word_1_31' title='bbox 140 653 247 708; x_wconf 81' lang='lat' dir='ltr'><strong>carne,</strong></span> <span class='ocrx_word' id='word_1_32' title='bbox 265 641 307 693; x_wconf 83' lang='lat' dir='ltr'><strong>est</strong></span> <span class='ocrx_word' id='word_1_33' title='bbox 323 636 525 693; x_wconf 76' lang='lat' dir='ltr'><strong>circumcisio.</strong></span> <span class='ocrx_word' id='word_1_34' title='bbox 549 636 647 693; x_wconf 91' lang='lat' dir='ltr'><strong>Docet</strong></span> <span class='ocrx_word' id='word_1_35' title='bbox 662 635 726 714; x_wconf 91' lang='lat' dir='ltr'><strong>quis</strong></span> <span class='ocrx_word' id='word_1_36' title='bbox 743 633 836 693; x_wconf 91' lang='lat' dir='ltr'><strong>Juda-</strong></span> <span class='ocrx_word' id='word_1_37' title='bbox 888 628 1020 694; x_wconf 89' lang='lat' dir='ltr'><strong>similiter</strong></span> <span class='ocrx_word' id='word_1_38' title='bbox 1034 635 1167 712; x_wconf 87' lang='lat' dir='ltr'><strong>spiritum</strong></span> <span class='ocrx_word' id='word_1_39' title='bbox 1181 653 1334 712; x_wconf 89' lang='lat' dir='ltr'><strong>opponens</strong></span> <span class='ocrx_word' id='word_1_40' title='bbox 1346 634 1459 706; x_wconf 90' lang='lat' dir='ltr'><strong>literae,</strong></span> <span class='ocrx_word' id='word_1_41' title='bbox 1476 633 1584 716; x_wconf 85' lang='lat' dir='ltr'><strong>chpi·</strong></span> 
     </span>
     <span class='ocr_line' id='line_1_5' title="bbox 140 719 1535 800; baseline -0.001 -21"><span class='ocrx_word' id='word_1_42' title='bbox 140 722 237 790; x_wconf 84' lang='lat' dir='ltr'><strong>ismus,</strong></span> <span class='ocrx_word' id='word_1_43' title='bbox 254 728 376 800; x_wconf 83' lang='lat' dir='ltr'><strong>atquae</strong></span> <span class='ocrx_word' id='word_1_44' title='bbox 392 721 573 780; x_wconf 81' lang='lat' dir='ltr'><strong>circumcisio</strong></span> <span class='ocrx_word' id='word_1_45' title='bbox 600 721 747 779; x_wconf 90' lang='lat' dir='ltr'><strong>hominem</strong></span> <span class='ocrx_word' id='word_1_46' title='bbox 772 720 836 779; x_wconf 87' lang='lat' dir='ltr'><strong>Deo</strong></span> <span class='ocrx_word' id='word_1_47' title='bbox 887 722 945 779; x_wconf 93' lang='lat' dir='ltr'><strong>ritn</strong></span> <span class='ocrx_word' id='word_1_48' title='bbox 957 727 1059 779; x_wconf 90' lang='lat' dir='ltr'><strong>sancto</strong></span> <span class='ocrx_word' id='word_1_49' title='bbox 1076 739 1108 778; x_wconf 82' lang='lat' dir='ltr'><strong>se</strong></span> <span class='ocrx_word' id='word_1_50' title='bbox 1123 721 1204 799; x_wconf 92' lang='lat' dir='ltr'><strong>loqui</strong></span> <span class='ocrx_word' id='word_1_51' title='bbox 1220 719 1376 780; x_wconf 76' lang='lat' dir='ltr'><strong>manifeste</strong></span> <span class='ocrx_word' id='word_1_52' title='bbox 1392 720 1535 780; x_wconf 76' lang='lat' dir='ltr'>declarat.</span> 
     </span>
     <span class='ocr_line' id='line_1_6' title="bbox 140 806 1584 886; baseline 0.001 -21"><span class='ocrx_word' id='word_1_53' title='bbox 140 806 340 879; x_wconf 88' lang='lat' dir='ltr'><strong>commendet,</strong></span> <span class='ocrx_word' id='word_1_54' title='bbox 363 815 452 886; x_wconf 86' lang='lat' dir='ltr'><strong>atque</strong></span> <span class='ocrx_word' id='word_1_55' title='bbox 476 826 513 865; x_wconf 85' lang='lat' dir='ltr'><strong>ex</strong></span> <span class='ocrx_word' id='word_1_56' title='bbox 537 828 572 867; x_wconf 88' lang='lat' dir='ltr'><strong>eo</strong></span> <span class='ocrx_word' id='word_1_57' title='bbox 596 807 702 886; x_wconf 88' lang='lat' dir='ltr'><strong>probat</strong></span> <span class='ocrx_word' id='word_1_58' title='bbox 718 827 836 865; x_wconf 89' lang='lat' dir='ltr'><strong>versum</strong></span> <span class='ocrx_word' id='word_1_59' title='bbox 931 806 1088 867; x_wconf 77' lang='lat' dir='ltr'>Caeterum</span> <span class='ocrx_word' id='word_1_60' title='bbox 1115 826 1183 885; x_wconf 88' lang='lat' dir='ltr'><strong>pars</strong></span> <span class='ocrx_word' id='word_1_61' title='bbox 1210 806 1298 877; x_wconf 85' lang='lat' dir='ltr'><strong>hacc,</strong></span> <span class='ocrx_word' id='word_1_62' title='bbox 1323 812 1357 865; x_wconf 89' lang='lat' dir='ltr'><strong>nt</strong></span> <span class='ocrx_word' id='word_1_63' title='bbox 1383 808 1584 886; x_wconf 88' lang='lat' dir='ltr'><strong>superioribus</strong></span> 
     </span>
     <span class='ocr_line' id='line_1_7' title="bbox 140 890 1583 974; baseline 0.002 -24"><span class='ocrx_word' id='word_1_64' title='bbox 140 892 379 971; x_wconf 77' lang='lat' dir='ltr'><strong>praecedentem.</strong></span> <span class='ocrx_word' id='word_1_65' title='bbox 395 894 511 952; x_wconf 77' lang='lat' dir='ltr'><strong>sensus</strong></span> <span class='ocrx_word' id='word_1_66' title='bbox 527 902 589 953; x_wconf 79' lang='lat' dir='ltr'><strong>est.-</strong></span> <span class='ocrx_word' id='word_1_67' title='bbox 604 894 674 953; x_wconf 87' lang='lat' dir='ltr'><strong>Non</strong></span> <span class='ocrx_word' id='word_1_68' title='bbox 691 893 767 951; x_wconf 87' lang='lat' dir='ltr'><strong>enim</strong></span> <span class='ocrx_word' id='word_1_69' title='bbox 787 894 837 974; x_wconf 92' lang='lat' dir='ltr'><strong>qni</strong></span> <span class='ocrx_word' id='word_1_70' title='bbox 887 891 1075 972; x_wconf 87' lang='lat' dir='ltr'><strong>respondeat,</strong></span> <span class='ocrx_word' id='word_1_71' title='bbox 1091 893 1132 951; x_wconf 87' lang='lat' dir='ltr'><strong>ita</strong></span> <span class='ocrx_word' id='word_1_72' title='bbox 1148 890 1315 971; x_wconf 90' lang='lat' dir='ltr'><strong>supplenda</strong></span> <span class='ocrx_word' id='word_1_73' title='bbox 1326 892 1461 952; x_wconf 86' lang='lat' dir='ltr'><strong>videtur:</strong></span> <span class='ocrx_word' id='word_1_74' title='bbox 1477 894 1519 952; x_wconf 86' lang='lat' dir='ltr'><strong>Et</strong></span> <span class='ocrx_word' id='word_1_75' title='bbox 1531 896 1583 954; x_wconf 89' lang='lat' dir='ltr'><strong>cir·</strong></span> 
     </span>
     <span class='ocr_line' id='line_1_8' title="bbox 139 978 1584 1061; baseline 0.003 -23"><span class='ocrx_word' id='word_1_76' title='bbox 139 998 250 1054; x_wconf 81' lang='lat' dir='ltr'><strong>genere</strong></span> <span class='ocrx_word' id='word_1_77' title='bbox 267 991 319 1038; x_wconf 90' lang='lat' dir='ltr'><strong>aut</strong></span> <span class='ocrx_word' id='word_1_78' title='bbox 333 978 520 1058; x_wconf 75' lang='lat' dir='ltr'><strong>professione</strong></span> <span class='ocrx_word' id='word_1_79' title='bbox 536 989 660 1040; x_wconf 83' lang='lat' dir='ltr'><strong>externa</strong></span> <span class='ocrx_word' id='word_1_80' title='bbox 673 990 703 1038; x_wconf 88' lang='lat' dir='ltr'><strong>et</strong></span> <span class='ocrx_word' id='word_1_81' title='bbox 713 979 836 1039; x_wconf 90' lang='lat' dir='ltr'><strong>homini·</strong></span> <span class='ocrx_word' id='word_1_82' title='bbox 887 982 1025 1039; x_wconf 89' lang='lat' dir='ltr'><strong>cumcisio</strong></span> <span class='ocrx_word' id='word_1_83' title='bbox 1050 979 1148 1038; x_wconf 89' lang='lat' dir='ltr'><strong>cordis</strong></span> <span class='ocrx_word' id='word_1_84' title='bbox 1176 980 1357 1039; x_wconf 80' lang='lat' dir='ltr'><strong>circumcisio</strong></span> <span class='ocrx_word' id='word_1_85' title='bbox 1389 988 1450 1053; x_wconf 87' lang='grc' dir='ltr'>θεῖ,</span> <span class='ocrx_word' id='word_1_86' title='bbox 1479 1000 1584 1061; x_wconf 82' lang='lat' dir='ltr'><strong>nempe</strong></span> 
     </span>
     <span class='ocr_line' id='line_1_9' title="bbox 139 1064 1584 1147; baseline 0.003 -24"><span class='ocrx_word' id='word_1_87' title='bbox 139 1065 194 1123; x_wconf 89' lang='lat' dir='ltr'><strong>bns</strong></span> <span class='ocrx_word' id='word_1_88' title='bbox 210 1068 370 1144; x_wconf 86' lang='lat' dir='ltr'><strong>conspicua</strong></span> <span class='ocrx_word' id='word_1_89' title='bbox 386 1064 521 1124; x_wconf 87' lang='lat' dir='ltr'><strong>Judaens</strong></span> <span class='ocrx_word' id='word_1_90' title='bbox 539 1075 592 1139; x_wconf 91' lang='lat' dir='ltr'><strong>est,</strong></span> <span class='ocrx_word' id='word_1_91' title='bbox 609 1067 634 1125; x_wconf 93' lang='lat' dir='ltr'><strong>is</strong></span> <span class='ocrx_word' id='word_1_92' title='bbox 650 1085 723 1124; x_wconf 86' lang='lat' dir='ltr'><strong>vere</strong></span> <span class='ocrx_word' id='word_1_93' title='bbox 740 1075 768 1124; x_wconf 89' lang='lat' dir='ltr'><strong>et</strong></span> <span class='ocrx_word' id='word_1_94' title='bbox 788 1086 834 1125; x_wconf 90' lang='lat' dir='ltr'><strong>eo·</strong></span> <span class='ocrx_word' id='word_1_95' title='bbox 887 1087 964 1147; x_wconf 89' lang='lat' dir='ltr'><strong>quae</strong></span> <span class='ocrx_word' id='word_1_96' title='bbox 979 1067 1009 1124; x_wconf 91' lang='lat' dir='ltr'><strong>iu</strong></span> <span class='ocrx_word' id='word_1_97' title='bbox 1026 1067 1146 1144; x_wconf 91' lang='lat' dir='ltr'><strong>spiritu,</strong></span> <span class='ocrx_word' id='word_1_98' title='bbox 1163 1085 1220 1125; x_wconf 91' lang='lat' dir='ltr'><strong>non</strong></span> <span class='ocrx_word' id='word_1_99' title='bbox 1237 1065 1267 1124; x_wconf 90' lang='lat' dir='ltr'><strong>in</strong></span> <span class='ocrx_word' id='word_1_100' title='bbox 1290 1066 1393 1139; x_wconf 78' lang='lat' dir='ltr'><strong>litera3</strong></span> <span class='ocrx_word' id='word_1_101' title='bbox 1420 1074 1454 1125; x_wconf 91' lang='lat' dir='ltr'><strong>ut</strong></span> <span class='ocrx_word' id='word_1_102' title='bbox 1478 1064 1528 1126; x_wconf 90' lang='lat' dir='ltr'><strong>hic</strong></span> <span class='ocrx_word' id='word_1_103' title='bbox 1549 1071 1584 1128; x_wconf 90' lang='lat' dir='ltr'><strong>sit</strong></span> 
     </span>
     <span class='ocr_line' id='line_1_10' title="bbox 140 1151 1584 1232; baseline 0.003 -23"><span class='ocrx_word' id='word_1_104' title='bbox 140 1171 199 1210; x_wconf 87' lang='lat' dir='ltr'><strong>ram</strong></span> <span class='ocrx_word' id='word_1_105' title='bbox 216 1151 283 1210; x_wconf 91' lang='lat' dir='ltr'><strong>Deo</strong></span> <span class='ocrx_word' id='word_1_106' title='bbox 299 1153 322 1211; x_wconf 90' lang='lat' dir='ltr'><strong>J</strong></span> <span class='ocrx_word' id='word_1_107' title='bbox 324 1152 437 1211; x_wconf 89' lang='lat' dir='ltr'><strong>udaeus</strong></span> <span class='ocrx_word' id='word_1_108' title='bbox 452 1161 510 1227; x_wconf 74' lang='grc' dir='ltr'>θεῖς</span> <span class='ocrx_word' id='word_1_109' title='bbox 533 1173 631 1232; x_wconf 88' lang='lat' dir='ltr'><strong>neque</strong></span> <span class='ocrx_word' id='word_1_110' title='bbox 654 1153 835 1211; x_wconf 89' lang='lat' dir='ltr'><strong>circumcisio</strong></span> <span class='ocrx_word' id='word_1_111' title='bbox 887 1173 1011 1213; x_wconf 88' lang='lat' dir='ltr'><strong>sensus:</strong></span> <span class='ocrx_word' id='word_1_112' title='bbox 1028 1158 1060 1209; x_wconf 90' lang='lat' dir='ltr'><strong>et</strong></span> <span class='ocrx_word' id='word_1_113' title='bbox 1074 1153 1274 1229; x_wconf 83' lang='lat' dir='ltr'><strong>circumcisio,</strong></span> <span class='ocrx_word' id='word_1_114' title='bbox 1290 1172 1349 1231; x_wconf 91' lang='lat' dir='ltr'><strong>qua</strong></span> <span class='ocrx_word' id='word_1_115' title='bbox 1365 1172 1415 1210; x_wconf 90' lang='lat' dir='ltr'><strong>cor</strong></span> <span class='ocrx_word' id='word_1_116' title='bbox 1437 1154 1584 1214; x_wconf 88' lang='lat' dir='ltr'><strong>circumci-</strong></span> 
     </span>
     <span class='ocr_line' id='line_1_11' title="bbox 138 1238 1585 1319; baseline 0.003 -24"><span class='ocrx_word' id='word_1_117' title='bbox 138 1238 294 1296; x_wconf 82' lang='lat' dir='ltr'><strong>manit&#39;esta</strong></span> <span class='ocrx_word' id='word_1_118' title='bbox 306 1247 396 1317; x_wconf 89' lang='lat' dir='ltr'><strong>atque</strong></span> <span class='ocrx_word' id='word_1_119' title='bbox 409 1246 541 1312; x_wconf 84' lang='lat' dir='ltr'><strong>externa,</strong></span> <span class='ocrx_word' id='word_1_120' title='bbox 559 1260 637 1319; x_wconf 89' lang='lat' dir='ltr'><strong>quae</strong></span> <span class='ocrx_word' id='word_1_121' title='bbox 649 1238 682 1295; x_wconf 91' lang='lat' dir='ltr'><strong>fit</strong></span> <span class='ocrx_word' id='word_1_122' title='bbox 694 1239 724 1296; x_wconf 92' lang='lat' dir='ltr'><strong>in</strong></span> <span class='ocrx_word' id='word_1_123' title='bbox 738 1258 835 1312; x_wconf 89' lang='lat' dir='ltr'><strong>carne,</strong></span> <span class='ocrx_word' id='word_1_124' title='bbox 886 1238 964 1298; x_wconf 91' lang='lat' dir='ltr'><strong>ditur</strong></span> <span class='ocrx_word' id='word_1_125' title='bbox 974 1239 1080 1297; x_wconf 86' lang='lat' dir='ltr'><strong>avitiis</strong></span> <span class='ocrx_word' id='word_1_126' title='bbox 1093 1246 1122 1297; x_wconf 89' lang='lat' dir='ltr'><strong>et</strong></span> <span class='ocrx_word' id='word_1_127' title='bbox 1142 1238 1406 1317; x_wconf 91' lang='lat' dir='ltr'><strong>concupiscentiis,</strong></span> <span class='ocrx_word' id='word_1_128' title='bbox 1419 1258 1456 1298; x_wconf 86' lang='lat' dir='ltr'><strong>ea</strong></span> <span class='ocrx_word' id='word_1_129' title='bbox 1469 1239 1585 1299; x_wconf 90' lang='lat' dir='ltr'><strong>demum</strong></span> 
     </span>
     <span class='ocr_line' id='line_1_12' title="bbox 138 1325 1584 1404; baseline 0.003 -23"><span class='ocrx_word' id='word_1_130' title='bbox 138 1343 210 1382; x_wconf 89' lang='lat' dir='ltr'><strong>vera</strong></span> <span class='ocrx_word' id='word_1_131' title='bbox 226 1333 273 1382; x_wconf 88' lang='grc' dir='ltr'><strong>θεῖ</strong></span> <span class='ocrx_word' id='word_1_132' title='bbox 288 1325 480 1384; x_wconf 87' lang='lat' dir='ltr'><strong>circumcisio.</strong></span> <span class='ocrx_word' id='word_1_133' title='bbox 500 1326 568 1385; x_wconf 92' lang='lat' dir='ltr'><strong>Non</strong></span> <span class='ocrx_word' id='word_1_134' title='bbox 584 1334 674 1404; x_wconf 87' lang='lat' dir='ltr'><strong>negat</strong></span> <span class='ocrx_word' id='word_1_135' title='bbox 689 1325 752 1383; x_wconf 89' lang='lat' dir='ltr'><strong>ficri</strong></span> <span class='ocrx_word' id='word_1_136' title='bbox 768 1346 834 1403; x_wconf 92' lang='lat' dir='ltr'><strong>pos·</strong></span> <span class='ocrx_word' id='word_1_137' title='bbox 886 1346 960 1385; x_wconf 89' lang='lat' dir='ltr'><strong>vera</strong></span> <span class='ocrx_word' id='word_1_138' title='bbox 982 1325 1110 1404; x_wconf 89' lang='lat' dir='ltr'><strong>Deoque</strong></span> <span class='ocrx_word' id='word_1_139' title='bbox 1126 1325 1236 1403; x_wconf 84' lang='lat' dir='ltr'><strong>placita</strong></span> <span class='ocrx_word' id='word_1_140' title='bbox 1262 1326 1445 1385; x_wconf 85' lang='lat' dir='ltr'><strong>circumcisio</strong></span> <span class='ocrx_word' id='word_1_141' title='bbox 1461 1332 1523 1395; x_wconf 83' lang='grc' dir='ltr'>θεῖ,</span> <span class='ocrx_word' id='word_1_142' title='bbox 1542 1335 1584 1385; x_wconf 90' lang='lat' dir='ltr'><strong>nt·</strong></span> 
     </span>
     <span class='ocr_line' id='line_1_13' title="bbox 139 1408 1586 1491; baseline 0.003 -24"><span class='ocrx_word' id='word_1_143' title='bbox 139 1428 178 1481; x_wconf 89' lang='lat' dir='ltr'><strong>se,</strong></span> <span class='ocrx_word' id='word_1_144' title='bbox 194 1420 225 1469; x_wconf 92' lang='lat' dir='ltr'><strong>ut</strong></span> <span class='ocrx_word' id='word_1_145' title='bbox 242 1412 338 1490; x_wconf 88' lang='lat' dir='ltr'><strong>quiin</strong></span> <span class='ocrx_word' id='word_1_146' title='bbox 360 1411 518 1470; x_wconf 87' lang='lat' dir='ltr'><strong>manifesto</strong></span> <span class='ocrx_word' id='word_1_147' title='bbox 535 1412 672 1472; x_wconf 88' lang='lat' dir='ltr'><strong>Judaeus</strong></span> <span class='ocrx_word' id='word_1_148' title='bbox 688 1421 741 1483; x_wconf 86' lang='lat' dir='ltr'><strong>est,</strong></span> <span class='ocrx_word' id='word_1_149' title='bbox 758 1411 836 1470; x_wconf 91' lang='lat' dir='ltr'><strong>idem</strong></span> <span class='ocrx_word' id='word_1_150' title='bbox 886 1421 956 1489; x_wconf 90' lang='lat' dir='ltr'><strong>pote</strong></span> <span class='ocrx_word' id='word_1_151' title='bbox 972 1429 1050 1491; x_wconf 88' lang='lat' dir='ltr'><strong>quae</strong></span> <span class='ocrx_word' id='word_1_152' title='bbox 1067 1411 1227 1490; x_wconf 89' lang='lat' dir='ltr'><strong>spiritualis</strong></span> <span class='ocrx_word' id='word_1_153' title='bbox 1240 1411 1279 1468; x_wconf 90' lang='lat' dir='ltr'><strong>sit</strong></span> <span class='ocrx_word' id='word_1_154' title='bbox 1291 1411 1485 1484; x_wconf 82' lang='lat' dir='ltr'><strong>circumcisio,</strong></span> <span class='ocrx_word' id='word_1_155' title='bbox 1502 1408 1586 1473; x_wconf 89' lang='lat' dir='ltr'><strong>idest</strong></span> 
     </span>
     <span class='ocr_line' id='line_1_14' title="bbox 138 1497 1585 1577; baseline 0.002 -22"><span class='ocrx_word' id='word_1_156' title='bbox 138 1498 227 1555; x_wconf 89' lang='lat' dir='ltr'><strong>ctiam</strong></span> <span class='ocrx_word' id='word_1_157' title='bbox 243 1517 313 1556; x_wconf 90' lang='lat' dir='ltr'><strong>vere</strong></span> <span class='ocrx_word' id='word_1_158' title='bbox 329 1507 359 1556; x_wconf 89' lang='lat' dir='ltr'><strong>ct</strong></span> <span class='ocrx_word' id='word_1_159' title='bbox 375 1517 472 1556; x_wconf 88' lang='lat' dir='ltr'><strong>coram</strong></span> <span class='ocrx_word' id='word_1_160' title='bbox 485 1498 759 1558; x_wconf 89' lang='lat' dir='ltr'><strong>DeoJudaeussit:</strong></span> <span class='ocrx_word' id='word_1_161' title='bbox 772 1499 836 1576; x_wconf 91' lang='lat' dir='ltr'><strong>ipse</strong></span> <span class='ocrx_word' id='word_1_162' title='bbox 884 1518 938 1577; x_wconf 90' lang='lat' dir='ltr'><strong>per</strong></span> <span class='ocrx_word' id='word_1_163' title='bbox 960 1499 1101 1577; x_wconf 85' lang='lat' dir='ltr'><strong>Spiritum</strong></span> <span class='ocrx_word' id='word_1_164' title='bbox 1123 1505 1256 1556; x_wconf 89' lang='lat' dir='ltr'><strong>sanctum</strong></span> <span class='ocrx_word' id='word_1_165' title='bbox 1278 1497 1376 1556; x_wconf 84' lang='lat' dir='ltr'><strong>facta:</strong></span> <span class='ocrx_word' id='word_1_166' title='bbox 1402 1517 1463 1557; x_wconf 92' lang='lat' dir='ltr'><strong>non</strong></span> <span class='ocrx_word' id='word_1_167' title='bbox 1487 1506 1585 1559; x_wconf 88' lang='lat' dir='ltr'><strong>autem</strong></span> 
     </span>
     <span class='ocr_line' id='line_1_15' title="bbox 138 1583 1512 1664; baseline 0 -22"><span class='ocrx_word' id='word_1_168' title='bbox 138 1584 217 1642; x_wconf 88' lang='lat' dir='ltr'><strong>enim</strong></span> <span class='ocrx_word' id='word_1_169' title='bbox 233 1585 283 1664; x_wconf 91' lang='lat' dir='ltr'><strong>qui</strong></span> <span class='ocrx_word' id='word_1_170' title='bbox 304 1584 380 1643; x_wconf 90' lang='lat' dir='ltr'><strong>hacc</strong></span> <span class='ocrx_word' id='word_1_171' title='bbox 400 1584 503 1643; x_wconf 87' lang='lat' dir='ltr'><strong>scribit</strong></span> <span class='ocrx_word' id='word_1_172' title='bbox 526 1584 691 1664; x_wconf 76' lang='lat' dir='ltr'><strong>Apostolus</strong></span> <span class='ocrx_word' id='word_1_173' title='bbox 714 1584 835 1657; x_wconf 88' lang='lat' dir='ltr'><strong>Paulus,</strong></span> <span class='ocrx_word' id='word_1_174' title='bbox 886 1586 1011 1644; x_wconf 87' lang='lat' dir='ltr'><strong>carnalis</strong></span> <span class='ocrx_word' id='word_1_175' title='bbox 1022 1584 1111 1661; x_wconf 88' lang='lat' dir='ltr'><strong>juxta</strong></span> <span class='ocrx_word' id='word_1_176' title='bbox 1127 1584 1243 1642; x_wconf 87' lang='lat' dir='ltr'><strong>literam</strong></span> <span class='ocrx_word' id='word_1_177' title='bbox 1258 1583 1335 1662; x_wconf 85' lang='lat' dir='ltr'><strong>legis</strong></span> <span class='ocrx_word' id='word_1_178' title='bbox 1350 1584 1512 1643; x_wconf 88' lang='lat' dir='ltr'><strong>Mosaicae.</strong></span> 
     </span>
     <span class='ocr_line' id='line_1_16' title="bbox 137 1668 1584 1746; baseline 0.003 -20"><span class='ocrx_word' id='word_1_179' title='bbox 137 1678 169 1727; x_wconf 90' lang='lat' dir='ltr'><strong>et</strong></span> <span class='ocrx_word' id='word_1_180' title='bbox 194 1671 224 1729; x_wconf 90' lang='lat' dir='ltr'><strong>in</strong></span> <span class='ocrx_word' id='word_1_181' title='bbox 251 1671 406 1729; x_wconf 84' lang='lat' dir='ltr'><strong>manifesto</strong></span> <span class='ocrx_word' id='word_1_182' title='bbox 433 1670 571 1730; x_wconf 89' lang='lat' dir='ltr'><strong>Judacns</strong></span> <span class='ocrx_word' id='word_1_183' title='bbox 599 1680 665 1730; x_wconf 89' lang='lat' dir='ltr'><strong>erat</strong></span> <span class='ocrx_word' id='word_1_184' title='bbox 692 1680 722 1729; x_wconf 92' lang='lat' dir='ltr'><strong>et</strong></span> <span class='ocrx_word' id='word_1_185' title='bbox 738 1691 835 1730; x_wconf 91' lang='lat' dir='ltr'><strong>coram</strong></span> <span class='ocrx_word' id='word_1_186' title='bbox 929 1671 1034 1730; x_wconf 88' lang='lat' dir='ltr'><strong>Potest</strong></span> <span class='ocrx_word' id='word_1_187' title='bbox 1049 1672 1135 1730; x_wconf 88' lang='lat' dir='ltr'><strong>etiam</strong></span> <span class='ocrx_word' id='word_1_188' title='bbox 1152 1668 1234 1740; x_wconf 92' lang='lat' dir='ltr'><strong>illud,</strong></span> <span class='ocrx_word' id='word_1_189' title='bbox 1264 1672 1300 1729; x_wconf 79' lang='lat' dir='ltr'><strong>ia</strong></span> <span class='ocrx_word' id='word_1_190' title='bbox 1315 1672 1441 1746; x_wconf 77' lang='lat' dir='ltr'><strong>spiritu,</strong></span> <span class='ocrx_word' id='word_1_191' title='bbox 1459 1688 1528 1730; x_wconf 80' lang='lat' dir='ltr'><strong>non</strong></span> <span class='ocrx_word' id='word_1_192' title='bbox 1544 1672 1584 1730; x_wconf 86' lang='lat' dir='ltr'><strong>li·</strong></span> 
     </span>
     <span class='ocr_line' id='line_1_17' title="bbox 135 1755 1585 1835; baseline 0.004 -23"><span class='ocrx_word' id='word_1_193' title='bbox 135 1755 224 1815; x_wconf 89' lang='lat' dir='ltr'><strong>Deo:</strong></span> <span class='ocrx_word' id='word_1_194' title='bbox 249 1756 302 1815; x_wconf 90' lang='lat' dir='ltr'><strong>scd</strong></span> <span class='ocrx_word' id='word_1_195' title='bbox 318 1766 410 1834; x_wconf 87' lang='lat' dir='ltr'><strong>negat</strong></span> <span class='ocrx_word' id='word_1_196' title='bbox 425 1776 463 1815; x_wconf 86' lang='lat' dir='ltr'><strong>ex</strong></span> <span class='ocrx_word' id='word_1_197' title='bbox 479 1777 514 1816; x_wconf 89' lang='lat' dir='ltr'><strong>eo</strong></span> <span class='ocrx_word' id='word_1_198' title='bbox 530 1778 633 1817; x_wconf 89' lang='lat' dir='ltr'><strong>verum</strong></span> <span class='ocrx_word' id='word_1_199' title='bbox 649 1756 835 1818; x_wconf 88' lang='lat' dir='ltr'><strong>Judaismum</strong></span> <span class='ocrx_word' id='word_1_200' title='bbox 886 1766 955 1817; x_wconf 83' lang='lat' dir='ltr'><strong>tera</strong></span> <span class='ocrx_word' id='word_1_201' title='bbox 970 1777 1103 1817; x_wconf 89' lang='lat' dir='ltr'><strong>seorsum</strong></span> <span class='ocrx_word' id='word_1_202' title='bbox 1119 1757 1229 1835; x_wconf 80' lang='lat' dir='ltr'><strong>accipi,</strong></span> <span class='ocrx_word' id='word_1_203' title='bbox 1253 1763 1284 1814; x_wconf 89' lang='lat' dir='ltr'><strong>et</strong></span> <span class='ocrx_word' id='word_1_204' title='bbox 1298 1757 1403 1817; x_wconf 86' lang='lat' dir='ltr'><strong>referri</strong></span> <span class='ocrx_word' id='word_1_205' title='bbox 1418 1756 1456 1816; x_wconf 87' lang='lat' dir='ltr'><strong>ad</strong></span> <span class='ocrx_word' id='word_1_206' title='bbox 1473 1766 1585 1818; x_wconf 79' lang='lat' dir='ltr'><strong>utrum</strong></span> 
     </span>
     <span class='ocr_line' id='line_1_18' title="bbox 134 1842 1585 1925; baseline 0.002 -24"><span class='ocrx_word' id='word_1_207' title='bbox 134 1842 349 1902; x_wconf 88' lang='lat' dir='ltr'><strong>aestimandum</strong></span> <span class='ocrx_word' id='word_1_208' title='bbox 366 1863 449 1916; x_wconf 89' lang='lat' dir='ltr'><strong>esse,</strong></span> <span class='ocrx_word' id='word_1_209' title='bbox 466 1844 545 1922; x_wconf 88' lang='lat' dir='ltr'><strong>qnod</strong></span> <span class='ocrx_word' id='word_1_210' title='bbox 559 1845 588 1902; x_wconf 93' lang='lat' dir='ltr'><strong>in</strong></span> <span class='ocrx_word' id='word_1_211' title='bbox 600 1842 757 1903; x_wconf 85' lang='lat' dir='ltr'><strong>manifesto</strong></span> <span class='ocrx_word' id='word_1_212' title='bbox 771 1846 836 1923; x_wconf 89' lang='lat' dir='ltr'><strong>quie</strong></span> <span class='ocrx_word' id='word_1_213' title='bbox 886 1864 953 1925; x_wconf 89' lang='lat' dir='ltr'><strong>que,</strong></span> <span class='ocrx_word' id='word_1_214' title='bbox 970 1843 1048 1924; x_wconf 90' lang='lat' dir='ltr'><strong>qnod</strong></span> <span class='ocrx_word' id='word_1_215' title='bbox 1065 1844 1235 1923; x_wconf 81' lang='lat' dir='ltr'><strong>praecessit,</strong></span> <span class='ocrx_word' id='word_1_216' title='bbox 1252 1842 1403 1902; x_wconf 85' lang='lat' dir='ltr'><strong>Judaeum</strong></span> <span class='ocrx_word' id='word_1_217' title='bbox 1420 1851 1450 1901; x_wconf 90' lang='lat' dir='ltr'><strong>et</strong></span> <span class='ocrx_word' id='word_1_218' title='bbox 1461 1844 1585 1904; x_wconf 89' lang='lat' dir='ltr'><strong>circum·</strong></span> 
     </span>
     <span class='ocr_line' id='line_1_19' title="bbox 136 1928 1585 2001; baseline 0.003 -13"><span class='ocrx_word' id='word_1_219' title='bbox 136 1928 274 1988; x_wconf 89' lang='lat' dir='ltr'><strong>Judaeus</strong></span> <span class='ocrx_word' id='word_1_220' title='bbox 291 1931 341 1988; x_wconf 87' lang='lat' dir='ltr'><strong>sit:</strong></span> <span class='ocrx_word' id='word_1_221' title='bbox 357 1949 393 1988; x_wconf 89' lang='lat' dir='ltr'><strong>ac</strong></span> <span class='ocrx_word' id='word_1_222' title='bbox 410 1929 832 1991; x_wconf 89' lang='lat' dir='ltr'><strong>similiterdecircumcisione.</strong></span> <span class='ocrx_word' id='word_1_223' title='bbox 885 1931 1029 1991; x_wconf 89' lang='lat' dir='ltr'><strong>cisiouem</strong></span> <span class='ocrx_word' id='word_1_224' title='bbox 1045 1975 1051 2001; x_wconf 89' lang='lat'><strong>,</strong></span> <span class='ocrx_word' id='word_1_225' title='bbox 1066 1938 1099 1987; x_wconf 89' lang='lat' dir='ltr'><strong>ut</strong></span> <span class='ocrx_word' id='word_1_226' title='bbox 1114 1948 1220 1988; x_wconf 89' lang='lat' dir='ltr'><strong>sensns</strong></span> <span class='ocrx_word' id='word_1_227' title='bbox 1235 1929 1290 1986; x_wconf 89' lang='lat' dir='ltr'><strong>sit:</strong></span> <span class='ocrx_word' id='word_1_228' title='bbox 1313 1948 1416 1989; x_wconf 86' lang='lat' dir='ltr'><strong>vorum</strong></span> <span class='ocrx_word' id='word_1_229' title='bbox 1440 1949 1508 1990; x_wconf 86' lang='lat' dir='ltr'><strong>esse</strong></span> <span class='ocrx_word' id='word_1_230' title='bbox 1528 1931 1585 1993; x_wconf 89' lang='lat' dir='ltr'><strong>Ju-</strong></span> 
     </span>
    </p>

    <p class='ocr_par' dir='ltr' id='par_1_3' title="bbox 134 2015 1588 2526">
     <span class='ocr_line' id='line_1_20' title="bbox 180 2015 1585 2095; baseline 0.001 -21"><span class='ocrx_word' id='word_1_231' title='bbox 180 2019 228 2075; x_wconf 81' lang='lat'><strong>29.</strong></span> <span class='ocrx_word' id='word_1_232' title='bbox 253 2017 314 2076; x_wconf 83' lang='lat' dir='ltr'><strong>Sed</strong></span> <span class='ocrx_word' id='word_1_233' title='bbox 330 2019 385 2091; x_wconf 81' lang='lat' dir='ltr'><strong>qui</strong></span> <span class='ocrx_word' id='word_1_234' title='bbox 401 2019 436 2074; x_wconf 81' lang='lat' dir='ltr'><strong>in</strong></span> <span class='ocrx_word' id='word_1_235' title='bbox 460 2016 662 2090; x_wconf 80' lang='lat' dir='ltr'><strong>abscondito,</strong></span> <span class='ocrx_word' id='word_1_236' title='bbox 687 2015 835 2077; x_wconf 80' lang='lat' dir='ltr'><strong>Judaeus</strong></span> <span class='ocrx_word' id='word_1_237' title='bbox 885 2017 999 2088; x_wconf 89' lang='lat' dir='ltr'><strong>dacum,</strong></span> <span class='ocrx_word' id='word_1_238' title='bbox 1015 2017 1066 2095; x_wconf 89' lang='lat' dir='ltr'><strong>qni</strong></span> <span class='ocrx_word' id='word_1_239' title='bbox 1081 2017 1149 2075; x_wconf 89' lang='lat' dir='ltr'><strong>talis</strong></span> <span class='ocrx_word' id='word_1_240' title='bbox 1167 2023 1213 2074; x_wconf 89' lang='lat' dir='ltr'><strong>cst</strong></span> <span class='ocrx_word' id='word_1_241' title='bbox 1228 2016 1257 2073; x_wconf 92' lang='lat' dir='ltr'><strong>in</strong></span> <span class='ocrx_word' id='word_1_242' title='bbox 1273 2016 1384 2095; x_wconf 89' lang='lat' dir='ltr'><strong>spiritu,</strong></span> <span class='ocrx_word' id='word_1_243' title='bbox 1413 2036 1472 2075; x_wconf 90' lang='lat' dir='ltr'><strong>uon</strong></span> <span class='ocrx_word' id='word_1_244' title='bbox 1488 2017 1585 2092; x_wconf 82' lang='lat' dir='ltr'><strong>litera,</strong></span> 
     </span>
     <span class='ocr_line' id='line_1_21' title="bbox 137 2100 1587 2182; baseline 0.003 -22"><span class='ocrx_word' id='word_1_245' title='bbox 137 2109 188 2160; x_wconf 85' lang='lat' dir='ltr'><strong>est.</strong></span> <span class='ocrx_word' id='word_1_246' title='bbox 210 2100 246 2159; x_wconf 89' lang='lat' dir='ltr'><strong>ld</strong></span> <span class='ocrx_word' id='word_1_247' title='bbox 262 2109 316 2173; x_wconf 88' lang='lat' dir='ltr'><strong>eet,</strong></span> <span class='ocrx_word' id='word_1_248' title='bbox 333 2103 383 2181; x_wconf 91' lang='lat' dir='ltr'><strong>qui</strong></span> <span class='ocrx_word' id='word_1_249' title='bbox 400 2101 536 2161; x_wconf 89' lang='lat' dir='ltr'><strong>Judaens</strong></span> <span class='ocrx_word' id='word_1_250' title='bbox 552 2103 638 2162; x_wconf 89' lang='lat' dir='ltr'><strong>estin</strong></span> <span class='ocrx_word' id='word_1_251' title='bbox 652 2101 835 2177; x_wconf 87' lang='lat' dir='ltr'><strong>abscondito,</strong></span> <span class='ocrx_word' id='word_1_252' title='bbox 885 2103 914 2163; x_wconf 95' lang='lat' dir='ltr'><strong>id</strong></span> <span class='ocrx_word' id='word_1_253' title='bbox 931 2103 1044 2182; x_wconf 89' lang='lat' dir='ltr'><strong>estqui</strong></span> <span class='ocrx_word' id='word_1_254' title='bbox 1060 2101 1220 2161; x_wconf 90' lang='lat' dir='ltr'><strong>secuudum</strong></span> <span class='ocrx_word' id='word_1_255' title='bbox 1232 2102 1366 2180; x_wconf 90' lang='lat' dir='ltr'><strong>spiritum</strong></span> <span class='ocrx_word' id='word_1_256' title='bbox 1379 2109 1424 2161; x_wconf 86' lang='lat' dir='ltr'><strong>est</strong></span> <span class='ocrx_word' id='word_1_257' title='bbox 1437 2101 1587 2177; x_wconf 84' lang='lat' dir='ltr'><strong>Judaeus,</strong></span> 
     </span>
     <span class='ocr_line' id='line_1_22' title="bbox 134 2186 1587 2271; baseline 0.003 -25"><span class='ocrx_word' id='word_1_258' title='bbox 134 2188 186 2246; x_wconf 91' lang='lat' dir='ltr'><strong>ubi</strong></span> <span class='ocrx_word' id='word_1_259' title='bbox 201 2188 286 2248; x_wconf 89' lang='lat' dir='ltr'><strong>Dens</strong></span> <span class='ocrx_word' id='word_1_260' title='bbox 302 2188 393 2259; x_wconf 88' lang='lat' dir='ltr'><strong>videt,</strong></span> <span class='ocrx_word' id='word_1_261' title='bbox 420 2191 471 2269; x_wconf 92' lang='lat' dir='ltr'><strong>qui</strong></span> <span class='ocrx_word' id='word_1_262' title='bbox 488 2188 577 2248; x_wconf 90' lang='lat' dir='ltr'><strong>corde</strong></span> <span class='ocrx_word' id='word_1_263' title='bbox 592 2209 628 2248; x_wconf 90' lang='lat' dir='ltr'><strong>ao</strong></span> <span class='ocrx_word' id='word_1_264' title='bbox 644 2189 718 2267; x_wconf 84' lang='lat' dir='ltr'><strong>legis</strong></span> <span class='ocrx_word' id='word_1_265' title='bbox 735 2187 834 2248; x_wconf 88' lang='lat' dir='ltr'><strong>obser·</strong></span> <span class='ocrx_word' id='word_1_266' title='bbox 884 2211 943 2249; x_wconf 92' lang='lat' dir='ltr'><strong>non</strong></span> <span class='ocrx_word' id='word_1_267' title='bbox 959 2186 1119 2248; x_wconf 85' lang='lat' dir='ltr'><strong>secundum</strong></span> <span class='ocrx_word' id='word_1_268' title='bbox 1142 2187 1275 2259; x_wconf 83' lang='lat' dir='ltr'><strong>literam,</strong></span> <span class='ocrx_word' id='word_1_269' title='bbox 1301 2186 1389 2247; x_wconf 90' lang='lat' dir='ltr'><strong>modo</strong></span> <span class='ocrx_word' id='word_1_270' title='bbox 1409 2189 1472 2266; x_wconf 85' lang='lat' dir='ltr'><strong>jam</strong></span> <span class='ocrx_word' id='word_1_271' title='bbox 1489 2192 1587 2271; x_wconf 85' lang='lat' dir='ltr'><strong>expli·</strong></span> 
     </span>
     <span class='ocr_line' id='line_1_23' title="bbox 135 2274 1587 2355; baseline 0.002 -21"><span class='ocrx_word' id='word_1_272' title='bbox 135 2274 256 2334; x_wconf 88' lang='lat' dir='ltr'><strong>vatione</strong></span> <span class='ocrx_word' id='word_1_273' title='bbox 272 2295 311 2333; x_wconf 85' lang='lat' dir='ltr'><strong>ex</strong></span> <span class='ocrx_word' id='word_1_274' title='bbox 320 2274 408 2334; x_wconf 86' lang='lat' dir='ltr'><strong>corde</strong></span> <span class='ocrx_word' id='word_1_275' title='bbox 420 2275 553 2355; x_wconf 85' lang='lat' dir='ltr'><strong>profecta</strong></span> <span class='ocrx_word' id='word_1_276' title='bbox 562 2275 699 2336; x_wconf 86' lang='lat' dir='ltr'><strong>Judaeus</strong></span> <span class='ocrx_word' id='word_1_277' title='bbox 712 2284 771 2334; x_wconf 88' lang='lat' dir='ltr'><strong>est:</strong></span> <span class='ocrx_word' id='word_1_278' title='bbox 783 2274 835 2337; x_wconf 90' lang='lat' dir='ltr'><strong>ille</strong></span> <span class='ocrx_word' id='word_1_279' title='bbox 883 2286 958 2336; x_wconf 88' lang='lat' dir='ltr'><strong>cato.</strong></span> <span class='ocrx_word' id='word_1_280' title='bbox 979 2274 1119 2335; x_wconf 88' lang='lat' dir='ltr'><strong>Similiter</strong></span> <span class='ocrx_word' id='word_1_281' title='bbox 1127 2292 1351 2355; x_wconf 86' lang='lat' dir='ltr'><strong>quoqueveram</strong></span> <span class='ocrx_word' id='word_1_282' title='bbox 1359 2292 1425 2335; x_wconf 85' lang='lat' dir='ltr'><strong>esse</strong></span> <span class='ocrx_word' id='word_1_283' title='bbox 1435 2276 1587 2337; x_wconf 89' lang='lat' dir='ltr'><strong>circumci-</strong></span> 
     </span>
     <span class='ocr_line' id='line_1_24' title="bbox 135 2360 1585 2441; baseline 0.003 -23"><span class='ocrx_word' id='word_1_284' title='bbox 135 2360 253 2419; x_wconf 90' lang='lat' dir='ltr'><strong>demum</strong></span> <span class='ocrx_word' id='word_1_285' title='bbox 268 2382 357 2420; x_wconf 88' lang='lat' dir='ltr'><strong>verus</strong></span> <span class='ocrx_word' id='word_1_286' title='bbox 374 2370 419 2421; x_wconf 90' lang='lat' dir='ltr'><strong>est</strong></span> <span class='ocrx_word' id='word_1_287' title='bbox 435 2362 588 2433; x_wconf 89' lang='lat' dir='ltr'><strong>Judaens,</strong></span> <span class='ocrx_word' id='word_1_288' title='bbox 609 2361 647 2420; x_wconf 91' lang='lat' dir='ltr'><strong>ad</strong></span> <span class='ocrx_word' id='word_1_289' title='bbox 664 2381 752 2440; x_wconf 90' lang='lat' dir='ltr'><strong>quam</strong></span> <span class='ocrx_word' id='word_1_290' title='bbox 766 2382 832 2441; x_wconf 92' lang='lat' dir='ltr'><strong>per·</strong></span> <span class='ocrx_word' id='word_1_291' title='bbox 883 2364 1004 2433; x_wconf 89' lang='lat' dir='ltr'><strong>sionem,</strong></span> <span class='ocrx_word' id='word_1_292' title='bbox 1020 2380 1097 2440; x_wconf 89' lang='lat' dir='ltr'><strong>quae</strong></span> <span class='ocrx_word' id='word_1_293' title='bbox 1114 2361 1182 2420; x_wconf 86' lang='lat' dir='ltr'><strong>talis</strong></span> <span class='ocrx_word' id='word_1_294' title='bbox 1192 2369 1236 2420; x_wconf 91' lang='lat' dir='ltr'><strong>est</strong></span> <span class='ocrx_word' id='word_1_295' title='bbox 1249 2361 1278 2419; x_wconf 94' lang='lat' dir='ltr'><strong>in</strong></span> <span class='ocrx_word' id='word_1_296' title='bbox 1288 2361 1402 2438; x_wconf 89' lang='lat' dir='ltr'><strong>spiritu,</strong></span> <span class='ocrx_word' id='word_1_297' title='bbox 1414 2382 1473 2421; x_wconf 90' lang='lat' dir='ltr'><strong>non</strong></span> <span class='ocrx_word' id='word_1_298' title='bbox 1486 2362 1585 2423; x_wconf 86' lang='lat' dir='ltr'><strong>litera.</strong></span> 
     </span>
     <span class='ocr_line' id='line_1_25' title="bbox 135 2447 1588 2526; baseline 0.004 -21"><span class='ocrx_word' id='word_1_299' title='bbox 135 2448 230 2506; x_wconf 88' lang='lat' dir='ltr'><strong>tinent</strong></span> <span class='ocrx_word' id='word_1_300' title='bbox 246 2449 455 2526; x_wconf 85' lang='lat' dir='ltr'><strong>promissiones</strong></span> <span class='ocrx_word' id='word_1_301' title='bbox 472 2448 612 2508; x_wconf 81' lang='lat' dir='ltr'><strong>Abrahae</strong></span> <span class='ocrx_word' id='word_1_302' title='bbox 627 2448 734 2507; x_wconf 86' lang='lat' dir='ltr'><strong>factae.</strong></span> <span class='ocrx_word' id='word_1_303' title='bbox 928 2450 1025 2522; x_wconf 78' lang='lat' dir='ltr'><strong>Cujus</strong></span> <span class='ocrx_word' id='word_1_304' title='bbox 1041 2447 1112 2506; x_wconf 83' lang='lat' dir='ltr'><strong>laus</strong></span> <span class='ocrx_word' id='word_1_305' title='bbox 1130 2465 1197 2506; x_wconf 81' lang='lat' dir='ltr'><strong>noa</strong></span> <span class='ocrx_word' id='word_1_306' title='bbox 1213 2465 1251 2508; x_wconf 81' lang='lat' dir='ltr'><strong>ea</strong></span> <span class='ocrx_word' id='word_1_307' title='bbox 1263 2447 1460 2523; x_wconf 77' lang='lat' dir='ltr'><strong>bominibus,</strong></span> <span class='ocrx_word' id='word_1_308' title='bbox 1476 2448 1532 2508; x_wconf 78' lang='lat' dir='ltr'><strong>aad</strong></span> <span class='ocrx_word' id='word_1_309' title='bbox 1548 2469 1588 2512; x_wconf 77' lang='lat' dir='ltr'><strong>ee·</strong></span> 
     </span>
    </p>

    <p class='ocr_par' dir='ltr' id='par_1_4' title="bbox 132 2525 1590 3569">
     <span class='ocr_line' id='line_1_26' title="bbox 178 2525 1588 2609; baseline 0.004 -18"><span class='ocrx_word' id='word_1_310' title='bbox 178 2534 222 2592; x_wconf 88' lang='lat' dir='ltr'><strong>Et</strong></span> <span class='ocrx_word' id='word_1_311' title='bbox 237 2537 432 2594; x_wconf 79' lang='lat' dir='ltr'><strong>circumcisio</strong></span> <span class='ocrx_word' id='word_1_312' title='bbox 449 2535 551 2593; x_wconf 83' lang='lat' dir='ltr'><strong>cordis</strong></span> <span class='ocrx_word' id='word_1_313' title='bbox 566 2537 602 2593; x_wconf 78' lang='lat' dir='ltr'><strong>irc</strong></span> <span class='ocrx_word' id='word_1_314' title='bbox 618 2537 834 2609; x_wconf 70' lang='lat' dir='ltr'><strong>spiritunon</strong></span> <span class='ocrx_word' id='word_1_315' title='bbox 884 2537 952 2595; x_wconf 83' lang='lat' dir='ltr'><strong>Deo</strong></span> <span class='ocrx_word' id='word_1_316' title='bbox 962 2542 1012 2593; x_wconf 85' lang='lat' dir='ltr'><strong>est.</strong></span> <span class='ocrx_word' id='word_1_317' title='bbox 1027 2534 1124 2608; x_wconf 64' lang='lat' dir='ltr'><strong>Cuius</strong></span> <span class='ocrx_word' id='word_1_318' title='bbox 1139 2533 1254 2593; x_wconf 82' lang='lat' dir='ltr'><strong>Graece</strong></span> <span class='ocrx_word' id='word_1_319' title='bbox 1269 2525 1312 2605; x_wconf 81' lang='grc' dir='ltr'><strong>οὗ,</strong></span> <span class='ocrx_word' id='word_1_320' title='bbox 1327 2535 1522 2595; x_wconf 89' lang='lat' dir='ltr'><strong>masculinum</strong></span> <span class='ocrx_word' id='word_1_321' title='bbox 1539 2543 1588 2598; x_wconf 89' lang='lat' dir='ltr'><strong>est</strong></span> 
     </span>
     <span class='ocr_line' id='line_1_27' title="bbox 136 2618 1586 2699; baseline 0.003 -21"><span class='ocrx_word' id='word_1_322' title='bbox 136 2621 237 2678; x_wconf 79' lang='lat' dir='ltr'><strong>litera.</strong></span> <span class='ocrx_word' id='word_1_323' title='bbox 262 2618 351 2699; x_wconf 79' lang='lat' dir='ltr'><strong>Quod</strong></span> <span class='ocrx_word' id='word_1_324' title='bbox 368 2622 425 2679; x_wconf 88' lang='lat' dir='ltr'><strong>ait:</strong></span> <span class='ocrx_word' id='word_1_325' title='bbox 452 2622 624 2696; x_wconf 70' lang='lat' dir='ltr'><strong>Inspicite</strong></span> <span class='ocrx_word' id='word_1_326' title='bbox 641 2640 707 2680; x_wconf 79' lang='lat' dir='ltr'><strong>nore</strong></span> <span class='ocrx_word' id='word_1_327' title='bbox 723 2622 834 2681; x_wconf 82' lang='lat' dir='ltr'><strong>litero:</strong></span> <span class='ocrx_word' id='word_1_328' title='bbox 884 2621 934 2680; x_wconf 90' lang='lat' dir='ltr'><strong>vel</strong></span> <span class='ocrx_word' id='word_1_329' title='bbox 949 2628 1092 2681; x_wconf 88' lang='lat' dir='ltr'><strong>neutrum.</strong></span> <span class='ocrx_word' id='word_1_330' title='bbox 1110 2622 1218 2699; x_wconf 90' lang='lat' dir='ltr'><strong>Itaque</strong></span> <span class='ocrx_word' id='word_1_331' title='bbox 1227 2641 1287 2679; x_wconf 90' lang='lat' dir='ltr'><strong>nou</strong></span> <span class='ocrx_word' id='word_1_332' title='bbox 1295 2624 1536 2699; x_wconf 86' lang='lat' dir='ltr'><strong>potestpraecise</strong></span> <span class='ocrx_word' id='word_1_333' title='bbox 1545 2621 1586 2682; x_wconf 87' lang='lat' dir='ltr'><strong>ad</strong></span> 
     </span>
     <span class='ocr_line' id='line_1_28' title="bbox 132 2699 1586 2786; baseline 0.002 -21"><span class='ocrx_word' id='word_1_334' title='bbox 132 2705 294 2782; x_wconf 88' lang='lat' dir='ltr'><strong>jucundius</strong></span> <span class='ocrx_word' id='word_1_335' title='bbox 315 2716 402 2765; x_wconf 86' lang='lat' dir='ltr'><strong>sonat</strong></span> <span class='ocrx_word' id='word_1_336' title='bbox 423 2709 453 2765; x_wconf 92' lang='lat' dir='ltr'><strong>in</strong></span> <span class='ocrx_word' id='word_1_337' title='bbox 469 2705 599 2779; x_wconf 81' lang='lat' dir='ltr'><strong>Graeco,</strong></span> <span class='ocrx_word' id='word_1_338' title='bbox 625 2699 655 2762; x_wconf 79' lang='grc' dir='ltr'><strong>ἐν</strong></span> <span class='ocrx_word' id='word_1_339' title='bbox 675 2701 835 2784; x_wconf 80' lang='grc' dir='ltr'>πνεύματι,</span> <span class='ocrx_word' id='word_1_340' title='bbox 884 2708 1132 2768; x_wconf 89' lang='lat' dir='ltr'><strong>circumcisionem</strong></span> <span class='ocrx_word' id='word_1_341' title='bbox 1143 2706 1256 2778; x_wconf 87' lang='lat' dir='ltr'><strong>referri,</strong></span> <span class='ocrx_word' id='word_1_342' title='bbox 1265 2725 1341 2786; x_wconf 88' lang='lat' dir='ltr'><strong>quae</strong></span> <span class='ocrx_word' id='word_1_343' title='bbox 1351 2708 1439 2766; x_wconf 90' lang='lat' dir='ltr'><strong>etiam</strong></span> <span class='ocrx_word' id='word_1_344' title='bbox 1450 2709 1480 2767; x_wconf 88' lang='lat' dir='ltr'><strong>iu</strong></span> <span class='ocrx_word' id='word_1_345' title='bbox 1490 2707 1586 2769; x_wconf 83' lang='lat' dir='ltr'><strong>Grae-</strong></span> 
     </span>
     <span class='ocr_line' id='line_1_29' title="bbox 136 2784 1587 2873; baseline 0.004 -22"><span class='ocrx_word' id='word_1_346' title='bbox 136 2784 169 2851; x_wconf 81' lang='lat' dir='ltr'><strong>eir</strong></span> <span class='ocrx_word' id='word_1_347' title='bbox 194 2784 355 2868; x_wconf 69' lang='grc' dir='ltr'>γράμματι,</span> <span class='ocrx_word' id='word_1_348' title='bbox 373 2795 513 2873; x_wconf 86' lang='lat' dir='ltr'><strong>Spiritum</strong></span> <span class='ocrx_word' id='word_1_349' title='bbox 529 2793 664 2852; x_wconf 91' lang='lat' dir='ltr'><strong>nonnulli</strong></span> <span class='ocrx_word' id='word_1_350' title='bbox 676 2794 835 2854; x_wconf 88' lang='lat' dir='ltr'><strong>humanum</strong></span> <span class='ocrx_word' id='word_1_351' title='bbox 885 2815 919 2853; x_wconf 90' lang='lat' dir='ltr'><strong>co</strong></span> <span class='ocrx_word' id='word_1_352' title='bbox 929 2794 1086 2853; x_wconf 85' lang='lat' dir='ltr'><strong>foeminini</strong></span> <span class='ocrx_word' id='word_1_353' title='bbox 1094 2795 1271 2872; x_wconf 85' lang='lat' dir='ltr'><strong>generiscst,</strong></span> <span class='ocrx_word' id='word_1_354' title='bbox 1284 2786 1440 2870; x_wconf 78' lang='grc' dir='ltr'><strong>περιτομὴ.</strong></span> <span class='ocrx_word' id='word_1_355' title='bbox 1452 2794 1587 2857; x_wconf 87' lang='lat' dir='ltr'><strong>Proinde</strong></span> 
     </span>
     <span class='ocr_line' id='line_1_30' title="bbox 137 2878 1587 2958; baseline 0.003 -20"><span class='ocrx_word' id='word_1_356' title='bbox 137 2881 375 2957; x_wconf 87' lang='lat' dir='ltr'><strong>interpretantur,</strong></span> <span class='ocrx_word' id='word_1_357' title='bbox 391 2880 421 2939; x_wconf 93' lang='lat' dir='ltr'><strong>id</strong></span> <span class='ocrx_word' id='word_1_358' title='bbox 434 2888 482 2938; x_wconf 88' lang='lat' dir='ltr'><strong>est</strong></span> <span class='ocrx_word' id='word_1_359' title='bbox 495 2881 621 2938; x_wconf 87' lang='lat' dir='ltr'><strong>animam</strong></span> <span class='ocrx_word' id='word_1_360' title='bbox 634 2900 686 2939; x_wconf 89' lang='lat' dir='ltr'><strong>seu</strong></span> <span class='ocrx_word' id='word_1_361' title='bbox 699 2889 833 2940; x_wconf 88' lang='lat' dir='ltr'><strong>montem.</strong></span> <span class='ocrx_word' id='word_1_362' title='bbox 884 2882 933 2940; x_wconf 85' lang='lat' dir='ltr'><strong>vcl</strong></span> <span class='ocrx_word' id='word_1_363' title='bbox 949 2880 988 2939; x_wconf 91' lang='lat' dir='ltr'><strong>ad</strong></span> <span class='ocrx_word' id='word_1_364' title='bbox 1004 2879 1156 2940; x_wconf 88' lang='lat' dir='ltr'><strong>Judaeum</strong></span> <span class='ocrx_word' id='word_1_365' title='bbox 1171 2879 1275 2938; x_wconf 82' lang='lat' dir='ltr'><strong>referri</strong></span> <span class='ocrx_word' id='word_1_366' title='bbox 1291 2878 1394 2952; x_wconf 88' lang='lat' dir='ltr'><strong>debet,</strong></span> <span class='ocrx_word' id='word_1_367' title='bbox 1410 2879 1491 2958; x_wconf 90' lang='lat' dir='ltr'><strong>quod</strong></span> <span class='ocrx_word' id='word_1_368' title='bbox 1511 2880 1587 2944; x_wconf 82' lang='lat' dir='ltr'><strong>facit</strong></span> 
     </span>
     <span class='ocr_line' id='line_1_31' title="bbox 136 2965 1585 3050; baseline 0.001 -24"><span class='ocrx_word' id='word_1_369' title='bbox 136 2965 322 3044; x_wconf 86' lang='lat' dir='ltr'><strong>Augustinus</strong></span> <span class='ocrx_word' id='word_1_370' title='bbox 338 2967 368 3024; x_wconf 93' lang='lat' dir='ltr'><strong>in</strong></span> <span class='ocrx_word' id='word_1_371' title='bbox 384 2968 571 3045; x_wconf 86' lang='lat' dir='ltr'><strong>expositione</strong></span> <span class='ocrx_word' id='word_1_372' title='bbox 582 2965 766 3047; x_wconf 80' lang='lat' dir='ltr'><strong>quarumdam</strong></span> <span class='ocrx_word' id='word_1_373' title='bbox 782 2968 833 3027; x_wconf 91' lang='lat' dir='ltr'><strong>hu·</strong></span> <span class='ocrx_word' id='word_1_374' title='bbox 883 2968 1070 3047; x_wconf 83' lang='lat' dir='ltr'><strong>Augustinus</strong></span> <span class='ocrx_word' id='word_1_375' title='bbox 1087 2968 1115 3025; x_wconf 90' lang='lat' dir='ltr'><strong>in</strong></span> <span class='ocrx_word' id='word_1_376' title='bbox 1130 2968 1323 3045; x_wconf 82' lang='lat' dir='ltr'><strong>expositione:</strong></span> <span class='ocrx_word' id='word_1_377' title='bbox 1340 2966 1388 3026; x_wconf 86' lang='lat' dir='ltr'><strong>vel</strong></span> <span class='ocrx_word' id='word_1_378' title='bbox 1401 2986 1455 3046; x_wconf 92' lang='lat' dir='ltr'><strong>per</strong></span> <span class='ocrx_word' id='word_1_379' title='bbox 1470 2967 1585 3050; x_wconf 87' lang='lat' dir='ltr'><strong>syllep·</strong></span> 
     </span>
     <span class='ocr_line' id='line_1_32' title="bbox 133 3051 1586 3134; baseline 0.003 -23"><span class='ocrx_word' id='word_1_380' title='bbox 133 3054 183 3132; x_wconf 87' lang='lat' dir='ltr'><strong>jus</strong></span> <span class='ocrx_word' id='word_1_381' title='bbox 199 3051 357 3130; x_wconf 86' lang='lat' dir='ltr'><strong>Epistulae</strong></span> <span class='ocrx_word' id='word_1_382' title='bbox 372 3053 615 3133; x_wconf 86' lang='lat' dir='ltr'><strong>propositionum,</strong></span> <span class='ocrx_word' id='word_1_383' title='bbox 631 3074 684 3134; x_wconf 91' lang='lat' dir='ltr'><strong>per</strong></span> <span class='ocrx_word' id='word_1_384' title='bbox 700 3054 834 3132; x_wconf 87' lang='lat' dir='ltr'><strong>spiritum</strong></span> <span class='ocrx_word' id='word_1_385' title='bbox 884 3057 931 3114; x_wconf 90' lang='lat' dir='ltr'><strong>sin</strong></span> <span class='ocrx_word' id='word_1_386' title='bbox 946 3053 983 3112; x_wconf 90' lang='lat' dir='ltr'><strong>ad</strong></span> <span class='ocrx_word' id='word_1_387' title='bbox 998 3061 1170 3132; x_wconf 89' lang='lat' dir='ltr'><strong>utrumqne,</strong></span> <span class='ocrx_word' id='word_1_388' title='bbox 1195 3053 1224 3111; x_wconf 92' lang='lat' dir='ltr'><strong>id</strong></span> <span class='ocrx_word' id='word_1_389' title='bbox 1248 3059 1294 3112; x_wconf 90' lang='lat' dir='ltr'><strong>est</strong></span> <span class='ocrx_word' id='word_1_390' title='bbox 1309 3052 1459 3112; x_wconf 88' lang='lat' dir='ltr'><strong>Judaeum</strong></span> <span class='ocrx_word' id='word_1_391' title='bbox 1482 3061 1513 3114; x_wconf 90' lang='lat' dir='ltr'><strong>et</strong></span> <span class='ocrx_word' id='word_1_392' title='bbox 1529 3057 1586 3116; x_wconf 91' lang='lat' dir='ltr'><strong>cir·</strong></span> 
     </span>
     <span class='ocr_line' id='line_1_33' title="bbox 136 3138 1588 3218; baseline 0.003 -19"><span class='ocrx_word' id='word_1_393' title='bbox 136 3138 307 3217; x_wconf 84' lang='lat' dir='ltr'><strong>intelligere</strong></span> <span class='ocrx_word' id='word_1_394' title='bbox 322 3138 441 3199; x_wconf 88' lang='lat' dir='ltr'><strong>videtur</strong></span> <span class='ocrx_word' id='word_1_395' title='bbox 456 3159 576 3198; x_wconf 86' lang='lat' dir='ltr'><strong>sensum</strong></span> <span class='ocrx_word' id='word_1_396' title='bbox 592 3141 775 3218; x_wconf 88' lang='lat' dir='ltr'><strong>spiritualem</strong></span> <span class='ocrx_word' id='word_1_397' title='bbox 793 3141 834 3201; x_wconf 89' lang='lat' dir='ltr'><strong>le·</strong></span> <span class='ocrx_word' id='word_1_398' title='bbox 884 3141 1100 3212; x_wconf 90' lang='lat' dir='ltr'><strong>cumcisionem,</strong></span> <span class='ocrx_word' id='word_1_399' title='bbox 1116 3140 1174 3199; x_wconf 84' lang='lat' dir='ltr'><strong>lroc</strong></span> <span class='ocrx_word' id='word_1_400' title='bbox 1197 3159 1301 3199; x_wconf 90' lang='lat' dir='ltr'><strong>sensu:</strong></span> <span class='ocrx_word' id='word_1_401' title='bbox 1319 3138 1380 3217; x_wconf 78' lang='lat' dir='ltr'><strong>Qui</strong></span> <span class='ocrx_word' id='word_1_402' title='bbox 1395 3138 1541 3214; x_wconf 87' lang='lat' dir='ltr'><strong>Judaeus,</strong></span> <span class='ocrx_word' id='word_1_403' title='bbox 1555 3151 1588 3203; x_wconf 89' lang='lat' dir='ltr'><strong>et</strong></span> 
     </span>
     <span class='ocr_line' id='line_1_34' title="bbox 137 3225 1590 3308; baseline 0.003 -23"><span class='ocrx_word' id='word_1_404' title='bbox 137 3227 198 3305; x_wconf 85' lang='lat' dir='ltr'><strong>gis,</strong></span> <span class='ocrx_word' id='word_1_405' title='bbox 223 3234 251 3284; x_wconf 92' lang='lat' dir='ltr'><strong>ct</strong></span> <span class='ocrx_word' id='word_1_406' title='bbox 265 3247 319 3305; x_wconf 91' lang='lat' dir='ltr'><strong>per</strong></span> <span class='ocrx_word' id='word_1_407' title='bbox 334 3226 449 3285; x_wconf 88' lang='lat' dir='ltr'><strong>literam</strong></span> <span class='ocrx_word' id='word_1_408' title='bbox 466 3245 583 3286; x_wconf 89' lang='lat' dir='ltr'><strong>sensum</strong></span> <span class='ocrx_word' id='word_1_409' title='bbox 600 3227 759 3296; x_wconf 88' lang='lat' dir='ltr'><strong>literalem,</strong></span> <span class='ocrx_word' id='word_1_410' title='bbox 783 3231 835 3308; x_wconf 91' lang='lat' dir='ltr'><strong>qui</strong></span> <span class='ocrx_word' id='word_1_411' title='bbox 883 3248 961 3308; x_wconf 91' lang='lat' dir='ltr'><strong>quac</strong></span> <span class='ocrx_word' id='word_1_412' title='bbox 971 3227 1155 3285; x_wconf 90' lang='lat' dir='ltr'><strong>circumcisio</strong></span> <span class='ocrx_word' id='word_1_413' title='bbox 1164 3225 1334 3305; x_wconf 86' lang='lat' dir='ltr'><strong>spiritualis,</strong></span> <span class='ocrx_word' id='word_1_414' title='bbox 1343 3226 1460 3286; x_wconf 87' lang='lat' dir='ltr'><strong>laudem</strong></span> <span class='ocrx_word' id='word_1_415' title='bbox 1469 3237 1501 3286; x_wconf 89' lang='lat' dir='ltr'><strong>et</strong></span> <span class='ocrx_word' id='word_1_416' title='bbox 1509 3248 1590 3290; x_wconf 89' lang='lat' dir='ltr'><strong>com·</strong></span> 
     </span>
     <span class='ocr_line' id='line_1_35' title="bbox 138 3311 1590 3395; baseline 0.003 -23"><span class='ocrx_word' id='word_1_417' title='bbox 138 3321 185 3372; x_wconf 89' lang='lat' dir='ltr'><strong>cst</strong></span> <span class='ocrx_word' id='word_1_418' title='bbox 206 3311 243 3372; x_wconf 89' lang='lat' dir='ltr'><strong>dc</strong></span> <span class='ocrx_word' id='word_1_419' title='bbox 266 3313 377 3372; x_wconf 89' lang='lat' dir='ltr'><strong>carnali</strong></span> <span class='ocrx_word' id='word_1_420' title='bbox 401 3315 630 3374; x_wconf 88' lang='lat' dir='ltr'><strong>circumcisione.</strong></span> <span class='ocrx_word' id='word_1_421' title='bbox 647 3315 741 3395; x_wconf 91' lang='lat' dir='ltr'><strong>Atqui</strong></span> <span class='ocrx_word' id='word_1_422' title='bbox 756 3315 835 3375; x_wconf 88' lang='lat' dir='ltr'><strong>idem</strong></span> <span class='ocrx_word' id='word_1_423' title='bbox 882 3314 1101 3374; x_wconf 82' lang='lat' dir='ltr'><strong>mandationem</strong></span> <span class='ocrx_word' id='word_1_424' title='bbox 1123 3312 1226 3387; x_wconf 88' lang='lat' dir='ltr'><strong>habet,</strong></span> <span class='ocrx_word' id='word_1_425' title='bbox 1248 3332 1308 3372; x_wconf 93' lang='lat' dir='ltr'><strong>non</strong></span> <span class='ocrx_word' id='word_1_426' title='bbox 1331 3311 1412 3393; x_wconf 90' lang='lat' dir='ltr'><strong>apud</strong></span> <span class='ocrx_word' id='word_1_427' title='bbox 1434 3313 1590 3389; x_wconf 87' lang='lat' dir='ltr'><strong>homines,</strong></span> 
     </span>
     <span class='ocr_line' id='line_1_36' title="bbox 137 3399 1589 3482; baseline 0.003 -24"><span class='ocrx_word' id='word_1_428' title='bbox 137 3400 323 3480; x_wconf 82' lang='lat' dir='ltr'><strong>Augustinus</strong></span> <span class='ocrx_word' id='word_1_429' title='bbox 338 3403 368 3459; x_wconf 90' lang='lat' dir='ltr'><strong>in</strong></span> <span class='ocrx_word' id='word_1_430' title='bbox 383 3400 433 3458; x_wconf 89' lang='lat' dir='ltr'><strong>lib.</strong></span> <span class='ocrx_word' id='word_1_431' title='bbox 450 3399 488 3482; x_wconf 83' lang='lat' dir='ltr'><strong>de</strong></span> <span class='ocrx_word' id='word_1_432' title='bbox 503 3401 608 3479; x_wconf 88' lang='lat' dir='ltr'><strong>spiritu</strong></span> <span class='ocrx_word' id='word_1_433' title='bbox 623 3410 651 3461; x_wconf 91' lang='grc' dir='ltr'><strong>θῖ</strong></span> <span class='ocrx_word' id='word_1_434' title='bbox 667 3402 754 3460; x_wconf 89' lang='lat' dir='ltr'><strong>litera</strong></span> <span class='ocrx_word' id='word_1_435' title='bbox 769 3423 833 3482; x_wconf 87' lang='lat' dir='ltr'><strong>cap.</strong></span> <span class='ocrx_word' id='word_1_436' title='bbox 883 3402 934 3481; x_wconf 91' lang='lat' dir='ltr'><strong>qni</strong></span> <span class='ocrx_word' id='word_1_437' title='bbox 957 3421 1015 3459; x_wconf 94' lang='lat' dir='ltr'><strong>non</strong></span> <span class='ocrx_word' id='word_1_438' title='bbox 1032 3399 1134 3460; x_wconf 89' lang='lat' dir='ltr'><strong>vident</strong></span> <span class='ocrx_word' id='word_1_439' title='bbox 1156 3401 1214 3459; x_wconf 89' lang='lat' dir='ltr'><strong>nisi</strong></span> <span class='ocrx_word' id='word_1_440' title='bbox 1229 3418 1306 3478; x_wconf 88' lang='lat' dir='ltr'><strong>quae</strong></span> <span class='ocrx_word' id='word_1_441' title='bbox 1328 3399 1401 3460; x_wconf 82' lang='lat' dir='ltr'><strong>ioris</strong></span> <span class='ocrx_word' id='word_1_442' title='bbox 1424 3410 1493 3460; x_wconf 90' lang='lat' dir='ltr'><strong>suut</strong></span> <span class='ocrx_word' id='word_1_443' title='bbox 1517 3422 1589 3462; x_wconf 90' lang='lat' dir='ltr'><strong>cou-</strong></span> 
     </span>
     <span class='ocr_line' id='line_1_37' title="bbox 139 3485 1590 3569; baseline 0.001 -21"><span class='ocrx_word' id='word_1_444' title='bbox 139 3489 166 3548; x_wconf 82' lang='lat'><strong>8.</strong></span> <span class='ocrx_word' id='word_1_445' title='bbox 180 3487 315 3569; x_wconf 87' lang='lat' dir='ltr'><strong>spiritum</strong></span> <span class='ocrx_word' id='word_1_446' title='bbox 328 3486 834 3567; x_wconf 83' lang='lat' dir='ltr'><strong>interpretamrSpiritumsanctum,</strong></span> <span class='ocrx_word' id='word_1_447' title='bbox 882 3490 1002 3567; x_wconf 81' lang='lat' dir='ltr'><strong>spicua3</strong></span> <span class='ocrx_word' id='word_1_448' title='bbox 1026 3485 1078 3545; x_wconf 87' lang='lat' dir='ltr'><strong>sed</strong></span> <span class='ocrx_word' id='word_1_449' title='bbox 1093 3485 1173 3567; x_wconf 87' lang='lat' dir='ltr'><strong>apud</strong></span> <span class='ocrx_word' id='word_1_450' title='bbox 1188 3485 1301 3559; x_wconf 85' lang='lat' dir='ltr'><strong>Deum,</strong></span> <span class='ocrx_word' id='word_1_451' title='bbox 1317 3487 1369 3565; x_wconf 91' lang='lat' dir='ltr'><strong>qni</strong></span> <span class='ocrx_word' id='word_1_452' title='bbox 1385 3506 1436 3546; x_wconf 90' lang='lat' dir='ltr'><strong>cor</strong></span> <span class='ocrx_word' id='word_1_453' title='bbox 1447 3489 1590 3551; x_wconf 85' lang='lat' dir='ltr'><strong>intuetur.</strong></span> 
     </span>
    </p>
   </div>
   <div class='ocr_carea' id='block_1_3' title="bbox 647 3710 1079 3802">
    <p class='ocr_par' dir='ltr' id='par_1_5' title="bbox 647 3710 1079 3802">
     <span class='ocr_line' id='line_1_38' title="bbox 647 3710 1079 3802; baseline 0.012 -5"><span class='ocrx_word' id='word_1_454' title='bbox 647 3712 804 3797; x_wconf 70' lang='lat' dir='ltr'><strong>tacut</strong></span> <span class='ocrx_word' id='word_1_455' title='bbox 846 3710 1079 3802; x_wconf 84' lang='lat' dir='ltr'><strong>l&#39;lllil&#39;lllll.</strong></span> 
     </span>
    </p>
   </div>
   <div class='ocr_carea' id='block_1_4' title="bbox 138 3861 1589 4575">
    <p class='ocr_par' dir='ltr' id='par_1_6' title="bbox 138 3861 1589 4575">
     <span class='ocr_line' id='line_1_39' title="bbox 215 3861 1584 3951; baseline 0.003 -23"><span class='ocrx_word' id='word_1_456' title='bbox 215 3861 304 3946; x_wconf 88' lang='lat' dir='ltr'><strong>Quid</strong></span> <span class='ocrx_word' id='word_1_457' title='bbox 338 3883 416 3948; x_wconf 83' lang='lat' dir='ltr'><strong>ergo</strong></span> <span class='ocrx_word' id='word_1_458' title='bbox 454 3864 593 3950; x_wconf 89' lang='lat' dir='ltr'><strong>amplius</strong></span> <span class='ocrx_word' id='word_1_459' title='bbox 629 3864 762 3931; x_wconf 89' lang='lat' dir='ltr'><strong>Judaeo</strong></span> <span class='ocrx_word' id='word_1_460' title='bbox 798 3871 866 3949; x_wconf 88' lang='lat' dir='ltr'><strong>est,</strong></span> <span class='ocrx_word' id='word_1_461' title='bbox 908 3869 966 3930; x_wconf 90' lang='lat' dir='ltr'><strong>aut</strong></span> <span class='ocrx_word' id='word_1_462' title='bbox 1007 3884 1091 3951; x_wconf 89' lang='lat' dir='ltr'><strong>quae</strong></span> <span class='ocrx_word' id='word_1_463' title='bbox 1128 3865 1256 3930; x_wconf 90' lang='lat' dir='ltr'><strong>utilitas</strong></span> <span class='ocrx_word' id='word_1_464' title='bbox 1299 3865 1584 3933; x_wconf 74' lang='lat' dir='ltr'><strong>circumcisionis?</strong></span> 
     </span>
     <span class='ocr_line' id='line_1_40' title="bbox 140 3967 1589 4056; baseline 0.004 -25"><span class='ocrx_word' id='word_1_465' title='bbox 140 3967 173 4031; x_wconf 79' lang='lat'><strong>2.</strong></span> <span class='ocrx_word' id='word_1_466' title='bbox 201 3967 339 4032; x_wconf 88' lang='lat' dir='ltr'><strong>Multum</strong></span> <span class='ocrx_word' id='word_1_467' title='bbox 367 3985 427 4051; x_wconf 90' lang='lat' dir='ltr'><strong>per</strong></span> <span class='ocrx_word' id='word_1_468' title='bbox 455 3987 584 4034; x_wconf 88' lang='lat' dir='ltr'><strong>omnem</strong></span> <span class='ocrx_word' id='word_1_469' title='bbox 611 3968 756 4035; x_wconf 91' lang='lat' dir='ltr'><strong>modum.</strong></span> <span class='ocrx_word' id='word_1_470' title='bbox 810 3969 956 4034; x_wconf 92' lang='lat' dir='ltr'><strong>Primum</strong></span> <span class='ocrx_word' id='word_1_471' title='bbox 985 3967 1117 4055; x_wconf 90' lang='lat' dir='ltr'><strong>quidem</strong></span> <span class='ocrx_word' id='word_1_472' title='bbox 1146 3969 1223 4056; x_wconf 90' lang='lat' dir='ltr'><strong>quia</strong></span> <span class='ocrx_word' id='word_1_473' title='bbox 1251 3967 1379 4034; x_wconf 91' lang='lat' dir='ltr'><strong>credita</strong></span> <span class='ocrx_word' id='word_1_474' title='bbox 1407 3975 1483 4034; x_wconf 91' lang='lat' dir='ltr'><strong>suut</strong></span> <span class='ocrx_word' id='word_1_475' title='bbox 1520 3971 1589 4037; x_wconf 89' lang='lat' dir='ltr'><strong>illis</strong></span> 
     </span>
     <span class='ocr_line' id='line_1_41' title="bbox 140 4062 1588 4167; baseline 0.003 -32"><span class='ocrx_word' id='word_1_476' title='bbox 140 4070 272 4157; x_wconf 87' lang='lat' dir='ltr'><strong>eloquia</strong></span> <span class='ocrx_word' id='word_1_477' title='bbox 299 4069 364 4135; x_wconf 89' lang='lat' dir='ltr'><strong>Dei</strong></span> <span class='ocrx_word' id='word_1_478' title='bbox 381 4062 422 4151; x_wconf 46' lang='grc' dir='ltr'><strong>1).ι</strong></span> <span class='ocrx_word' id='word_1_479' title='bbox 446 4071 479 4135; x_wconf 84' lang='grc'><strong>3.</strong></span> <span class='ocrx_word' id='word_1_480' title='bbox 510 4069 597 4155; x_wconf 80' lang='lat' dir='ltr'><strong>Quid</strong></span> <span class='ocrx_word' id='word_1_481' title='bbox 626 4074 710 4138; x_wconf 89' lang='lat' dir='ltr'><strong>enirn</strong></span> <span class='ocrx_word' id='word_1_482' title='bbox 740 4074 767 4137; x_wconf 91' lang='lat' dir='ltr'><strong>si</strong></span> <span class='ocrx_word' id='word_1_483' title='bbox 796 4072 926 4159; x_wconf 90' lang='lat' dir='ltr'><strong>quidam</strong></span> <span class='ocrx_word' id='word_1_484' title='bbox 955 4072 1086 4137; x_wconf 92' lang='lat' dir='ltr'><strong>illorum</strong></span> <span class='ocrx_word' id='word_1_485' title='bbox 1113 4093 1178 4137; x_wconf 91' lang='lat' dir='ltr'><strong>non</strong></span> <span class='ocrx_word' id='word_1_486' title='bbox 1207 4071 1445 4167; x_wconf 77' lang='lat' dir='ltr'><strong>crediderunt?</strong></span> <span class='ocrx_word' id='word_1_487' title='bbox 1479 4073 1588 4139; x_wconf 93' lang='lat' dir='ltr'><strong>Num·</strong></span> 
     </span>
     <span class='ocr_line' id='line_1_42' title="bbox 139 4166 1588 4261; baseline 0.003 -22"><span class='ocrx_word' id='word_1_488' title='bbox 139 4174 218 4261; x_wconf 93' lang='lat' dir='ltr'><strong>quid</strong></span> <span class='ocrx_word' id='word_1_489' title='bbox 245 4173 459 4240; x_wconf 86' lang='lat' dir='ltr'><strong>incredulitas</strong></span> <span class='ocrx_word' id='word_1_490' title='bbox 486 4175 617 4241; x_wconf 91' lang='lat' dir='ltr'><strong>illorum</strong></span> <span class='ocrx_word' id='word_1_491' title='bbox 645 4176 743 4242; x_wconf 86' lang='lat' dir='ltr'><strong>fidem</strong></span> <span class='ocrx_word' id='word_1_492' title='bbox 779 4176 844 4241; x_wconf 83' lang='lat' dir='ltr'><strong>Dei</strong></span> <span class='ocrx_word' id='word_1_493' title='bbox 881 4173 1084 4241; x_wconf 81' lang='lat' dir='ltr'><strong>evacuabit?</strong></span> <span class='ocrx_word' id='word_1_494' title='bbox 1120 4174 1220 4241; x_wconf 88' lang='lat' dir='ltr'><strong>Absit</strong></span> <span class='ocrx_word' id='word_1_495' title='bbox 1232 4166 1269 4255; x_wconf 77' lang='grc'><strong>2).</strong></span> <span class='ocrx_word' id='word_1_496' title='bbox 1314 4177 1348 4239; x_wconf 85' lang='grc'><strong>4.</strong></span> <span class='ocrx_word' id='word_1_497' title='bbox 1383 4175 1446 4239; x_wconf 84' lang='grc' dir='ltr'><strong>Εεῖ</strong></span> <span class='ocrx_word' id='word_1_498' title='bbox 1474 4183 1588 4243; x_wconf 89' lang='lat' dir='ltr'><strong>autern</strong></span> 
     </span>
     <span class='ocr_line' id='line_1_43' title="bbox 138 4268 1588 4366; baseline 0.003 -25"><span class='ocrx_word' id='word_1_499' title='bbox 138 4277 230 4343; x_wconf 88' lang='lat' dir='ltr'><strong>Deus</strong></span> <span class='ocrx_word' id='word_1_500' title='bbox 257 4268 416 4360; x_wconf 83' lang='lat' dir='ltr'><strong>vcrax³):</strong></span> <span class='ocrx_word' id='word_1_501' title='bbox 446 4280 550 4344; x_wconf 87' lang='lat' dir='ltr'><strong>omnis</strong></span> <span class='ocrx_word' id='word_1_502' title='bbox 579 4286 690 4346; x_wconf 87' lang='lat' dir='ltr'><strong>autem</strong></span> <span class='ocrx_word' id='word_1_503' title='bbox 718 4280 816 4344; x_wconf 91' lang='lat' dir='ltr'><strong>homo</strong></span> <span class='ocrx_word' id='word_1_504' title='bbox 845 4278 1006 4363; x_wconf 85' lang='lat' dir='ltr'><strong>mendax,</strong></span> <span class='ocrx_word' id='word_1_505' title='bbox 1035 4281 1121 4344; x_wconf 90' lang='lat' dir='ltr'><strong>sicut</strong></span> <span class='ocrx_word' id='word_1_506' title='bbox 1148 4283 1306 4366; x_wconf 86' lang='lat' dir='ltr'><strong>scriptum</strong></span> <span class='ocrx_word' id='word_1_507' title='bbox 1334 4282 1408 4344; x_wconf 89' lang='lat' dir='ltr'><strong>est:</strong></span> <span class='ocrx_word' id='word_1_508' title='bbox 1441 4278 1488 4345; x_wconf 96' lang='lat' dir='ltr'><strong>Ut</strong></span> <span class='ocrx_word' id='word_1_509' title='bbox 1510 4282 1588 4366; x_wconf 89' lang='lat' dir='ltr'><strong>jus·</strong></span> 
     </span>
     <span class='ocr_line' id='line_1_44' title="bbox 139 4372 1586 4469; baseline 0.003 -24"><span class='ocrx_word' id='word_1_510' title='bbox 139 4381 273 4446; x_wconf 84' lang='lat' dir='ltr'><strong>tiliccris</strong></span> <span class='ocrx_word' id='word_1_511' title='bbox 300 4383 332 4446; x_wconf 94' lang='lat' dir='ltr'><strong>in</strong></span> <span class='ocrx_word' id='word_1_512' title='bbox 361 4381 567 4448; x_wconf 89' lang='lat' dir='ltr'><strong>sermonibus</strong></span> <span class='ocrx_word' id='word_1_513' title='bbox 595 4386 671 4468; x_wconf 85' lang='lat' dir='ltr'><strong>tuis,</strong></span> <span class='ocrx_word' id='word_1_514' title='bbox 701 4388 735 4449; x_wconf 91' lang='lat' dir='ltr'><strong>et</strong></span> <span class='ocrx_word' id='word_1_515' title='bbox 762 4384 876 4448; x_wconf 88' lang='lat' dir='ltr'><strong>vincas</strong></span> <span class='ocrx_word' id='word_1_516' title='bbox 904 4403 978 4448; x_wconf 91' lang='lat' dir='ltr'><strong>cum</strong></span> <span class='ocrx_word' id='word_1_517' title='bbox 1000 4372 1213 4469; x_wconf 72' lang='lat' dir='ltr'><strong>judicarisl).</strong></span> <span class='ocrx_word' id='word_1_518' title='bbox 1252 4383 1285 4448; x_wconf 80' lang='lat'><strong>5.</strong></span> <span class='ocrx_word' id='word_1_519' title='bbox 1315 4380 1350 4448; x_wconf 87' lang='lat' dir='ltr'><strong>Si</strong></span> <span class='ocrx_word' id='word_1_520' title='bbox 1379 4388 1489 4449; x_wconf 88' lang='lat' dir='ltr'><strong>autem</strong></span> <span class='ocrx_word' id='word_1_521' title='bbox 1521 4385 1586 4450; x_wconf 92' lang='lat' dir='ltr'><strong>ini-</strong></span> 
     </span>
     <span class='ocr_line' id='line_1_45' title="bbox 139 4485 1588 4575; baseline 0.002 -26"><span class='ocrx_word' id='word_1_522' title='bbox 139 4485 248 4571; x_wconf 90' lang='lat' dir='ltr'><strong>quitas</strong></span> <span class='ocrx_word' id='word_1_523' title='bbox 274 4494 388 4551; x_wconf 89' lang='lat' dir='ltr'><strong>nostra</strong></span> <span class='ocrx_word' id='word_1_524' title='bbox 410 4487 576 4570; x_wconf 89' lang='lat' dir='ltr'><strong>justitiam</strong></span> <span class='ocrx_word' id='word_1_525' title='bbox 603 4487 668 4553; x_wconf 90' lang='lat' dir='ltr'><strong>Dei</strong></span> <span class='ocrx_word' id='word_1_526' title='bbox 698 4486 925 4571; x_wconf 86' lang='lat' dir='ltr'><strong>commendat,</strong></span> <span class='ocrx_word' id='word_1_527' title='bbox 955 4486 1035 4574; x_wconf 93' lang='lat' dir='ltr'><strong>quid</strong></span> <span class='ocrx_word' id='word_1_528' title='bbox 1062 4486 1233 4553; x_wconf 82' lang='lat' dir='ltr'><strong>dicemus?</strong></span> <span class='ocrx_word' id='word_1_529' title='bbox 1261 4485 1429 4574; x_wconf 90' lang='lat' dir='ltr'><strong>Numquid</strong></span> <span class='ocrx_word' id='word_1_530' title='bbox 1455 4487 1588 4575; x_wconf 91' lang='lat' dir='ltr'><strong>iniquus</strong></span> 
     </span>
    </p>
   </div>
   <div class='ocr_carea' id='block_1_5' title="bbox 139 4598 551 4614">
    <p class='ocr_par' dir='ltr' id='par_1_7' title="bbox 139 4598 551 4614">
     <span class='ocr_line' id='line_1_46' title="bbox 139 4598 551 4614; baseline 0.01 -5"><span class='ocrx_word' id='word_1_531' title='bbox 139 4598 551 4614; x_wconf 46' lang='grc' dir='ltr'><strong>ῃ-</strong></span> 
     </span>
    </p>
   </div>
   <div class='ocr_carea' id='block_1_6' title="bbox 138 4636 1588 4775">
    <p class='ocr_par' dir='ltr' id='par_1_8' title="bbox 138 4636 1588 4775">
     <span class='ocr_line' id='line_1_47' title="bbox 138 4636 1588 4775; baseline 0.003 -83"><span class='ocrx_word' id='word_1_532' title='bbox 138 4710 154 4760; x_wconf 61' lang='lat'><strong>7</strong></span> <span class='ocrx_word' id='word_1_533' title='bbox 179 4708 213 4761; x_wconf 57' lang='lat'><strong>²3</strong></span> <span class='ocrx_word' id='word_1_534' title='bbox 243 4636 504 4775; x_wconf 63' lang='lat' dir='ltr'><strong>¹l)⁰1i‡&#39;,&#39;,⁹’50⁴3³⁰‘·</strong></span> <span class='ocrx_word' id='word_1_535' title='bbox 523 4644 547 4706; x_wconf 87' lang='lat' dir='ltr'><strong>s,</strong></span> <span class='ocrx_word' id='word_1_536' title='bbox 566 4643 607 4695; x_wconf 81' lang='lat' dir='ltr'><strong>as.</strong></span> <span class='ocrx_word' id='word_1_537' title='bbox 626 4641 690 4694; x_wconf 77' lang='lat' dir='ltr'><strong>esai.</strong></span> <span class='ocrx_word' id='word_1_538' title='bbox 712 4643 768 4707; x_wconf 79' lang='lat' dir='ltr'><strong>ur,</strong></span> <span class='ocrx_word' id='word_1_539' title='bbox 788 4643 811 4695; x_wconf 89' lang='grc' dir='ltr'><strong>ε.</strong></span> <span class='ocrx_word' id='word_1_540' title='bbox 830 4645 854 4711; x_wconf 80' lang='lat' dir='ltr'><strong>a.</strong></span> <span class='ocrx_word' id='word_1_541' title='bbox 891 4639 915 4707; x_wconf 80' lang='lat'><strong>²)</strong></span> <span class='ocrx_word' id='word_1_542' title='bbox 935 4644 996 4706; x_wconf 74' lang='lat' dir='ltr'><strong>cap.</strong></span> <span class='ocrx_word' id='word_1_543' title='bbox 1019 4643 1057 4705; x_wconf 84' lang='lat' dir='ltr'><strong>rr,</strong></span> <span class='ocrx_word' id='word_1_544' title='bbox 1079 4643 1117 4693; x_wconf 84' lang='lat' dir='ltr'><strong>re.</strong></span> <span class='ocrx_word' id='word_1_545' title='bbox 1136 4643 1177 4693; x_wconf 86' lang='lat' dir='ltr'><strong>sr.</strong></span> <span class='ocrx_word' id='word_1_546' title='bbox 1197 4643 1212 4694; x_wconf 79' lang='lat' dir='ltr'><strong>a</strong></span> <span class='ocrx_word' id='word_1_547' title='bbox 1231 4643 1294 4696; x_wconf 87' lang='lat' dir='ltr'><strong>nn.</strong></span> <span class='ocrx_word' id='word_1_548' title='bbox 1312 4643 1336 4709; x_wconf 84' lang='lat' dir='ltr'><strong>a,</strong></span> <span class='ocrx_word' id='word_1_549' title='bbox 1359 4644 1399 4694; x_wconf 84' lang='lat' dir='ltr'><strong>ra.</strong></span> <span class='ocrx_word' id='word_1_550' title='bbox 1418 4638 1442 4710; x_wconf 83' lang='lat'><strong>³)</strong></span> <span class='ocrx_word' id='word_1_551' title='bbox 1462 4643 1524 4708; x_wconf 74' lang='lat' dir='ltr'><strong>cm.</strong></span> <span class='ocrx_word' id='word_1_552' title='bbox 1546 4646 1588 4709; x_wconf 85' lang='lat' dir='ltr'><strong>rr,</strong></span> 
     </span>
     <span class='ocr_line' id='line_1_48' title="bbox 156 4742 472 4775; baseline 0.006 -14"><span class='ocrx_word' id='word_1_553' title='bbox 156 4747 162 4761; x_wconf 94' lang='lat'>.</span> <span class='ocrx_word' id='word_1_554' title='bbox 215 4742 222 4758; x_wconf 85' lang='lat'><strong><em>.</em></strong></span> <span class='ocrx_word' id='word_1_555' title='bbox 362 4748 367 4761; x_wconf 94' lang='lat'>.</span> <span class='ocrx_word' id='word_1_556' title='bbox 422 4749 472 4775; x_wconf 87' lang='lat'><strong>,.</strong></span> 
     </span>
    </p>
   </div>
   <div class='ocr_carea' id='block_1_7' title="bbox 0 0 1632 5190">
    <p class='ocr_par' dir='ltr' id='par_1_9' title="bbox 0 0 1632 5190">
     <span class='ocr_line' id='line_1_49' title="bbox 0 0 1632 5190; baseline 0 3"><span class='ocrx_word' id='word_1_557' title='bbox 0 0 1632 5190; x_wconf 95' lang='lat' dir='ltr'><strong> </strong></span> 
     </span>
    </p>
   </div>
  </div>
 </body>
</html>
