3254 5190
100 294 147 366 12

617 288 852 345 COMMENTARIUS
869 286 901 345 lli
919 287 985 346 cst.
996 286 1026 345 11.

98 475 168 527 sunt
182 466 275 526 futuri
286 468 443 547 temporis,
459 475 488 526 et
498 466 646 544 judicium
661 466 795 527 divinum
843 469 977 529 stianum.
993 467 1070 526 Erat
1083 469 1162 527 enim
1177 485 1285 530 nomen
1302 465 1376 530 illud
1392 477 1423 529 et
1442 466 1544 548 appel·

98 555 278 632 respiciunt3
289 563 323 613 ut
335 555 495 634 sequentia
510 554 548 614 ab
561 553 612 613 illo
625 555 707 615 loco:
724 574 794 614 cum
843 555 916 614 latio
931 554 1035 633 populi
1051 553 1119 626 Dei,
1134 554 1192 613 hoe
1207 563 1269 628 est,
1295 557 1395 617 aDeo
1409 553 1543 635 peculia·

99 644 182 701 enirn
197 649 304 716 pentes
320 651 375 700 etc.
391 642 575 720 accipiantur
586 641 670 700 velut
688 661 794 721 paren·

98 727 209 788 thetice
230 728 393 806 interjecta.
417 728 497 787 Nam
524 748 585 807 quo
606 730 704 788 minus
727 735 795 808 apte

98 814 172 873 haec
180 833 250 892 pars
262 814 301 874 ad
309 816 445 894 proxima
453 813 606 885 referatur,
622 813 794 894 aequeobs·

97 908 163 960 tant
177 903 343 979 praesentis
364 902 506 980 temporis
524 902 681 982 participia
702 919 796 960 occu·

97 987 242 1047 sentibus
257 996 287 1046 ct
301 988 552 1065 defendentibus.

141 1075 322 1136 Secundam
337 1077 369 1135 E
372 1075 556 1150 nuncetiam
570 1093 683 1134 meum.
710 1073 795 1134 Scili-

99 1170 147 1221 cet
161 1161 240 1241 quod
255 1159 488 1241 praedicandum
502 1162 573 1220 mihi
586 1160 722 1220 Christus
736 1168 795 1218 tra·

98 1247 181 1307 didit.
191 1247 271 1306 Hine
279 1245 363 1307 disce
371 1257 474 1308 contra
484 1249 635 1321 sectarios,
647 1247 686 1306 ad
694 1247 794 1305 Evan-

98 1334 208 1414 galium
227 1336 379 1414 pertinere
400 1355 459 1394 non
482 1335 578 1394 solum
599 1334 796 1394 annuntiatio·

99 1440 166 1481 nem
189 1423 304 1499 gratiae
326 1421 387 1481 Dei
402 1430 431 1481 et
458 1423 561 1481 salutis
576 1441 630 1501 per
645 1419 796 1481 Christum

98 1510 270 1587 promissae,
282 1506 335 1567 sed
344 1509 432 1567 etiam
436 1510 511 1586 justi
515 1507 629 1586 judicii,
640 1527 699 1587 quo
711 1507 795 1567 Deus

99 1596 258 1674 unicuique
290 1593 397 1654 reddet
426 1595 587 1655 secuudum
615 1614 707 1673 opera
733 1614 795 1654 sna.

99 1681 209 1741 Scribit
226 1682 428 1762 Hieronymus
450 1684 480 1741 in
496 1682 632 1760 catalogo
651 1681 689 1741 de
704 1683 795 1753 Luca,

99 1768 243 1848 quosdam
251 1771 402 1849 suspicari,
415 1771 658 1849 quotiescumque
669 1769 698 1827 iu
708 1769 795 1847 Epis·

98 1856 167 1915 tolis
179 1857 240 1916 suis
254 1855 366 1915 Paulus
378 1856 465 1915 dicit:
472 1861 569 1930 iacta
580 1856 795 1931 Evonpelium

97 1961 221 2018 meam,
250 1942 288 2002 de
309 1944 412 2002 Lucae
435 1945 605 2023 significare
628 1942 795 2002 volumine:

98 2031 154 2090 sed
167 2048 233 2088 earn
245 2029 445 2107 suspicionem
456 2050 513 2089 nec
526 2030 727 2108 Hieronymus
739 2027 795 2088 sibi

97 2116 217 2196 probari
236 2114 399 2195 significat,
428 2136 527 2196 neque
549 2135 604 2174 nos
625 2117 794 2194 probamus.

98 2201 297 2280 Evangelium
313 2203 390 2262 enim
407 2223 489 2262 suurn
506 2202 618 2262 Paulus
635 2222 693 2260 non
714 2200 795 2260 aliud

97 2289 225 2366 intelligi
240 2289 319 2361 vult,
342 2309 430 2370 quam
446 2289 611 2349 doctrinam
633 2288 795 2367 Evangeli-

98 2397 171 2448 cam,
186 2386 220 2433 ut
235 2375 305 2448 dixi,
322 2395 340 2435 a
355 2396 388 2434 se
400 2375 616 2455 praedicatam,
632 2375 710 2455 quod
730 2393 794 2434 eam

98 2461 215 2523 Christo
231 2461 386 2521 revelante
402 2460 562 2521 didicisset.
576 2460 643 2521 Gal.
662 2467 689 2520 1.

140 2550 203 2609 Per
218 2552 330 2610 Jesum
348 2549 516 2610 Christum.
540 2548 607 2607 Hoc
629 2547 793 2626 adjungen-

98 2633 167 2694 dum
182 2635 227 2694 itii
238 2636 329 2712 parti:
345 2654 416 2694 cum
422 2632 579 2708 judicabit
591 2635 678 2694 Deus
690 2635 794 2694 occul·

97 2729 131 2780 ta
145 2723 318 2781 bominis-m.
342 2720 454 2780 Sensus
469 2722 548 2779 enim
563 2729 623 2780 est:
637 2721 732 2779 Deum
743 2721 792 2798 ju·

97 2807 263 2867 dicaturum
288 2827 344 2886 per
370 2805 519 2866 Christum
549 2806 712 2880 hominem,
738 2809 794 2882 qui

98 2898 286 2955 constitutus
304 2900 348 2952 est
368 2893 408 2951 ab
432 2911 466 2953 eo
483 2893 585 2967 jadex
599 2896 749 2953 vivorum
765 2901 794 2953 et

96 2989 314 3053 mortuorum,
338 2979 439 3037 Actor.
466 2981 513 3039 10.
536 2977 793 3058 Quemadmodum

96 3068 187 3127 habet
202 3075 232 3126 et
247 3066 376 3144 symboli
391 3068 485 3125 nostri
501 3067 656 3126 confessio.

142 3157 190 3212 17.
214 3155 248 3213 Si
263 3161 369 3212 autem
385 3159 420 3210 tu
427 3153 574 3215 Judaeus
585 3155 792 3227 copnomina·

97 3243 150 3299 ris.
173 3239 233 3298 Hic
252 3239 316 3316 jam
339 3248 440 3316 aperte
463 3247 493 3298 et
515 3259 659 3318 expresso
674 3241 792 3300 nomine

96 3334 261 3386 sermonem
274 3325 312 3385 ad
324 3325 475 3386 Judaeum
488 3327 641 3399 convertit,
657 3345 693 3384 ac
708 3326 792 3405 gravi

96 3414 284 3472 accusatione
302 3431 368 3471 erim
384 3420 484 3491 urget,
508 3411 670 3492 quodcum
693 3414 791 3491 legem

94 3519 113 3557 a
128 3499 195 3558 Deo
211 3500 381 3577 accepisset,
408 3518 504 3578 eoque
519 3499 637 3558 nomine
654 3500 711 3559 sibi
727 3497 790 3578 pla·

95 3594 182 3657 caret,
194 3606 253 3644 non
265 3593 364 3644 tamen
373 3583 402 3643 id
410 3594 576 3664 praestaret
588 3585 657 3665 lege
668 3587 790 3644 instruo·

94 3680 148 3743 tus,
165 3670 243 3752 quod
259 3679 365 3749 gentes
382 3673 446 3730 sine
461 3672 539 3751 lege.
557 3673 657 3752 Atque
669 3675 700 3732 in
712 3691 748 3731 ca
758 3692 791 3732 re

93 3757 270 3818 inculcanda
284 3758 414 3837 persistit
438 3759 592 3839 usquead
615 3759 704 3819 finem
727 3779 790 3839 cap.

93 3844 151 3903 Est
165 3855 265 3904 autem
281 3847 375 3903 oratio
391 3843 549 3923 splendida
564 3865 600 3904 ac
619 3847 790 3917 vehemens,

93 3939 123 3991 et
138 3930 175 3990 nd
191 3952 252 3991 rem
271 3950 359 4010 quam
383 3931 446 4008 agit
465 3931 697 3991 accommodata.
722 3931 791 4010 Qua

93 4019 174 4097 prius
188 4017 304 4097 quidem
318 4026 455 4077 recenset
465 4037 510 4090 ea,
522 4036 598 4098 qnae
610 4018 791 4079 videbantur

92 4105 122 4164 in
139 4104 261 4164 Judneo
277 4104 447 4182 praeclara,
464 4113 494 4164 et
510 4104 663 4184 inquibus
682 4105 789 4185 gloria·

91 4190 194 4266 batnr3
216 4201 322 4270 postea
337 4209 411 4249 vero
433 4210 471 4250 ex
486 4190 522 4250 iis
538 4191 628 4269 ipsis,
651 4193 790 4271 quoniam

90 4279 181 4336 tantis
204 4276 357 4337 beneficiis
369 4297 428 4336 non
444 4277 654 4355 responderet,
670 4277 790 4337 damna·

91 4362 183 4423 bilem
200 4383 267 4423 eum
281 4363 420 4423 ostendit.
433 4366 479 4439 Si,
496 4364 600 4444 inquit,
616 4373 651 4423 tu
662 4365 790 4427 Judae-

90 4469 128 4510 us
143 4453 390 4526 copnnmtnnris,
408 4449 437 4509 id
454 4457 500 4510 cst
515 4451 594 4530 geris
609 4471 718 4512 nomen
733 4450 789 4511 Ju-

92 4534 174 4610 daei,
190 4557 286 4617 eoque
301 4536 420 4597 nomine
435 4535 563 4615 gaudes,
585 4547 616 4598 et
631 4537 661 4597 in
677 4557 712 4598 eo
728 4537 789 4617 glo·

89 4625 186 4684 riaris.
202 4623 322 4684 Etenim
338 4641 447 4682 revera
458 4621 652 4684 honorificum
664 4632 728 4684 erat
738 4644 790 4704 ap·

87 4709 197 4790 pellaci
211 4709 385 4782 Judaeum,
400 4710 478 4769 sicut
491 4730 571 4771 nunc
585 4713 687 4772 vocari
703 4709 788 4772 Chri·

845 643 915 701 riter
931 640 1029 713 electi,
1045 649 1075 698 et
1090 660 1109 698 a
1124 643 1251 701 caeteris
1267 642 1407 720 gentibus
1421 639 1462 699 ad
1474 640 1543 720 ipsi·

844 747 879 787 us
895 728 1003 787 cultum
1020 729 1158 805 separati.
1182 729 1256 788 It'oa
1270 730 1348 788 enim
1363 729 1479 788 fecerat
1493 735 1544 786 ta·

845 815 918 874 liter
933 820 1022 874 omni
1036 817 1174 888 nationi,
1191 814 1272 874 Psal.
1293 817 1363 874 147.

887 900 977 980 Cepit
990 908 1089 959 autem
1105 901 1268 979 appellatio
1284 902 1307 961 J
1309 901 1473 960 udaeorum
1488 897 1544 959 sub

845 995 961 1067 tempus
970 987 1152 1066 captivitatis
1160 987 1374 1066 Babylonicae,
1383 997 1542 1066 postquam

845 1073 949 1134 decem
964 1073 1058 1133 tribus
1080 1072 1227 1133 abductae
1249 1074 1377 1134 fuissent
1399 1075 1429 1133 iu
1450 1074 1544 1151 Assy·

845 1162 917 1234 rios3
934 1179 999 1219 cum
1014 1167 1104 1220 antea
1112 1163 1258 1220 communi
1270 1162 1389 1220 nomine
1400 1179 1543 1219 vocaren-

845 1255 893 1306 tur
908 1246 962 1305 filii
977 1246 1081 1305 Israel.
1096 1249 1142 1306 Ac
1157 1248 1285 1326 primum
1300 1246 1421 1327 quidem
1436 1247 1458 1306 11
1476 1245 1542 1318 soli,

845 1334 896 1414 qui
912 1342 995 1393 erant
1010 1332 1048 1392 de
1062 1352 1155 1412 regno
1172 1334 1295 1394 duarum
1317 1333 1463 1406 tribuum,
1486 1332 1544 1393 hoc

845 1422 963 1481 nomine
978 1419 1169 1493 vocabantur,
1181 1441 1200 1480 a
1214 1421 1292 1480 tribu
1307 1420 1450 1481 videlicet
1464 1421 1544 1498 priu-

845 1508 997 1586 cipaliore,
1014 1516 1047 1566 ut
1058 1507 1161 1586 alteg.
1180 1511 1229 1568 16.
1246 1519 1275 1567 et
1288 1507 1340 1568 25?
1358 1507 1433 1566 Item
1460 1502 1542 1585 apud

846 1593 869 1654 J
870 1597 1008 1654 eremium
1019 1602 1049 1653 et
1058 1594 1223 1654 Danielem.
1236 1596 1278 1653 At
1294 1595 1323 1653 in
1336 1593 1412 1653 libro
1422 1592 1543 1666 Esther,

844 1681 896 1740 ubi
911 1680 1054 1762 frequens
1069 1689 1116 1741 est
1130 1702 1237 1742 nomen
1255 1680 1452 1752 Judaeorum,
1467 1679 1544 1738 acci·

845 1770 924 1848 pitur
939 1769 1120 1847 generaliter
1136 1780 1169 1829 ut
1185 1790 1286 1829 omnes
1301 1767 1395 1828 tribus
1410 1784 1543 1845 compre-

844 1855 965 1915 hendat.
992 1855 1042 1916 Sic
1066 1865 1095 1915 et
1111 1858 1254 1934 deinceps
1269 1854 1351 1935 apud
1366 1852 1545 1913 Zachariam

844 1963 908 2022 cap.
926 1943 954 2002 8.
972 1949 1003 2002 et
1018 1944 1047 2001 in
1062 1943 1147 2004 libris
1159 1942 1434 2012 Macchabaeorum,
1450 1945 1544 2016 atque

844 2032 874 2090 in
889 2038 952 2089 tota
968 2032 1114 2109 scriptura
1129 2032 1201 2091 novi
1224 2029 1420 2089 Testamenti.
1444 2025 1485 2083 Et
1507 2021 1545 2084 de

844 2118 901 2175 hac
916 2117 1049 2195 generali
1060 2119 1282 2196 nuncupatione
1291 2115 1314 2176 J
1316 2113 1448 2192 osephus
1460 2110 1545 2170 intel·

844 2202 980 2281 ligendus
995 2213 1047 2276 est,
1060 2224 1125 2264 curn
1138 2203 1209 2264 dicit
1220 2202 1272 2262 lib.
1295 2205 1342 2260 11.
1354 2201 1456 2278 Antiq.
1470 2194 1544 2257 Jud.

844 2309 908 2368 cap.
926 2293 954 2351 b.
977 2299 1039 2349 tum
1061 2293 1186 2371 primum
1210 2309 1276 2349 eam
1301 2287 1425 2347 inditam
1447 2284 1545 2343 tuisse

844 2384 875 2435 et
889 2376 999 2457 populo
1016 2384 1047 2436 et
1061 2379 1179 2456 regioni
1195 2374 1322 2452 (scilicet
1336 2382 1369 2433 ut
1384 2373 1469 2450 regio
1484 2369 1508 2431 J
1511 2387 1542 2427 u·

844 2462 919 2522 daea
933 2463 1112 2540 vocaretur),
1127 2461 1247 2545 quando
1262 2483 1281 2520 a
1293 2459 1465 2539 Babylonia
1476 2463 1546 2516 sunt

842 2551 963 2609 reversi.
1536 2615 1542 2622 ³

885 2638 937 2696 Ex
951 2634 997 2695 his
1020 2637 1110 2695 etiam
1133 2643 1250 2694 constat
1273 2653 1325 2693 eos
1348 2632 1545 2692 vehementer

843 2721 915 2794 falli,
932 2723 985 2802 qui
1001 2742 1109 2781 nornen
1125 2721 1312 2782 Judaeorum
1327 2740 1346 2777 a
1362 2717 1444 2779 Juda
1461 2716 1545 2776 Mac·

843 2808 975 2869 chabaeo
1002 2807 1162 2868 deductum
1187 2808 1307 2882 volunt3
1333 2824 1425 2884 quum
1456 2801 1544 2863 fuerit

843 2895 932 2956 facile
948 2894 1041 2954 tribus
1057 2896 1188 2955 saeculis
1204 2895 1365 2972 antiquius.
1390 2890 1483 2969 Quod
1505 2885 1544 2947 ad

843 2984 959 3041 initium
972 2982 1080 3039 attinet
1091 2980 1181 3058 hujus
1189 2983 1292 3061 partis,
1305 2972 1542 3041 variantGraeci

843 3069 970 3128 codices.
996 3068 1072 3127 Nam
1096 3068 1245 3146 plerique,
1261 3069 1313 3146 qui
1336 3084 1414 3125 nunc
1431 3067 1544 3132 extant.

841 3154 954 3216 habent
974 3145 1034 3226 ἰδὲ,
1057 3153 1087 3212 id
1114 3163 1161 3213 est
1184 3172 1251 3213 ecce
1266 3160 1302 3211 trs
1317 3151 1474 3214 Judaeur.
1491 3152 1544 3211 At·

842 3260 903 3320 qne
918 3242 959 3300 ita
974 3249 1130 3299 verterunt
1145 3241 1290 3299 Erasmus
1307 3247 1335 3299 et
1349 3238 1459 3311 Faber,
1475 3237 1540 3298 alii·

842 3347 899 3408 que
913 3328 1065 3387 neoterici.
1093 3326 1193 3407 quue
1202 3329 1293 3386 etiam
1301 3325 1416 3386 mavult
1430 3325 1467 3384 E.
1480 3325 1542 3384 To·

841 3413 931 3472 letus.
955 3415 997 3473 At
1020 3415 1168 3492 interpres
1184 3422 1284 3474 noster
1303 3414 1378 3490 legit
1393 3402 1418 3470 εἰ
1441 3403 1494 3483 δὲ,
1517 3411 1543 3469 si

841 3508 956 3560 autem.
984 3499 1142 3578 Quomodo
1165 3509 1195 3560 et
1209 3501 1242 3559 in
1258 3498 1391 3578 Origene
1404 3497 1543 3558 Ruffinus

840 3588 939 3656 vertit,
956 3595 986 3645 et
1002 3607 1104 3645 comm.
1121 3586 1257 3647 Ambros.
1275 3585 1358 3664 legit.
1375 3585 1463 3644 Prior
1477 3583 1537 3643 lee-

841 3675 882 3732 tio
898 3669 997 3732 reddit
1008 3673 1186 3732 sententiam
1199 3672 1375 3741 absolutam,
1390 3671 1542 3749 posterior

841 3778 1015 3839 suspensam
1031 3760 1182 3839 relinquit,
1208 3778 1288 3838 quae
1303 3755 1426 3817 tandem
1442 3755 1543 3818 absol·

840 3849 920 3906 vitur
935 3847 998 3905 ibi:
1025 3850 1086 3924 (tui
1102 3864 1175 3921 erpo
1191 3846 1293 3905 olium
1306 3845 1396 3904 doces
1411 3852 1469 3902 etc.
1481 3844 1541 3903 Ea·

841 3932 908 3993 dem
930 3934 1062 3993 varietas
1089 3939 1189 3992 exstat
1215 3933 1245 3991 in
1267 3928 1407 4011 Epistola
1430 3929 1542 3991 Jacobi

841 4039 907 4098 cap.
923 4020 952 4078 3.
969 4023 1003 4080 Si
1019 4026 1126 4078 autem
1143 4022 1230 4095 equis
1245 4028 1300 4078 etc.

883 4108 927 4166 Et
942 4109 1111 4182 requiescis
1125 4108 1161 4165 in
1177 4107 1251 4181 teye.
1267 4106 1353 4164 Haeo
1365 4122 1443 4183 quae
1455 4123 1541 4185 sequ·

839 4200 937 4264 untur,
953 4201 1097 4271 tanquam
1108 4191 1189 4257 bona
1200 4190 1350 4271 quaedam
1362 4209 1540 4251 commemo·

839 4285 944 4337 rantur
958 4298 1053 4359 usque
1065 4277 1102 4338 ad
1115 4278 1203 4339 illud:
1220 4281 1281 4357 Qui
1300 4296 1373 4353 creo
1389 4283 1447 4338 etc.
1456 4277 1539 4338 Nou·

840 4363 909 4424 dum
925 4368 1005 4424 enim
1028 4368 1111 4425 venit
1134 4364 1301 4444 Apostolus
1322 4363 1361 4424 ad
1376 4363 1539 4442 reprehen·

839 4453 960 4511 sionem.
976 4450 1047 4511 Non
1063 4454 1156 4531 igitur
1171 4472 1278 4514 sensus
1295 4459 1356 4511 est:
1378 4449 1442 4530 Qui
1457 4471 1541 4530 spem

839 4538 943 4599 salutis
952 4540 982 4599 in
991 4538 1060 4619 lege
1068 4539 1207 4613 collocas,
1223 4538 1297 4601 nihil
1310 4539 1540 4617 ampliusquaa·

838 4645 916 4698 reus,
933 4629 1020 4705 quasi
1042 4624 1094 4685 illa
1116 4626 1171 4685 tibi
1189 4627 1261 4687 satis
1274 4629 1314 4686 sit
1328 4624 1366 4685 ud
1378 4626 1540 4705 justitiam.

839 4711 909 4772 Hoc
924 4715 1004 4773 enim
1014 4711 1128 4773 malum
1138 4722 1193 4774 est.
1208 4712 1271 4776 Sed
1282 4714 1461 4790 requiescis,
1473 4713 1539 4775 siva
