3254 5190
96 294 170 388 '132
600 308 1031 366 comumnnmsmcum

95 494 220 579 datum,
248 493 336 582 quod
365 499 436 561 erat
464 493 647 578 advitam,
676 492 740 559 hoc
768 511 841 558 esse
869 489 912 557 ad
938 497 1089 559 mortem.
1147 495 1205 559 11.
1241 491 1323 559 Nam
1350 499 1536 581 peccatum,

96 599 271 665 occasione
299 603 439 683 accepta
465 618 526 684 per
553 595 756 683 mandatum,
785 595 918 662 seduxit
945 616 1014 682 me,
1045 603 1079 664 et
1105 615 1166 684 per
1192 595 1275 663 illud
1302 596 1439 665 occidit.
1481 599 1536 665 12.

94 702 213 788 ltaque
240 701 296 767 len
324 700 455 788 quidem
485 707 619 785 sancta,
650 708 683 766 et
710 699 902 766 mandatum
931 707 1099 786 sanctum,
1129 708 1164 767 et
1185 702 1313 786 jtistum
1341 707 1376 768 et
1403 699 1536 769 bonum.

100 805 157 870 13.
186 802 284 889 Quod
312 824 391 890 ergo
414 802 537 871 bonum
561 809 623 889 est,
651 805 731 870 mihi
759 803 881 869 iactum
910 809 962 869 est
984 805 1094 870 rnorsl
1121 803 1232 870 Absit.
1261 802 1330 870 Sed
1351 810 1537 892 peccatum,

96 914 133 974 ut
162 914 323 995 appareat
350 914 544 995 peecatum,
584 927 645 994 per
673 906 795 974 bonum
824 914 997 993 operatum
1034 914 1085 975 est
1111 908 1192 974 mihi
1218 912 1378 993 mortem,
1420 914 1458 974 ut
1484 909 1540 976 fist

97 1031 197 1098 supro
224 1010 357 1078 modum
383 1031 529 1098 peccans
554 1018 730 1098 peceatum
757 1031 818 1098 per
846 1011 1048 1077 mandatum.
1094 1013 1150 1077 14.
1179 1008 1308 1077 Scimus
1336 1012 1436 1099 enim,
1465 1014 1539 1100 qula

97 1116 152 1181 len
179 1114 360 1201 spiritualis
384 1106 490 1197 est¹);
520 1136 582 1201 ego
604 1122 715 1182 autem
735 1115 877 1181 carnalis
904 1133 985 1200 sum,
1014 1114 1234 1181 venumdatus
1261 1112 1322 1181 sub
1348 1106 1537 1202 peceat0²).

102 1218 158 1284 15.
188 1216 285 1302 Quod
313 1221 398 1285 enim
427 1239 563 1305 operor,
591 1239 657 1284 uon
684 1219 834 1302 intelligo
845 1207 889 1303 ³),
930 1238 1013 1283 non·
1031 1219 1136 1303 enim,
1172 1217 1260 1305 quod
1293 1218 1370 1284 volo
1404 1216 1537 1305 bonnm,

98 1322 161 1387 hoc
190 1341 271 1407 ego,
299 1321 375 1406 sed,
404 1321 492 1408 quod
520 1320 575 1386 odi
602 1321 734 1406 malum,
762 1319 845 1387 illud
873 1320 969 1387 iaeio.
1028 1324 1085 1386 16.
1114 1319 1150 1387 Si
1178 1327 1306 1406 autem,
1334 1319 1424 1408 quod
1451 1325 1538 1409 nolo,

98 1423 180 1491 illud
206 1424 314 1511 facio,
344 1426 515 1491 consentio
543 1426 629 1512 legi,
666 1427 820 1512 quoniam
847 1422 937 1490 bone
964 1418 1061 1507 θεῖ’).
1120 1427 1177 1490 11.
1212 1425 1306 1491 Nunc
1336 1430 1449 1491 autom
1473 1428 1541 1512 jam

98 1549 163 1596 non
193 1549 255 1614 ego
283 1548 402 1616 operor
429 1527 528 1613 illud,
557 1528 632 1614 sed,
661 1528 748 1616 quod
777 1525 908 1593 habitat
934 1529 966 1593 in
994 1548 1063 1613 tue,
1090 1517 1317 1615 peecatum5).
1376 1530 1435 1595 18.
1465 1528 1539 1596 Scio

100 1633 201 1716 enim,
230 1633 307 1720 quia
334 1653 399 1698 non
426 1630 557 1699 habitat
583 1635 617 1699 in
643 1653 715 1718 me,
743 1633 808 1701 hoe
835 1638 902 1716 est,
930 1636 963 1698 in
992 1651 1091 1698 carne
1118 1651 1208 1715 mee,
1236 1620 1408 1714 bonum⁸).
1459 1633 1539 1699 Nam

98 1736 196 1819 vello
226 1734 359 1822 adjacet
385 1736 485 1817 mihi3
512 1737 673 1822 perficere
701 1741 810 1803 autem
833 1734 967 1821 bonum,
994 1756 1059 1802 non
1081 1735 1223 1803 invenio.
1254 1737 1311 1801 19.
1340 1735 1416 1803 Non
1444 1737 1540 1823 enim,

100 1839 187 1928 quod
215 1841 291 1905 volo
319 1839 451 1924 bonum,
479 1839 543 1904 hoc
570 1840 674 1923 laci03
704 1839 772 1924 sed,
802 1839 889 1927 quod
916 1841 993 1906 uolo
1021 1840 1154 1923 malurn,
1182 1838 1246 1904 hoc
1275 1858 1338 1924 ago
1349 1829 1387 1920 ⁷).
1417 1841 1478 1907 20.
1506 1838 1540 1907 st

100 1948 221 2027 eutem,
249 1942 338 2031 quod
365 1944 453 2027 nolo,
482 1942 565 2010 illud
592 1943 689 2028 facio,
712 1945 782 2029 jorn
809 1964 875 2008 non
904 1963 967 2028 ego
995 1963 1115 2030 operor
1142 1941 1234 2027 illud,
1262 1941 1332 2027 sed,
1361 1943 1452 2031 quod
1479 1943 1538 2011 ha·

98 2045 185 2112 bitot
212 2048 244 2113 in
272 2067 340 2131 me,
374 2053 561 2134 peccatum.
617 2048 676 2112 21.
713 2047 849 2114 Invenio
876 2047 977 2133 igitur
1004 2046 1131 2133 legem,
1167 2044 1295 2112 volenti
1321 2045 1403 2112 mihi
1431 2046 1540 2115 facere

99 2149 238 2235 bonum,
278 2153 430 2238 quoniam
464 2150 544 2216 mihi
572 2152 694 2218 malurn
730 2148 881 2237 adjacet3
918 2152 977 2216 22.
1013 2148 1226 2216 condelector
1262 2151 1348 2216 enim
1382 2149 1452 2238 legi
1480 2150 1539 2219 Dei

101 2254 280 2321 secundum
307 2255 497 2322 interiorem
525 2245 744 2340 hominem⁸);
775 2255 834 2320 23.
863 2254 960 2321 video
990 2260 1100 2321 autern
1116 2253 1213 2320 aliam
1241 2254 1349 2338 legem
1377 2254 1410 2319 in
1439 2274 1539 2323 mem·

99 2357 168 2423 bris
195 2359 295 2443 mele,
332 2364 573 2446 repugnantem
602 2359 669 2443 logi
696 2360 816 2425 mentis
842 2378 956 2443 meae,
994 2364 1027 2424 et
1064 2359 1290 2445 captivantem
1326 2377 1379 2423 me
1407 2358 1443 2425 in
1470 2359 1539 2445 lego

98 2464 246 2550 peccati,
285 2482 369 2550 quae
398 2464 509 2528 estin
537 2460 694 2530 membris
728 2463 820 2529 meis.
877 2463 936 2527 24.
974 2460 1094 2528 Infelix
1131 2480 1194 2546 ego
1230 2461 1345 2526 homol
1382 2464 1458 2549 quis
1491 2480 1539 2527 me

99 2564 258 2632 liberabit
285 2566 327 2631 de
356 2586 494 2653 corpore
522 2567 637 2631 mortis
664 2565 788 2651 hujus?
817 2566 877 2633 25.
907 2563 1025 2631 Gratia
1050 2565 1115 2631 Dei
1142 2584 1203 2651 per
1229 2563 1345 2630 lesum
1374 2563 1538 2632 Christum

99 2669 277 2736 Dominum
313 2675 461 2735 nostrum
472 2658 509 2751 9).
562 2669 669 2755 Igitur
712 2690 775 2754 ego
812 2670 883 2756 ipse
921 2674 1030 2736 mente
1068 2669 1176 2734 servio
1211 2669 1279 2753 legi
1314 2667 1400 2751 Dei3
1447 2687 1539 2736 carno

101 2778 228 2857 autem,
257 2773 324 2859 legi
351 2773 496 2859 peccati.
857 2778 864 2792 '

554 3084 758 3154 sibdtlttttt
786 3083 915 3153 uttltts
944 3084 1089 3153 sltltttt.

99 3205 180 3258 llooet
195 3205 286 3259 ddeles
303 3217 351 3272 per
370 3206 501 3259 christum
520 3207 571 3271 legi
590 3213 705 3259 mortuos
724 3219 796 3270 esse,
814 3213 841 3259 ut
859 3207 913 3261 lieo
933 3207 1100 3271 tntalfleenm
1119 3207 1176 3273 qui,
1196 3207 1298 3273 quando
1315 3207 1364 3260 sub
1382 3208 1443 3270 lege
1462 3209 1541 3271 aaut,

168 3277 245 3328 morti
264 3275 467 3338 ltuctitlcabant‚
483 3288 536 3328 nou
555 3276 615 3329 vitio
634 3277 708 3339 tegis.
727 3288 792 3342 quae
810 3275 878 3329 bona
896 3283 944 3342 est,
961 3277 1006 3329 sed
1026 3278 1133 3343 peccati,
1153 3276 1221 3342 quod
1240 3287 1288 3340 per
1304 3276 1392 3339 legem
1410 3277 1540 3339 corniton

169 3342 286 3408 eiusdem
305 3345 441 3398 occasione
461 3345 544 3410 ιιιιείε
562 3344 683 3398 exnerit
720 3345 791 3397 Nunc
814 3357 923 3410 quoque.
943 3352 1051 3410 propter
1069 3347 1165 3398 malum
1183 3345 1209 3397 ln
1227 3358 1257 3397 so
1275 3345 1418 3410 reliquum.
1444 3356 1474 3399 se
1492 3355 1540 3398 uon

169 3425 209 3477 ea,
227 3426 294 3478 quae
312 3415 380 3474 cult,
399 3426 493 3479 agerem
511 3415 558 3467 sed
576 3420 663 3467 mente
681 3414 785 3479 quidem
803 3415 903 3468 servire
921 3416 972 3480 legi
990 3416 1044 3478 bet,
1063 3427 1141 3467 corne
1157 3421 1245 3466 sutem
1264 3414 1315 3476 lert
1332 3414 1441 3478 petent

120 3543 169 3627 ,1.
194 3543 247 3600 Aa
273 3543 444 3616 ipnorutls,
469 3541 588 3618 fratres
613 3534 794 3614 (scientibus
843 3540 899 3600 soli
914 3539 1032 3601 Judaei
1047 3540 1102 3600 sub
1124 3539 1194 3619 logo
1209 3538 1339 3611 fuerant
1361 3537 1477 3599 idcirco
1493 3557 1539 3620 ps·

96 3628 181 3686 caim
196 3625 294 3701 lcpem
306 3625 443 3705 lopuor),
460 3629 537 3703 quio
548 3628 599 3688 lex
610 3631 646 3686 in
666 3628 793 3687 bomine
843 3625 995 3687 culiariter
1009 3646 1062 3686 eos
1084 3625 1132 3686 hie
1154 3625 1329 3706 alloquitur,
1353 3624 1439 3703 quod
1455 3624 1540 3705 sigui·

97 3713 295 3788 dominatur,
319 3721 441 3789 quanto
457 3722 598 3791 temporo
613 3715 714 3774 vivit?
735 3714 792 3774 Su·
841 3712 932 3773 licant
946 3713 1121 3793 interposita
1135 3712 1243 3773 verba:
1261 3712 1441 3774 scientibus
1458 3714 1538 3774 maim

96 3799 204 3879 pociori
221 3803 320 3880 capite
339 3799 443 3861 docuit
457 3800 627 3882 Apostolus,
650 3798 793 3861 liberatos
843 3800 941 3875 lcpcm
967 3801 1089 3876 loquor.
1118 3799 1176 3859 Ubi
1203 3799 1302 3879 legem
1327 3798 1469 3860 nonnulli
1494 3795 1540 3858 vol

96 3904 161 3945 esse
182 3884 288 3946 fideles
304 3906 322 3944 a
338 3890 481 3947 servitute
503 3888 630 3966 peccati,
653 3888 793 3968 quoniam
842 3886 1039 3965 evangelium,
1062 3886 1113 3945 vel
1129 3893 1256 3946 naturae
1278 3885 1376 3964 legem
1400 3886 1537 3967 interpre·

95 3980 126 4032 ot
144 3971 201 4050 ipsi
215 3982 339 4052 peccato
363 3973 469 4033 mortui
485 3983 571 4034 erant
587 3973 620 4033 in
635 3972 792 4053 baptismo,
841 3982 957 4048 tantur3
995 3971 1049 4033 sed
1085 3981 1206 4051 praeter
1233 3981 1362 4032 mentem
1393 3968 1539 4053 Apostoll,

94 4066 124 4117 et
135 4067 293 4137 peccatum
306 4060 378 4138 ipsis
389 4067 544 4119 mortuum.
559 4060 650 4120 Nunc
663 4059 793 4120 ostendit
842 4079 930 4140 quem
947 4067 1066 4119 constat
1080 4058 1118 4118 de
1134 4059 1201 4138 loge
1214 4056 1342 4119 Judaois
1355 4059 1484 4137 propria
1500 4057 1538 4118 lo·

94 4143 234 4204 liberatos
247 4165 313 4205 esse
324 4166 342 4204 a
353 4148 499 4207 servituto
507 4146 591 4225 legis,
601 4148 698 4225 juxta,
711 4146 792 4225 qnod
841 4148 902 4226 qui,
925 4146 975 4207 vel
992 4166 1031 4206 ex
1046 4146 1103 4204 hoc
1119 4146 1185 4225 ipso
1216 4147 1287 4224 quia
1299 4143 1389 4205 dicit:
1412 4144 1538 4206 oetenti-

91 4230 227 4291 dixerat:
251 4233 324 4292 Non
347 4238 432 4292 enim
455 4233 511 4292 aab
538 4235 603 4308 lopo
626 4236 714 4307 eatis,
738 4233 792 4293 aed
841 4233 897 4292 bas
912 4234 1011 4308 lcpcm
1026 4233 1151 4308 loquor,
1175 4230 1207 4290 id
1223 4240 1276 4303 cst,
1299 4231 1429 4310 legisse
1450 4232 1537 4311 scrip

90 4318 148 4378 aab
163 4321 279 4393 pratia.
303 4317 443 4379 Ostendit
465 4327 565 4380 autem
586 4319 733 4379 consimili
747 4339 792 4379 ar
840 4327 974 4379 tinorum
999 4319 1112 4396 peritis.
1136 4318 1194 4379 Est
1217 4319 1296 4378 onim
1319 4316 1411 4377 valdo
1434 4316 1538 4399 probs·

91 4412 251 4483 gumento:
274 4407 347 4485 quia
373 4405 423 4466 lex
447 4407 518 4486 ipsis
541 4413 659 4465 mortua
683 4414 737 4474 est,
762 4413 792 4465 et
839 4405 901 4465 bilo
916 4407 947 4465 in
963 4405 1018 4465 hcc
1038 4405 1212 4487 parenthesi
1233 4404 1333 4483 legem
1357 4404 1481 4466 extendi
1503 4400 1537 4463 ad

88 4492 146 4570 ipsi
163 4492 295 4552 vicissim
319 4492 380 4571 legi
403 4494 521 4553 mortui.
546 4492 696 4572 Quoniam
719 4511 790 4552 vero
842 4512 944 4553 omnes
968 4491 1060 4552 libros
1080 4493 1192 4552 vetoris
1214 4490 1414 4566 instrumenti,
1437 4511 1536 4572 quem·

193 4669 217 4737 ¹)
236 4671 306 4722 vers.
329 4672 366 4723 12.
402 4666 576 4737 2)1εεε,111.
612 4665 637 4733 ³)
655 4670 726 4721 vers.
746 4670 771 4721 5.
806 4666 831 4736 ⁴]
850 4671 921 4723 vers.
943 4672 981 4723 12.
1012 4667 1037 4736 ³)
1056 4671 1126 4722 vers.
1146 4672 1187 4724 ²0.
1218 4667 1243 4738 ο)
1262 4670 1330 4723 less.
1349 4671 1392 4723 28.
1424 4666 1536 4738 ovete

90 4742 128 4795 15.
150 4742 188 4793 17.
223 4736 248 4805 ⁸)
268 4739 329 4804 cap.
348 4740 373 4806 2,
394 4741 433 4793 ts.
469 4736 495 4807 ⁰)
513 4739 603 4805 Ephes.
623 4740 646 4801 2,
665 4740 692 4794 t.
710 4750 765 4803 seu.
