<?xml version="1.0" encoding="UTF-8"?>
<!DOCTYPE html PUBLIC "-//W3C//DTD XHTML 1.0 Transitional//EN"
    "http://www.w3.org/TR/xhtml1/DTD/xhtml1-transitional.dtd">
<html xmlns="http://www.w3.org/1999/xhtml" xml:lang="en" lang="en">
 <head>
  <title>
</title>
<meta http-equiv="Content-Type" content="text/html;charset=utf-8" />
  <meta name='ocr-system' content='tesseract 3.04.00' />
  <meta name='ocr-capabilities' content='ocr_page ocr_carea ocr_par ocr_line ocrx_word'/>
</head>
<body>
  <div class='ocr_page' id='page_1' title='image "./guilielmiestiii00estigoog/guilielmiestiii00estigoog_0150.png"; bbox 0 0 3254 5190; ppageno 0'>
   <div class='ocr_carea' id='block_1_1' title="bbox 421 278 1496 358">
    <p class='ocr_par' dir='ltr' id='par_1_1' title="bbox 421 278 1496 358">
     <span class='ocr_line' id='line_1_1' title="bbox 421 278 1496 358; baseline 0.011 -25"><span class='ocrx_word' id='word_1_1' title='bbox 421 278 584 334; x_wconf 67' lang='lat' dir='ltr'><strong><em>tretonae</em></strong></span> <span class='ocrx_word' id='word_1_2' title='bbox 602 280 642 333; x_wconf 79' lang='lat' dir='ltr'><strong><em>AB</em></strong></span> <span class='ocrx_word' id='word_1_3' title='bbox 659 279 810 333; x_wconf 76' lang='lat' dir='ltr'><strong><em>ROMANOS.</em></strong></span> <span class='ocrx_word' id='word_1_4' title='bbox 830 279 915 333; x_wconf 74' lang='lat' dir='ltr'><strong><em>VERS.</em></strong></span> <span class='ocrx_word' id='word_1_5' title='bbox 934 281 959 333; x_wconf 80' lang='grc'><strong><em>9.</em></strong></span> <span class='ocrx_word' id='word_1_6' title='bbox 981 283 1019 335; x_wconf 84' lang='grc'><strong><em>10.</em></strong></span> <span class='ocrx_word' id='word_1_7' title='bbox 1040 284 1078 336; x_wconf 86' lang='lat' dir='ltr'><strong><em>ll.</em></strong></span> <span class='ocrx_word' id='word_1_8' title='bbox 1099 284 1138 336; x_wconf 84' lang='lat' dir='ltr'><strong><em>tt.</em></strong></span> <span class='ocrx_word' id='word_1_9' title='bbox 1426 291 1496 358; x_wconf 73' lang='lat'><strong><em>127</em></strong></span> 
     </span>
    </p>
   </div>
   <div class='ocr_carea' id='block_1_2' title="bbox 64 454 1494 622">
    <p class='ocr_par' dir='ltr' id='par_1_2' title="bbox 64 454 1494 622">
     <span class='ocr_line' id='line_1_2' title="bbox 65 454 1494 538; baseline 0.003 -22"><span class='ocrx_word' id='word_1_10' title='bbox 65 455 344 516; x_wconf 65' lang='lat' dir='ltr'><strong><em>inobservsndum.</em></strong></span> <span class='ocrx_word' id='word_1_11' title='bbox 368 456 448 517; x_wconf 84' lang='lat' dir='ltr'><strong><em>Nam</em></strong></span> <span class='ocrx_word' id='word_1_12' title='bbox 468 454 606 517; x_wconf 75' lang='lat' dir='ltr'><strong><em>Christus</em></strong></span> <span class='ocrx_word' id='word_1_13' title='bbox 622 458 750 517; x_wconf 84' lang='lat' dir='ltr'><strong><em>verbali-</em></strong></span> <span class='ocrx_word' id='word_1_14' title='bbox 799 457 836 517; x_wconf 86' lang='lat' dir='ltr'><strong><em>de</em></strong></span> <span class='ocrx_word' id='word_1_15' title='bbox 852 478 944 518; x_wconf 87' lang='lat' dir='ltr'><strong><em>resur.</em></strong></span> <span class='ocrx_word' id='word_1_16' title='bbox 963 458 1059 518; x_wconf 88' lang='lat' dir='ltr'><strong><em>earnis</em></strong></span> <span class='ocrx_word' id='word_1_17' title='bbox 1075 478 1139 538; x_wconf 84' lang='lat' dir='ltr'><strong><em>cap.</em></strong></span> <span class='ocrx_word' id='word_1_18' title='bbox 1157 462 1207 518; x_wconf 83' lang='lat'><strong><em>47.</em></strong></span> <span class='ocrx_word' id='word_1_19' title='bbox 1223 459 1313 538; x_wconf 85' lang='lat' dir='ltr'><strong><em>legit,</em></strong></span> <span class='ocrx_word' id='word_1_20' title='bbox 1330 468 1363 519; x_wconf 89' lang='lat' dir='ltr'><strong><em>ut</em></strong></span> <span class='ocrx_word' id='word_1_21' title='bbox 1377 456 1494 534; x_wconf 81' lang='lat' dir='ltr'><strong><em>Graeci,</em></strong></span> 
     </span>
     <span class='ocr_line' id='line_1_3' title="bbox 64 535 1493 622; baseline 0.004 -21"><span class='ocrx_word' id='word_1_22' title='bbox 64 553 97 602; x_wconf 78' lang='lat' dir='ltr'><strong><em>ter</em></strong></span> <span class='ocrx_word' id='word_1_23' title='bbox 107 543 174 602; x_wconf 83' lang='lat' dir='ltr'><strong><em>etin</em></strong></span> <span class='ocrx_word' id='word_1_24' title='bbox 189 545 360 622; x_wconf 80' lang='lat' dir='ltr'><strong><em>praeterito</em></strong></span> <span class='ocrx_word' id='word_1_25' title='bbox 375 535 538 619; x_wconf 75' lang='grc' dir='ltr'>ἀπέθανεν,</span> <span class='ocrx_word' id='word_1_26' title='bbox 553 544 582 604; x_wconf 86' lang='lat' dir='ltr'><strong><em>id</em></strong></span> <span class='ocrx_word' id='word_1_27' title='bbox 595 554 649 619; x_wconf 90' lang='lat' dir='ltr'><strong><em>est,</em></strong></span> <span class='ocrx_word' id='word_1_28' title='bbox 661 563 749 602; x_wconf 86' lang='lat' dir='ltr'><strong><em>mor·</em></strong></span> <span class='ocrx_word' id='word_1_29' title='bbox 799 546 843 603; x_wconf 77' lang='lat' dir='ltr'><strong><em>ori</em></strong></span> <span class='ocrx_word' id='word_1_30' title='bbox 860 545 1096 604; x_wconf 81' lang='lat' dir='ltr'><strong><em>obaudiendum</em></strong></span> <span class='ocrx_word' id='word_1_31' title='bbox 1112 547 1171 618; x_wconf 88' lang='lat' dir='ltr'><strong><em>illi,</em></strong></span> <span class='ocrx_word' id='word_1_32' title='bbox 1190 567 1246 605; x_wconf 91' lang='lat' dir='ltr'><strong><em>nen</em></strong></span> <span class='ocrx_word' id='word_1_33' title='bbox 1264 545 1377 606; x_wconf 88' lang='lat' dir='ltr'><strong><em>addens</em></strong></span> <span class='ocrx_word' id='word_1_34' title='bbox 1394 557 1493 608; x_wconf 69' lang='lat' dir='ltr'><strong><em>nmen</em></strong></span> 
     </span>
    </p>
   </div>
   <div class='ocr_carea' id='block_1_3' title="bbox 61 631 1497 798">
    <p class='ocr_par' dir='ltr' id='par_1_3' title="bbox 61 631 1497 798">
     <span class='ocr_line' id='line_1_4' title="bbox 62 631 1497 711; baseline 0.003 -22"><span class='ocrx_word' id='word_1_35' title='bbox 62 631 197 707; x_wconf 76' lang='lat' dir='ltr'><strong><em>tsuefuit</em></strong></span> <span class='ocrx_word' id='word_1_36' title='bbox 213 641 360 710; x_wconf 83' lang='lat' dir='ltr'><strong><em>peccet03</em></strong></span> <span class='ocrx_word' id='word_1_37' title='bbox 375 649 430 689; x_wconf 87' lang='lat' dir='ltr'><strong><em>uos</em></strong></span> <span class='ocrx_word' id='word_1_38' title='bbox 446 640 546 690; x_wconf 88' lang='lat' dir='ltr'><strong><em>autem</em></strong></span> <span class='ocrx_word' id='word_1_39' title='bbox 557 632 750 691; x_wconf 88' lang='lat' dir='ltr'><strong><em>nominaliter</em></strong></span> <span class='ocrx_word' id='word_1_40' title='bbox 798 641 911 710; x_wconf 88' lang='lat' dir='ltr'><strong><em>partem</em></strong></span> <span class='ocrx_word' id='word_1_41' title='bbox 943 643 1133 711; x_wconf 80' lang='lat' dir='ltr'>sequentem,</span> <span class='ocrx_word' id='word_1_42' title='bbox 1173 635 1207 690; x_wconf 88' lang='lat' dir='ltr'><strong><em>in</em></strong></span> <span class='ocrx_word' id='word_1_43' title='bbox 1237 638 1497 708; x_wconf 70' lang='lat' dir='ltr'><strong><em>concupiscentiis</em></strong></span> 
     </span>
     <span class='ocr_line' id='line_1_5' title="bbox 61 707 1495 798; baseline 0.007 -28"><span class='ocrx_word' id='word_1_44' title='bbox 61 707 161 792; x_wconf 68' lang='lat' dir='ltr'><strong><em>sapei,</em></strong></span> <span class='ocrx_word' id='word_1_45' title='bbox 186 716 220 775; x_wconf 90' lang='lat' dir='ltr'><strong><em>id</em></strong></span> <span class='ocrx_word' id='word_1_46' title='bbox 241 727 305 788; x_wconf 86' lang='lat' dir='ltr'><strong><em>est,</em></strong></span> <span class='ocrx_word' id='word_1_47' title='bbox 328 721 448 777; x_wconf 84' lang='lat' dir='ltr'><strong><em>mortui</em></strong></span> <span class='ocrx_word' id='word_1_48' title='bbox 470 727 593 798; x_wconf 86' lang='lat' dir='ltr'><strong><em>peccato</em></strong></span> <span class='ocrx_word' id='word_1_49' title='bbox 618 718 749 789; x_wconf 83' lang='lat' dir='ltr'><strong><em>dicimur,</em></strong></span> <span class='ocrx_word' id='word_1_50' title='bbox 799 722 884 791; x_wconf 63' lang='lat' dir='ltr'><strong><em>sius,-</em></strong></span> <span class='ocrx_word' id='word_1_51' title='bbox 914 717 989 777; x_wconf 83' lang='lat' dir='ltr'><strong><em>forte</em></strong></span> <span class='ocrx_word' id='word_1_52' title='bbox 1010 720 1157 797; x_wconf 88' lang='lat' dir='ltr'><strong><em>quianon</em></strong></span> <span class='ocrx_word' id='word_1_53' title='bbox 1174 721 1495 781; x_wconf 86' lang='lat' dir='ltr'><strong><em>totumcitarcvoluit.</em></strong></span> 
     </span>
    </p>
   </div>
   <div class='ocr_carea' id='block_1_4' title="bbox 59 802 1497 903">
    <p class='ocr_par' dir='ltr' id='par_1_4' title="bbox 59 802 1497 903">
     <span class='ocr_line' id='line_1_6' title="bbox 59 802 1497 903; baseline 0.015 -38"><span class='ocrx_word' id='word_1_54' title='bbox 59 802 155 862; x_wconf 71' lang='lat' dir='ltr'><strong><em>tulisti</em></strong></span> <span class='ocrx_word' id='word_1_55' title='bbox 168 811 273 862; x_wconf 63' lang='lat' dir='ltr'><strong><em>morte</em></strong></span> <span class='ocrx_word' id='word_1_56' title='bbox 287 813 450 883; x_wconf 65' lang='lat' dir='ltr'><strong><em>praesente</em></strong></span> <span class='ocrx_word' id='word_1_57' title='bbox 467 813 498 862; x_wconf 76' lang='grc' dir='ltr'><strong><em>θῑ</em></strong></span> <span class='ocrx_word' id='word_1_58' title='bbox 520 806 550 863; x_wconf 91' lang='lat' dir='ltr'><strong><em>iu</em></strong></span> <span class='ocrx_word' id='word_1_59' title='bbox 572 806 660 864; x_wconf 90' lang='lat' dir='ltr'><strong><em>uobis</em></strong></span> <span class='ocrx_word' id='word_1_60' title='bbox 683 824 747 883; x_wconf 57' lang='lat' dir='ltr'><strong><em>Pii·</em></strong></span> <span class='ocrx_word' id='word_1_61' title='bbox 841 822 1004 881; x_wconf 77' lang='lat' dir='ltr'><strong><em>Peccatum</em></strong></span> <span class='ocrx_word' id='word_1_62' title='bbox 1021 822 1160 900; x_wconf 86' lang='lat' dir='ltr'><strong><em>intelligit</em></strong></span> <span class='ocrx_word' id='word_1_63' title='bbox 1169 823 1330 901; x_wconf 90' lang='lat' dir='ltr'><strong><em>Apostolus</em></strong></span> <span class='ocrx_word' id='word_1_64' title='bbox 1342 827 1436 903; x_wconf 86' lang='lat' dir='ltr'><strong><em>ipsam</em></strong></span> <span class='ocrx_word' id='word_1_65' title='bbox 1446 827 1497 885; x_wconf 89' lang='lat' dir='ltr'><strong><em>ha·</em></strong></span> 
     </span>
    </p>
   </div>
   <div class='ocr_carea' id='block_1_5' title="bbox 58 889 1495 1036">
    <p class='ocr_par' dir='ltr' id='par_1_5' title="bbox 58 889 1495 1036">
     <span class='ocr_line' id='line_1_7' title="bbox 58 889 1495 992; baseline 0.005 -28"><span class='ocrx_word' id='word_1_66' title='bbox 58 898 199 991; x_wconf 52' lang='grc' dir='ltr'><strong>Μῗῃῗξὶ</strong></span> <span class='ocrx_word' id='word_1_67' title='bbox 224 910 294 948; x_wconf 70' lang='lat'><strong><em>0⁰⁰¹</em></strong></span> <span class='ocrx_word' id='word_1_68' title='bbox 320 892 349 950; x_wconf 56' lang='lat'><strong><em>5¹¹</em></strong></span> <span class='ocrx_word' id='word_1_69' title='bbox 371 889 488 992; x_wconf 59' lang='lat' dir='ltr'><strong><em>Ollfiflw</em></strong></span> <span class='ocrx_word' id='word_1_70' title='bbox 504 890 749 970; x_wconf 50' lang='grc' dir='ltr'><strong><em>ΡΟΒἙΡΜῙῙΠῙἮῙ1</em></strong></span> <span class='ocrx_word' id='word_1_71' title='bbox 797 908 939 968; x_wconf 83' lang='lat' dir='ltr'><strong><em>bitualonr</em></strong></span> <span class='ocrx_word' id='word_1_72' title='bbox 956 910 1235 987; x_wconf 80' lang='lat' dir='ltr'><strong><em>concupiscentiam,</em></strong></span> <span class='ocrx_word' id='word_1_73' title='bbox 1252 922 1386 990; x_wconf 89' lang='lat' dir='ltr'><strong><em>quaeest</em></strong></span> <span class='ocrx_word' id='word_1_74' title='bbox 1400 913 1495 973; x_wconf 85' lang='lat' dir='ltr'><strong><em>fomes</em></strong></span> 
     </span>
     <span class='ocr_line' id='line_1_8' title="bbox 58 985 427 1036; baseline 0 -2"><span class='ocrx_word' id='word_1_75' title='bbox 58 986 129 1035; x_wconf 75' lang='lat' dir='ltr'><strong><em>nom</em></strong></span> <span class='ocrx_word' id='word_1_76' title='bbox 144 987 214 1035; x_wconf 81' lang='lat' dir='ltr'><strong><em>rita</em></strong></span> <span class='ocrx_word' id='word_1_77' title='bbox 238 985 427 1036; x_wconf 81' lang='lat' dir='ltr'><strong><em>successerit.</em></strong></span> 
     </span>
    </p>
   </div>
   <div class='ocr_carea' id='block_1_6' title="bbox 56 1065 749 4082">
    <p class='ocr_par' dir='ltr' id='par_1_6' title="bbox 57 1065 749 1729">
     <span class='ocr_line' id='line_1_9' title="bbox 91 1065 749 1140; baseline -0.003 -18"><span class='ocrx_word' id='word_1_78' title='bbox 91 1067 134 1122; x_wconf 76' lang='lat'><strong><em>1‘2.</em></strong></span> <span class='ocrx_word' id='word_1_79' title='bbox 159 1065 240 1122; x_wconf 85' lang='lat' dir='ltr'><strong><em>Non</em></strong></span> <span class='ocrx_word' id='word_1_80' title='bbox 253 1081 329 1139; x_wconf 71' lang='lat' dir='ltr'><strong><em>erqo</em></strong></span> <span class='ocrx_word' id='word_1_81' title='bbox 346 1072 456 1138; x_wconf 69' lang='lat' dir='ltr'><strong><em>coquet</em></strong></span> <span class='ocrx_word' id='word_1_82' title='bbox 466 1071 630 1140; x_wconf 79' lang='lat' dir='ltr'><strong><em>peccatum</em></strong></span> <span class='ocrx_word' id='word_1_83' title='bbox 647 1067 682 1120; x_wconf 87' lang='lat' dir='ltr'><strong><em>in</em></strong></span> <span class='ocrx_word' id='word_1_84' title='bbox 698 1081 749 1120; x_wconf 80' lang='lat' dir='ltr'><strong><em>oe·</em></strong></span> 
     </span>
     <span class='ocr_line' id='line_1_10' title="bbox 57 1151 749 1226; baseline -0.001 -18"><span class='ocrx_word' id='word_1_85' title='bbox 57 1158 110 1208; x_wconf 84' lang='lat' dir='ltr'><strong><em>stro</em></strong></span> <span class='ocrx_word' id='word_1_86' title='bbox 124 1152 265 1209; x_wconf 80' lang='lat' dir='ltr'><strong><em>mortali</em></strong></span> <span class='ocrx_word' id='word_1_87' title='bbox 280 1169 425 1226; x_wconf 81' lang='lat' dir='ltr'><strong><em>corpore,</em></strong></span> <span class='ocrx_word' id='word_1_88' title='bbox 453 1159 489 1210; x_wconf 88' lang='lat' dir='ltr'><strong><em>ut</em></strong></span> <span class='ocrx_word' id='word_1_89' title='bbox 505 1151 657 1210; x_wconf 79' lang='lat' dir='ltr'><strong><em>obediatis</em></strong></span> <span class='ocrx_word' id='word_1_90' title='bbox 672 1169 749 1208; x_wconf 87' lang='lat' dir='ltr'><strong><em>con-</em></strong></span> 
     </span>
     <span class='ocr_line' id='line_1_11' title="bbox 57 1236 749 1314; baseline -0.004 -19"><span class='ocrx_word' id='word_1_91' title='bbox 57 1240 250 1312; x_wconf 67' lang='lat' dir='ltr'><strong><em>cupiscentiis</em></strong></span> <span class='ocrx_word' id='word_1_92' title='bbox 267 1241 342 1311; x_wconf 78' lang='lat' dir='ltr'><strong><em>ejus.</em></strong></span> <span class='ocrx_word' id='word_1_93' title='bbox 361 1237 428 1297; x_wconf 89' lang='lat' dir='ltr'><strong><em>Hoc</em></strong></span> <span class='ocrx_word' id='word_1_94' title='bbox 443 1239 507 1297; x_wconf 91' lang='lat' dir='ltr'><strong><em>loco</em></strong></span> <span class='ocrx_word' id='word_1_95' title='bbox 525 1239 631 1297; x_wconf 88' lang='lat' dir='ltr'><strong><em>tertius</em></strong></span> <span class='ocrx_word' id='word_1_96' title='bbox 646 1236 749 1314; x_wconf 85' lang='lat' dir='ltr'><strong><em>incipit</em></strong></span> 
     </span>
     <span class='ocr_line' id='line_1_12' title="bbox 58 1323 747 1402; baseline -0.001 -21"><span class='ocrx_word' id='word_1_97' title='bbox 58 1334 137 1382; x_wconf 76' lang='lat' dir='ltr'><strong><em>uuus</em></strong></span> <span class='ocrx_word' id='word_1_98' title='bbox 154 1323 251 1401; x_wconf 80' lang='lat' dir='ltr'><strong><em>liujus</em></strong></span> <span class='ocrx_word' id='word_1_99' title='bbox 268 1325 417 1402; x_wconf 88' lang='lat' dir='ltr'><strong><em>epistolae</em></strong></span> <span class='ocrx_word' id='word_1_100' title='bbox 433 1324 594 1385; x_wconf 88' lang='lat' dir='ltr'><strong><em>secundum</em></strong></span> <span class='ocrx_word' id='word_1_101' title='bbox 607 1323 747 1382; x_wconf 89' lang='lat' dir='ltr'><strong><em>Theodo-</em></strong></span> 
     </span>
     <span class='ocr_line' id='line_1_13' title="bbox 59 1410 749 1491; baseline -0.001 -22"><span class='ocrx_word' id='word_1_102' title='bbox 59 1424 145 1469; x_wconf 85' lang='lat' dir='ltr'><strong><em>retnm.</em></strong></span> <span class='ocrx_word' id='word_1_103' title='bbox 163 1411 224 1470; x_wconf 79' lang='lat' dir='ltr'><strong><em>Est</em></strong></span> <span class='ocrx_word' id='word_1_104' title='bbox 247 1413 326 1470; x_wconf 89' lang='lat' dir='ltr'><strong><em>enirn</em></strong></span> <span class='ocrx_word' id='word_1_105' title='bbox 349 1412 399 1471; x_wconf 88' lang='lat' dir='ltr'><strong><em>hic</em></strong></span> <span class='ocrx_word' id='word_1_106' title='bbox 418 1411 539 1491; x_wconf 90' lang='lat' dir='ltr'><strong><em>quidam</em></strong></span> <span class='ocrx_word' id='word_1_107' title='bbox 564 1410 706 1469; x_wconf 83' lang='lat' dir='ltr'><strong><em>transitus</em></strong></span> <span class='ocrx_word' id='word_1_108' title='bbox 730 1430 749 1468; x_wconf 87' lang='lat' dir='ltr'><strong><em>a</em></strong></span> 
     </span>
     <span class='ocr_line' id='line_1_14' title="bbox 59 1494 749 1574; baseline 0 -20"><span class='ocrx_word' id='word_1_109' title='bbox 59 1494 179 1556; x_wconf 50' lang='lat' dir='ltr'><strong><em>&amp;uina</em></strong></span> <span class='ocrx_word' id='word_1_110' title='bbox 197 1496 239 1557; x_wconf 81' lang='lat' dir='ltr'><strong><em>sd</em></strong></span> <span class='ocrx_word' id='word_1_111' title='bbox 255 1517 372 1556; x_wconf 90' lang='lat' dir='ltr'><strong><em>morum</em></strong></span> <span class='ocrx_word' id='word_1_112' title='bbox 388 1497 640 1569; x_wconf 81' lang='lat' dir='ltr'><strong><em>informationem,</em></strong></span> <span class='ocrx_word' id='word_1_113' title='bbox 668 1514 749 1574; x_wconf 70' lang='lat' dir='ltr'><strong><em>(luae</em></strong></span> 
     </span>
     <span class='ocr_line' id='line_1_15' title="bbox 59 1583 748 1663; baseline -0.001 -21"><span class='ocrx_word' id='word_1_114' title='bbox 59 1594 143 1643; x_wconf 75' lang='lat' dir='ltr'><strong><em>tamen</em></strong></span> <span class='ocrx_word' id='word_1_115' title='bbox 158 1586 230 1663; x_wconf 78' lang='lat' dir='ltr'><strong><em>ipss</em></strong></span> <span class='ocrx_word' id='word_1_116' title='bbox 246 1585 373 1643; x_wconf 91' lang='lat' dir='ltr'><strong><em>multum</em></strong></span> <span class='ocrx_word' id='word_1_117' title='bbox 396 1587 483 1644; x_wconf 84' lang='lat' dir='ltr'><strong><em>etism</em></strong></span> <span class='ocrx_word' id='word_1_118' title='bbox 506 1583 657 1643; x_wconf 86' lang='lat' dir='ltr'><strong><em>doctrinae</em></strong></span> <span class='ocrx_word' id='word_1_119' title='bbox 680 1602 748 1641; x_wconf 89' lang='lat' dir='ltr'><strong><em>cou-</em></strong></span> 
     </span>
     <span class='ocr_line' id='line_1_16' title="bbox 61 1670 128 1729; baseline 0.015 -1"><span class='ocrx_word' id='word_1_120' title='bbox 61 1670 128 1729; x_wconf 83' lang='lat' dir='ltr'><strong><em>tinet</em></strong></span> 
     </span>
    </p>

    <p class='ocr_par' dir='ltr' id='par_1_7' title="bbox 57 1758 747 3115">
     <span class='ocr_line' id='line_1_17' title="bbox 92 1758 747 1837; baseline -0.006 -20"><span class='ocrx_word' id='word_1_121' title='bbox 92 1758 129 1817; x_wconf 80' lang='lat' dir='ltr'><strong><em>i&#39;t</em></strong></span> <span class='ocrx_word' id='word_1_122' title='bbox 142 1768 253 1817; x_wconf 79' lang='lat' dir='ltr'><strong><em>sutem</em></strong></span> <span class='ocrx_word' id='word_1_123' title='bbox 269 1758 364 1831; x_wconf 89' lang='lat' dir='ltr'><strong><em>haee,</em></strong></span> <span class='ocrx_word' id='word_1_124' title='bbox 381 1767 504 1837; x_wconf 78' lang='lat' dir='ltr'><strong><em>atquae</em></strong></span> <span class='ocrx_word' id='word_1_125' title='bbox 520 1763 684 1835; x_wconf 86' lang='lat' dir='ltr'><strong><em>sequuntur</em></strong></span> <span class='ocrx_word' id='word_1_126' title='bbox 699 1775 747 1815; x_wconf 86' lang='lat' dir='ltr'><strong><em>us-</em></strong></span> 
     </span>
     <span class='ocr_line' id='line_1_18' title="bbox 61 1843 746 1923; baseline -0.007 -21"><span class='ocrx_word' id='word_1_127' title='bbox 61 1863 106 1923; x_wconf 82' lang='lat' dir='ltr'><strong><em>qne</em></strong></span> <span class='ocrx_word' id='word_1_128' title='bbox 118 1844 158 1903; x_wconf 81' lang='lat' dir='ltr'><strong><em>sd</em></strong></span> <span class='ocrx_word' id='word_1_129' title='bbox 173 1845 268 1904; x_wconf 85' lang='lat' dir='ltr'><strong><em>tinem</em></strong></span> <span class='ocrx_word' id='word_1_130' title='bbox 284 1847 397 1923; x_wconf 81' lang='lat' dir='ltr'><strong><em>eapitis,</em></strong></span> <span class='ocrx_word' id='word_1_131' title='bbox 412 1844 516 1903; x_wconf 89' lang='lat' dir='ltr'><strong><em>melius</em></strong></span> <span class='ocrx_word' id='word_1_132' title='bbox 533 1843 746 1921; x_wconf 86' lang='lat' dir='ltr'><strong><em>intelligantur,</em></strong></span> 
     </span>
     <span class='ocr_line' id='line_1_19' title="bbox 61 1928 746 2010; baseline -0.003 -22"><span class='ocrx_word' id='word_1_133' title='bbox 61 1930 238 1991; x_wconf 81' lang='lat' dir='ltr'><strong><em>observanda</em></strong></span> <span class='ocrx_word' id='word_1_134' title='bbox 254 1941 303 1990; x_wconf 85' lang='lat' dir='ltr'><strong><em>cst</em></strong></span> <span class='ocrx_word' id='word_1_135' title='bbox 318 1929 369 2007; x_wconf 89' lang='lat' dir='ltr'><strong><em>(dc</em></strong></span> <span class='ocrx_word' id='word_1_136' title='bbox 385 1950 445 2010; x_wconf 89' lang='lat' dir='ltr'><strong><em>quo</em></strong></span> <span class='ocrx_word' id='word_1_137' title='bbox 458 1939 489 1991; x_wconf 91' lang='lat' dir='ltr'><strong><em>et</em></strong></span> <span class='ocrx_word' id='word_1_138' title='bbox 501 1932 635 2009; x_wconf 88' lang='lat' dir='ltr'><strong><em>superius</em></strong></span> <span class='ocrx_word' id='word_1_139' title='bbox 648 1928 746 1986; x_wconf 86' lang='lat' dir='ltr'><strong><em>adrao-</em></strong></span> 
     </span>
     <span class='ocr_line' id='line_1_20' title="bbox 60 2016 746 2097; baseline -0.007 -20"><span class='ocrx_word' id='word_1_140' title='bbox 60 2016 107 2092; x_wconf 87' lang='lat' dir='ltr'><strong><em>uni)</em></strong></span> <span class='ocrx_word' id='word_1_141' title='bbox 115 2038 316 2097; x_wconf 86' lang='lat' dir='ltr'><strong><em>personarum</em></strong></span> <span class='ocrx_word' id='word_1_142' title='bbox 327 2019 405 2078; x_wconf 85' lang='lat' dir='ltr'><strong><em>fictio</em></strong></span> <span class='ocrx_word' id='word_1_143' title='bbox 417 2016 564 2097; x_wconf 80' lang='lat' dir='ltr'><strong><em>quaedam</em></strong></span> <span class='ocrx_word' id='word_1_144' title='bbox 582 2019 746 2094; x_wconf 81' lang='lat' dir='ltr'><strong><em>inperante</em></strong></span> 
     </span>
     <span class='ocr_line' id='line_1_21' title="bbox 59 2104 746 2182; baseline -0.006 -19"><span class='ocrx_word' id='word_1_145' title='bbox 59 2116 80 2163; x_wconf 87' lang='lat' dir='ltr'><strong><em>et</em></strong></span> <span class='ocrx_word' id='word_1_146' title='bbox 87 2106 213 2182; x_wconf 82' lang='lat' dir='ltr'><strong><em>justitia.</em></strong></span> <span class='ocrx_word' id='word_1_147' title='bbox 239 2106 343 2182; x_wconf 77' lang='lat' dir='ltr'><strong><em>Fingit</em></strong></span> <span class='ocrx_word' id='word_1_148' title='bbox 358 2107 435 2164; x_wconf 90' lang='lat' dir='ltr'><strong><em>euim</em></strong></span> <span class='ocrx_word' id='word_1_149' title='bbox 451 2121 501 2162; x_wconf 87' lang='lat' dir='ltr'><strong><em>cas</em></strong></span> <span class='ocrx_word' id='word_1_150' title='bbox 516 2112 549 2161; x_wconf 95' lang='lat' dir='ltr'><strong><em>ut</em></strong></span> <span class='ocrx_word' id='word_1_151' title='bbox 563 2104 682 2180; x_wconf 84' lang='lat' dir='ltr'><strong><em>reginas</em></strong></span> <span class='ocrx_word' id='word_1_152' title='bbox 694 2121 746 2159; x_wconf 89' lang='lat' dir='ltr'><strong><em>seu</em></strong></span> 
     </span>
     <span class='ocr_line' id='line_1_22' title="bbox 59 2188 745 2270; baseline -0.01 -18"><span class='ocrx_word' id='word_1_153' title='bbox 59 2190 178 2252; x_wconf 75' lang='lat' dir='ltr'><strong><em>lomim</em></strong></span> <span class='ocrx_word' id='word_1_154' title='bbox 195 2188 279 2266; x_wconf 76' lang='lat' dir='ltr'><strong><em>(nom</em></strong></span> <span class='ocrx_word' id='word_1_155' title='bbox 295 2202 454 2270; x_wconf 84' lang='lat' dir='ltr'><strong><em>utrumque</em></strong></span> <span class='ocrx_word' id='word_1_156' title='bbox 469 2191 499 2249; x_wconf 91' lang='lat' dir='ltr'><strong><em>in</em></strong></span> <span class='ocrx_word' id='word_1_157' title='bbox 514 2188 629 2249; x_wconf 88' lang='lat' dir='ltr'><strong><em>Gracco</em></strong></span> <span class='ocrx_word' id='word_1_158' title='bbox 645 2189 745 2246; x_wconf 83' lang='lat' dir='ltr'><strong><em>faemi-</em></strong></span> 
     </span>
     <span class='ocr_line' id='line_1_23' title="bbox 59 2275 746 2356; baseline -0.009 -18"><span class='ocrx_word' id='word_1_159' title='bbox 59 2280 141 2338; x_wconf 86' lang='lat' dir='ltr'><strong><em>ninnm</em></strong></span> <span class='ocrx_word' id='word_1_160' title='bbox 159 2275 240 2353; x_wconf 83' lang='lat' dir='ltr'><strong><em>est),</em></strong></span> <span class='ocrx_word' id='word_1_161' title='bbox 258 2278 391 2356; x_wconf 78' lang='lat' dir='ltr'><strong><em>singulas</em></strong></span> <span class='ocrx_word' id='word_1_162' title='bbox 408 2280 492 2336; x_wconf 89' lang='lat' dir='ltr'><strong><em>suuiu</em></strong></span> <span class='ocrx_word' id='word_1_163' title='bbox 515 2275 659 2334; x_wconf 82' lang='lat' dir='ltr'><strong><em>habentes</em></strong></span> <span class='ocrx_word' id='word_1_164' title='bbox 682 2295 746 2352; x_wconf 81' lang='lat' dir='ltr'><strong><em>reg</em></strong></span> 
     </span>
     <span class='ocr_line' id='line_1_24' title="bbox 58 2361 745 2436; baseline -0.007 -13"><span class='ocrx_word' id='word_1_165' title='bbox 58 2386 110 2424; x_wconf 84' lang='lat' dir='ltr'><strong><em>nens</em></strong></span> <span class='ocrx_word' id='word_1_166' title='bbox 124 2386 161 2426; x_wconf 81' lang='lat' dir='ltr'><strong><em>se</em></strong></span> <span class='ocrx_word' id='word_1_167' title='bbox 177 2363 355 2436; x_wconf 80' lang='lat' dir='ltr'><strong><em>demissium,</em></strong></span> <span class='ocrx_word' id='word_1_168' title='bbox 372 2365 494 2423; x_wconf 85' lang='lat' dir='ltr'><strong><em>altorum</em></strong></span> <span class='ocrx_word' id='word_1_169' title='bbox 506 2361 591 2420; x_wconf 85' lang='lat' dir='ltr'><strong><em>elteri</em></strong></span> <span class='ocrx_word' id='word_1_170' title='bbox 604 2363 745 2420; x_wconf 86' lang='lat' dir='ltr'><strong><em>contrari-</em></strong></span> 
     </span>
     <span class='ocr_line' id='line_1_25' title="bbox 58 2450 745 2529; baseline -0.007 -19"><span class='ocrx_word' id='word_1_171' title='bbox 58 2470 107 2525; x_wconf 73' lang='lat' dir='ltr'><strong><em>un,</em></strong></span> <span class='ocrx_word' id='word_1_172' title='bbox 120 2452 289 2511; x_wconf 84' lang='lat' dir='ltr'><strong><em>humanum</em></strong></span> <span class='ocrx_word' id='word_1_173' title='bbox 304 2471 378 2510; x_wconf 85' lang='lat' dir='ltr'><strong><em>vero</em></strong></span> <span class='ocrx_word' id='word_1_174' title='bbox 394 2468 502 2529; x_wconf 84' lang='lat' dir='ltr'><strong><em>genus,</em></strong></span> <span class='ocrx_word' id='word_1_175' title='bbox 519 2468 611 2526; x_wconf 87' lang='lat' dir='ltr'><strong><em>regno</em></strong></span> <span class='ocrx_word' id='word_1_176' title='bbox 631 2450 745 2526; x_wconf 90' lang='lat' dir='ltr'><strong><em>pcccati</em></strong></span> 
     </span>
     <span class='ocr_line' id='line_1_26' title="bbox 58 2534 746 2615; baseline -0.009 -17"><span class='ocrx_word' id='word_1_177' title='bbox 58 2538 213 2610; x_wconf 84' lang='lat' dir='ltr'><strong><em>subditum,</em></strong></span> <span class='ocrx_word' id='word_1_178' title='bbox 238 2557 295 2615; x_wconf 88' lang='lat' dir='ltr'><strong><em>per</em></strong></span> <span class='ocrx_word' id='word_1_179' title='bbox 317 2535 430 2596; x_wconf 75' lang='lat' dir='ltr'><strong><em>Christi</em></strong></span> <span class='ocrx_word' id='word_1_180' title='bbox 453 2538 578 2613; x_wconf 80' lang='lat' dir='ltr'><strong><em>gratiam</em></strong></span> <span class='ocrx_word' id='word_1_181' title='bbox 601 2534 746 2611; x_wconf 89' lang='lat' dir='ltr'><strong><em>paulatim</em></strong></span> 
     </span>
     <span class='ocr_line' id='line_1_27' title="bbox 58 2619 744 2684; baseline -0.009 0"><span class='ocrx_word' id='word_1_182' title='bbox 58 2644 85 2684; x_wconf 83' lang='lat' dir='ltr'><strong><em>ex</em></strong></span> <span class='ocrx_word' id='word_1_183' title='bbox 103 2645 136 2684; x_wconf 78' lang='lat' dir='ltr'><strong><em>es</em></strong></span> <span class='ocrx_word' id='word_1_184' title='bbox 160 2626 312 2683; x_wconf 83' lang='lat' dir='ltr'><strong><em>servitute</em></strong></span> <span class='ocrx_word' id='word_1_185' title='bbox 333 2623 452 2683; x_wconf 78' lang='lat' dir='ltr'><strong><em>liberari</em></strong></span> <span class='ocrx_word' id='word_1_186' title='bbox 478 2643 512 2680; x_wconf 89' lang='lat' dir='ltr'><strong><em>sc</em></strong></span> <span class='ocrx_word' id='word_1_187' title='bbox 536 2619 691 2680; x_wconf 82' lang='lat' dir='ltr'><strong><em>transferri</em></strong></span> <span class='ocrx_word' id='word_1_188' title='bbox 716 2622 744 2678; x_wconf 91' lang='lat' dir='ltr'><strong><em>iu</em></strong></span> 
     </span>
     <span class='ocr_line' id='line_1_28' title="bbox 58 2707 744 2790; baseline -0.012 -19"><span class='ocrx_word' id='word_1_189' title='bbox 58 2729 161 2790; x_wconf 59' lang='lat' dir='ltr'><strong><em>mum</em></strong></span> <span class='ocrx_word' id='word_1_190' title='bbox 174 2710 328 2788; x_wconf 87' lang='lat' dir='ltr'><strong><em>justitiae.</em></strong></span> <span class='ocrx_word' id='word_1_191' title='bbox 345 2709 395 2769; x_wconf 86' lang='lat' dir='ltr'><strong><em>Sic</em></strong></span> <span class='ocrx_word' id='word_1_192' title='bbox 410 2715 507 2768; x_wconf 84' lang='lat' dir='ltr'><strong><em>sutem</em></strong></span> <span class='ocrx_word' id='word_1_193' title='bbox 524 2707 664 2766; x_wconf 89' lang='lat' dir='ltr'><strong><em>liberatos</em></strong></span> <span class='ocrx_word' id='word_1_194' title='bbox 677 2707 744 2763; x_wconf 81' lang='lat' dir='ltr'><strong><em>her·</em></strong></span> 
     </span>
     <span class='ocr_line' id='line_1_29' title="bbox 58 2794 745 2874; baseline -0.009 -18"><span class='ocrx_word' id='word_1_195' title='bbox 58 2808 128 2869; x_wconf 79' lang='lat' dir='ltr'><strong><em>uror,</em></strong></span> <span class='ocrx_word' id='word_1_196' title='bbox 143 2817 184 2857; x_wconf 86' lang='lat' dir='ltr'><strong><em>ne</em></strong></span> <span class='ocrx_word' id='word_1_197' title='bbox 200 2815 272 2855; x_wconf 87' lang='lat' dir='ltr'><strong><em>sese</em></strong></span> <span class='ocrx_word' id='word_1_198' title='bbox 287 2815 391 2855; x_wconf 86' lang='lat' dir='ltr'><strong><em>rursus</em></strong></span> <span class='ocrx_word' id='word_1_199' title='bbox 402 2815 457 2874; x_wconf 88' lang='lat' dir='ltr'><strong><em>per</em></strong></span> <span class='ocrx_word' id='word_1_200' title='bbox 472 2803 664 2874; x_wconf 86' lang='lat' dir='ltr'><strong><em>spontaneam</em></strong></span> <span class='ocrx_word' id='word_1_201' title='bbox 677 2794 745 2852; x_wconf 85' lang='lat' dir='ltr'><strong><em>obe-</em></strong></span> 
     </span>
     <span class='ocr_line' id='line_1_30' title="bbox 58 2880 745 2960; baseline -0.009 -18"><span class='ocrx_word' id='word_1_202' title='bbox 58 2880 186 2944; x_wconf 69' lang='lat' dir='ltr'><strong><em>dotum</em></strong></span> <span class='ocrx_word' id='word_1_203' title='bbox 215 2884 247 2940; x_wconf 93' lang='lat' dir='ltr'><strong><em>in</em></strong></span> <span class='ocrx_word' id='word_1_204' title='bbox 276 2884 402 2960; x_wconf 84' lang='lat' dir='ltr'><strong><em>priorem</em></strong></span> <span class='ocrx_word' id='word_1_205' title='bbox 431 2882 544 2959; x_wconf 80' lang='lat' dir='ltr'><strong><em>peccati</em></strong></span> <span class='ocrx_word' id='word_1_206' title='bbox 569 2881 745 2938; x_wconf 88' lang='lat' dir='ltr'><strong><em>servitutem</em></strong></span> 
     </span>
     <span class='ocr_line' id='line_1_31' title="bbox 58 2965 745 3048; baseline -0.006 -20"><span class='ocrx_word' id='word_1_207' title='bbox 58 2969 135 3048; x_wconf 85' lang='lat' dir='ltr'><strong><em>redigi</em></strong></span> <span class='ocrx_word' id='word_1_208' title='bbox 150 2971 263 3028; x_wconf 74' lang='lat' dir='ltr'><strong><em>sinam.</em></strong></span> <span class='ocrx_word' id='word_1_209' title='bbox 278 2967 424 3047; x_wconf 80' lang='lat' dir='ltr'><strong><em>Quaeres</em></strong></span> <span class='ocrx_word' id='word_1_210' title='bbox 438 2986 477 3026; x_wconf 85' lang='lat' dir='ltr'><strong><em>ex</em></strong></span> <span class='ocrx_word' id='word_1_211' title='bbox 493 2965 687 3046; x_wconf 90' lang='lat' dir='ltr'><strong><em>sequentibus</em></strong></span> <span class='ocrx_word' id='word_1_212' title='bbox 695 2966 745 3024; x_wconf 84' lang='lat' dir='ltr'><strong><em>fiet</em></strong></span> 
     </span>
     <span class='ocr_line' id='line_1_32' title="bbox 57 3056 237 3115; baseline -0.028 0"><span class='ocrx_word' id='word_1_213' title='bbox 57 3056 237 3115; x_wconf 71' lang='lat' dir='ltr'><strong><em>manifestior.</em></strong></span> 
     </span>
    </p>

    <p class='ocr_par' dir='ltr' id='par_1_8' title="bbox 56 3139 744 4082">
     <span class='ocr_line' id='line_1_33' title="bbox 89 3139 744 3223; baseline -0.009 -21"><span class='ocrx_word' id='word_1_214' title='bbox 89 3141 175 3223; x_wconf 77' lang='lat' dir='ltr'><strong><em>Quod</em></strong></span> <span class='ocrx_word' id='word_1_215' title='bbox 191 3159 249 3201; x_wconf 88' lang='lat' dir='ltr'><strong><em>uos</em></strong></span> <span class='ocrx_word' id='word_1_216' title='bbox 265 3139 422 3209; x_wconf 88' lang='lat' dir='ltr'><strong><em>habemus,</em></strong></span> <span class='ocrx_word' id='word_1_217' title='bbox 445 3148 484 3198; x_wconf 89' lang='lat' dir='ltr'><strong><em>ut</em></strong></span> <span class='ocrx_word' id='word_1_218' title='bbox 500 3140 652 3199; x_wconf 81' lang='lat' dir='ltr'><strong><em>obedietis</em></strong></span> <span class='ocrx_word' id='word_1_219' title='bbox 668 3157 744 3197; x_wconf 88' lang='lat' dir='ltr'><strong><em>con·</em></strong></span> 
     </span>
     <span class='ocr_line' id='line_1_34' title="bbox 58 3224 743 3304; baseline -0.006 -18"><span class='ocrx_word' id='word_1_220' title='bbox 58 3230 246 3304; x_wconf 67' lang='lat' dir='ltr'><strong><em>opinentur</em></strong></span> <span class='ocrx_word' id='word_1_221' title='bbox 260 3231 344 3301; x_wconf 80' lang='lat' dir='ltr'><strong><em>ejus,</em></strong></span> <span class='ocrx_word' id='word_1_222' title='bbox 370 3229 409 3285; x_wconf 86' lang='lat' dir='ltr'><strong><em>ita</em></strong></span> <span class='ocrx_word' id='word_1_223' title='bbox 432 3227 540 3304; x_wconf 84' lang='lat' dir='ltr'><strong><em>legitur</em></strong></span> <span class='ocrx_word' id='word_1_224' title='bbox 567 3226 596 3284; x_wconf 91' lang='lat' dir='ltr'><strong><em>in</em></strong></span> <span class='ocrx_word' id='word_1_225' title='bbox 612 3224 743 3285; x_wconf 86' lang='lat' dir='ltr'><strong><em>Graeco:</em></strong></span> 
     </span>
     <span class='ocr_line' id='line_1_35' title="bbox 59 3303 744 3391; baseline -0.006 -20"><span class='ocrx_word' id='word_1_226' title='bbox 59 3306 92 3380; x_wconf 76' lang='lat' dir='ltr'><strong><em>ti:</em></strong></span> <span class='ocrx_word' id='word_1_227' title='bbox 116 3309 151 3373; x_wconf 81' lang='grc' dir='ltr'><strong><em>τὸ</em></strong></span> <span class='ocrx_word' id='word_1_228' title='bbox 184 3307 349 3372; x_wconf 79' lang='grc' dir='ltr'>ὑπακούειν</span> <span class='ocrx_word' id='word_1_229' title='bbox 378 3304 457 3391; x_wconf 75' lang='grc' dir='ltr'>αὐτῇ</span> <span class='ocrx_word' id='word_1_230' title='bbox 479 3304 510 3369; x_wconf 77' lang='grc' dir='ltr'><strong><em>ἐν</em></strong></span> <span class='ocrx_word' id='word_1_231' title='bbox 539 3313 614 3377; x_wconf 76' lang='grc' dir='ltr'>ταῖς</span> <span class='ocrx_word' id='word_1_232' title='bbox 637 3303 744 3368; x_wconf 72' lang='grc' dir='ltr'>ἐπιθυ-</span> 
     </span>
     <span class='ocr_line' id='line_1_36' title="bbox 58 3393 744 3473; baseline -0.001 -17"><span class='ocrx_word' id='word_1_233' title='bbox 58 3395 127 3473; x_wconf 73' lang='lat' dir='ltr'><strong><em>piu:</em></strong></span> <span class='ocrx_word' id='word_1_234' title='bbox 149 3393 265 3473; x_wconf 76' lang='lat' dir='ltr'><strong><em>atron,</em></strong></span> <span class='ocrx_word' id='word_1_235' title='bbox 290 3399 320 3458; x_wconf 92' lang='lat' dir='ltr'><strong><em>id</em></strong></span> <span class='ocrx_word' id='word_1_236' title='bbox 348 3408 409 3465; x_wconf 85' lang='lat' dir='ltr'><strong><em>est,</em></strong></span> <span class='ocrx_word' id='word_1_237' title='bbox 432 3399 475 3458; x_wconf 87' lang='lat' dir='ltr'><strong><em>od</em></strong></span> <span class='ocrx_word' id='word_1_238' title='bbox 491 3397 698 3457; x_wconf 80' lang='lat' dir='ltr'><strong><em>obediendum</em></strong></span> <span class='ocrx_word' id='word_1_239' title='bbox 713 3399 744 3455; x_wconf 84' lang='lat' dir='ltr'><strong><em>&#39;ci</em></strong></span> 
     </span>
     <span class='ocr_line' id='line_1_37' title="bbox 59 3477 742 3563; baseline -0.004 -22"><span class='ocrx_word' id='word_1_240' title='bbox 59 3489 359 3563; x_wconf 62' lang='lat' dir='ltr'><strong><em>inconcupiscentia</em></strong></span> <span class='ocrx_word' id='word_1_241' title='bbox 382 3491 462 3561; x_wconf 69' lang='lat' dir='ltr'><strong><em>cius,</em></strong></span> <span class='ocrx_word' id='word_1_242' title='bbox 482 3493 516 3544; x_wconf 96' lang='lat' dir='ltr'><strong><em>ut</em></strong></span> <span class='ocrx_word' id='word_1_243' title='bbox 531 3487 558 3543; x_wconf 84' lang='lat' dir='ltr'><strong><em>si</em></strong></span> <span class='ocrx_word' id='word_1_244' title='bbox 581 3483 620 3543; x_wconf 86' lang='lat' dir='ltr'><strong><em>ad</em></strong></span> <span class='ocrx_word' id='word_1_245' title='bbox 644 3477 742 3559; x_wconf 85' lang='grc' dir='ltr'>ἁμαρ-</span> 
     </span>
     <span class='ocr_line' id='line_1_38' title="bbox 59 3565 742 3653; baseline 0 -25"><span class='ocrx_word' id='word_1_246' title='bbox 59 3565 116 3645; x_wconf 74' lang='lat' dir='ltr'><strong><em>us‘s,</em></strong></span> <span class='ocrx_word' id='word_1_247' title='bbox 133 3581 305 3653; x_wconf 84' lang='lat' dir='ltr'><strong><em>peccatum,</em></strong></span> <span class='ocrx_word' id='word_1_248' title='bbox 320 3582 350 3630; x_wconf 83' lang='lat' dir='ltr'><strong><em>et</em></strong></span> <span class='ocrx_word' id='word_1_249' title='bbox 366 3577 431 3646; x_wconf 81' lang='lat' dir='ltr'><strong><em>ejus</em></strong></span> <span class='ocrx_word' id='word_1_250' title='bbox 446 3571 484 3631; x_wconf 87' lang='lat' dir='ltr'><strong><em>ad</em></strong></span> <span class='ocrx_word' id='word_1_251' title='bbox 502 3573 600 3647; x_wconf 73' lang='lat' dir='ltr'><strong><em>corpu,</em></strong></span> <span class='ocrx_word' id='word_1_252' title='bbox 624 3591 742 3648; x_wconf 89' lang='lat' dir='ltr'><strong><em>corpus,</em></strong></span> 
     </span>
     <span class='ocr_line' id='line_1_39' title="bbox 57 3657 742 3735; baseline -0.004 -18"><span class='ocrx_word' id='word_1_253' title='bbox 57 3658 197 3720; x_wconf 74' lang='lat' dir='ltr'><strong><em>scientur.</em></strong></span> <span class='ocrx_word' id='word_1_254' title='bbox 221 3659 293 3720; x_wconf 84' lang='lat' dir='ltr'><strong><em>Jsm</em></strong></span> <span class='ocrx_word' id='word_1_255' title='bbox 316 3661 394 3716; x_wconf 90' lang='lat' dir='ltr'><strong><em>enim</em></strong></span> <span class='ocrx_word' id='word_1_256' title='bbox 416 3658 494 3728; x_wconf 87' lang='lat' dir='ltr'><strong><em>dixi,</em></strong></span> <span class='ocrx_word' id='word_1_257' title='bbox 518 3668 673 3735; x_wconf 87' lang='lat' dir='ltr'><strong><em>peccatum</em></strong></span> <span class='ocrx_word' id='word_1_258' title='bbox 694 3657 742 3715; x_wconf 91' lang='lat' dir='ltr'><strong><em>hic</em></strong></span> 
     </span>
     <span class='ocr_line' id='line_1_40' title="bbox 58 3745 742 3821; baseline -0.001 -19"><span class='ocrx_word' id='word_1_259' title='bbox 58 3747 230 3807; x_wconf 82' lang='lat' dir='ltr'><strong><em>musiderari</em></strong></span> <span class='ocrx_word' id='word_1_260' title='bbox 245 3755 279 3803; x_wconf 93' lang='lat' dir='ltr'><strong><em>ut</em></strong></span> <span class='ocrx_word' id='word_1_261' title='bbox 296 3745 444 3805; x_wconf 89' lang='lat' dir='ltr'><strong><em>dominam</em></strong></span> <span class='ocrx_word' id='word_1_262' title='bbox 467 3764 503 3802; x_wconf 87' lang='lat' dir='ltr'><strong><em>ae</em></strong></span> <span class='ocrx_word' id='word_1_263' title='bbox 523 3745 672 3821; x_wconf 87' lang='lat' dir='ltr'><strong><em>reginam,</em></strong></span> <span class='ocrx_word' id='word_1_264' title='bbox 696 3745 742 3802; x_wconf 92' lang='lat' dir='ltr'><strong><em>cui</em></strong></span> 
     </span>
     <span class='ocr_line' id='line_1_41' title="bbox 58 3829 741 3909; baseline -0.006 -17"><span class='ocrx_word' id='word_1_265' title='bbox 58 3837 173 3894; x_wconf 72' lang='lat' dir='ltr'><strong><em>coitus</em></strong></span> <span class='ocrx_word' id='word_1_266' title='bbox 197 3841 230 3892; x_wconf 87' lang='lat' dir='ltr'><strong><em>et</em></strong></span> <span class='ocrx_word' id='word_1_267' title='bbox 252 3832 423 3891; x_wconf 85' lang='lat' dir='ltr'><strong><em>obedientia</em></strong></span> <span class='ocrx_word' id='word_1_268' title='bbox 444 3838 622 3909; x_wconf 85' lang='lat' dir='ltr'><strong><em>praestetur.</em></strong></span> <span class='ocrx_word' id='word_1_269' title='bbox 646 3829 741 3901; x_wconf 85' lang='lat' dir='ltr'><strong><em>Unde,</em></strong></span> 
     </span>
     <span class='ocr_line' id='line_1_42' title="bbox 57 3909 741 3998; baseline -0.003 -22"><span class='ocrx_word' id='word_1_270' title='bbox 57 3919 123 3998; x_wconf 88' lang='lat' dir='ltr'><strong><em>quod</em></strong></span> <span class='ocrx_word' id='word_1_271' title='bbox 138 3924 168 3981; x_wconf 91' lang='lat' dir='ltr'><strong><em>in</em></strong></span> <span class='ocrx_word' id='word_1_272' title='bbox 201 3917 330 3979; x_wconf 78' lang='lat' dir='ltr'><strong><em>Graecis</em></strong></span> <span class='ocrx_word' id='word_1_273' title='bbox 352 3916 502 3978; x_wconf 89' lang='lat' dir='ltr'><strong><em>nonnullis</em></strong></span> <span class='ocrx_word' id='word_1_274' title='bbox 527 3938 580 3994; x_wconf 92' lang='lat' dir='ltr'><strong><em>pro</em></strong></span> <span class='ocrx_word' id='word_1_275' title='bbox 607 3909 685 3994; x_wconf 77' lang='grc' dir='ltr'>αὐτῇ</span> <span class='ocrx_word' id='word_1_276' title='bbox 701 3916 741 3975; x_wconf 90' lang='lat' dir='ltr'><strong><em>le·</em></strong></span> 
     </span>
     <span class='ocr_line' id='line_1_43' title="bbox 56 4000 741 4082; baseline -0.004 -17"><span class='ocrx_word' id='word_1_277' title='bbox 56 4007 119 4082; x_wconf 76' lang='lat' dir='ltr'><strong><em>gitur</em></strong></span> <span class='ocrx_word' id='word_1_278' title='bbox 133 4000 240 4080; x_wconf 74' lang='grc' dir='ltr'><strong><em>αὗτῶ,</em></strong></span> <span class='ocrx_word' id='word_1_279' title='bbox 264 4003 436 4064; x_wconf 88' lang='lat' dir='ltr'><strong><em>mendosum</em></strong></span> <span class='ocrx_word' id='word_1_280' title='bbox 460 4004 602 4062; x_wconf 88' lang='lat' dir='ltr'><strong><em>existimo.</em></strong></span> <span class='ocrx_word' id='word_1_281' title='bbox 627 4004 668 4062; x_wconf 93' lang='lat' dir='ltr'><strong><em>At</em></strong></span> <span class='ocrx_word' id='word_1_282' title='bbox 691 4025 741 4081; x_wconf 91' lang='lat' dir='ltr'><strong><em>po-</em></strong></span> 
     </span>
    </p>
   </div>
   <div class='ocr_carea' id='block_1_7' title="bbox 795 994 1498 2562">
    <p class='ocr_par' dir='ltr' id='par_1_9' title="bbox 797 994 1498 1591">
     <span class='ocr_line' id='line_1_44' title="bbox 798 994 1495 1080; baseline 0.009 -27"><span class='ocrx_word' id='word_1_283' title='bbox 798 997 928 1073; x_wconf 91' lang='lat' dir='ltr'><strong><em>peccati,</em></strong></span> <span class='ocrx_word' id='word_1_284' title='bbox 952 994 989 1052; x_wconf 85' lang='lat' dir='ltr'><strong><em>do</em></strong></span> <span class='ocrx_word' id='word_1_285' title='bbox 1005 1015 1078 1072; x_wconf 89' lang='lat' dir='ltr'><strong><em>qua,</em></strong></span> <span class='ocrx_word' id='word_1_286' title='bbox 1104 995 1244 1074; x_wconf 86' lang='lat' dir='ltr'><strong><em>quidnam</em></strong></span> <span class='ocrx_word' id='word_1_287' title='bbox 1261 998 1314 1068; x_wconf 90' lang='lat' dir='ltr'><strong><em>sit,</em></strong></span> <span class='ocrx_word' id='word_1_288' title='bbox 1343 1006 1374 1056; x_wconf 87' lang='lat' dir='ltr'><strong><em>et</em></strong></span> <span class='ocrx_word' id='word_1_289' title='bbox 1389 1000 1419 1058; x_wconf 91' lang='lat' dir='ltr'><strong><em>iu</em></strong></span> <span class='ocrx_word' id='word_1_290' title='bbox 1435 1019 1495 1080; x_wconf 85' lang='lat' dir='ltr'><strong><em>qua</em></strong></span> 
     </span>
     <span class='ocr_line' id='line_1_45' title="bbox 798 1081 1498 1160; baseline 0.003 -19"><span class='ocrx_word' id='word_1_291' title='bbox 798 1083 916 1142; x_wconf 87' lang='lat' dir='ltr'><strong><em>animae</em></strong></span> <span class='ocrx_word' id='word_1_292' title='bbox 933 1081 1072 1140; x_wconf 82' lang='lat' dir='ltr'><strong><em>facultate</em></strong></span> <span class='ocrx_word' id='word_1_293' title='bbox 1088 1081 1231 1153; x_wconf 85' lang='lat' dir='ltr'><strong><em>resideat,</em></strong></span> <span class='ocrx_word' id='word_1_294' title='bbox 1256 1082 1402 1160; x_wconf 82' lang='lat' dir='ltr'><strong><em>disputari</em></strong></span> <span class='ocrx_word' id='word_1_295' title='bbox 1419 1085 1498 1145; x_wconf 85' lang='lat' dir='ltr'><strong><em>solet</em></strong></span> 
     </span>
     <span class='ocr_line' id='line_1_46' title="bbox 798 1167 1495 1250; baseline 0.006 -23"><span class='ocrx_word' id='word_1_296' title='bbox 798 1168 923 1227; x_wconf 72' lang='lat' dir='ltr'><strong><em>inulte.</em></strong></span> <span class='ocrx_word' id='word_1_297' title='bbox 941 1168 1025 1227; x_wconf 87' lang='lat' dir='ltr'><strong><em>Sent.</em></strong></span> <span class='ocrx_word' id='word_1_298' title='bbox 1042 1167 1179 1241; x_wconf 60' lang='lat' dir='ltr'><strong><em>dissue,</em></strong></span> <span class='ocrx_word' id='word_1_299' title='bbox 1190 1177 1219 1226; x_wconf 89' lang='lat' dir='ltr'><strong><em>et</em></strong></span> <span class='ocrx_word' id='word_1_300' title='bbox 1235 1189 1288 1228; x_wconf 88' lang='lat' dir='ltr'><strong><em>nos</em></strong></span> <span class='ocrx_word' id='word_1_301' title='bbox 1304 1169 1418 1250; x_wconf 88' lang='lat' dir='ltr'><strong><em>aliquid</em></strong></span> <span class='ocrx_word' id='word_1_302' title='bbox 1435 1171 1495 1231; x_wconf 94' lang='lat' dir='ltr'><strong><em>dic·</em></strong></span> 
     </span>
     <span class='ocr_line' id='line_1_47' title="bbox 798 1253 1495 1335; baseline 0.009 -23"><span class='ocrx_word' id='word_1_303' title='bbox 798 1257 854 1313; x_wconf 91' lang='lat' dir='ltr'><strong><em>turi</em></strong></span> <span class='ocrx_word' id='word_1_304' title='bbox 869 1274 968 1313; x_wconf 91' lang='lat' dir='ltr'><strong><em>sumus</em></strong></span> <span class='ocrx_word' id='word_1_305' title='bbox 982 1253 1020 1313; x_wconf 86' lang='lat' dir='ltr'><strong><em>sd</em></strong></span> <span class='ocrx_word' id='word_1_306' title='bbox 1034 1254 1106 1313; x_wconf 91' lang='lat' dir='ltr'><strong><em>illud</em></strong></span> <span class='ocrx_word' id='word_1_307' title='bbox 1119 1257 1225 1333; x_wconf 87' lang='lat' dir='ltr'><strong><em>capitis</em></strong></span> <span class='ocrx_word' id='word_1_308' title='bbox 1239 1259 1406 1335; x_wconf 89' lang='lat' dir='ltr'><strong><em>sequentis:</em></strong></span> <span class='ocrx_word' id='word_1_309' title='bbox 1423 1278 1495 1318; x_wconf 89' lang='lat' dir='ltr'><strong><em>con·</em></strong></span> 
     </span>
     <span class='ocr_line' id='line_1_48' title="bbox 797 1342 1494 1416; baseline 0.007 -16"><span class='ocrx_word' id='word_1_310' title='bbox 797 1344 1021 1416; x_wconf 85' lang='lat' dir='ltr'><strong><em>cupiscenticm</em></strong></span> <span class='ocrx_word' id='word_1_311' title='bbox 1038 1342 1230 1415; x_wconf 83' lang='lat' dir='ltr'><strong><em>nesciebam,</em></strong></span> <span class='ocrx_word' id='word_1_312' title='bbox 1251 1354 1281 1402; x_wconf 90' lang='lat' dir='ltr'><strong><em>et</em></strong></span> <span class='ocrx_word' id='word_1_313' title='bbox 1292 1363 1393 1404; x_wconf 89' lang='lat' dir='ltr'><strong><em>rursus</em></strong></span> <span class='ocrx_word' id='word_1_314' title='bbox 1404 1345 1443 1404; x_wconf 88' lang='lat' dir='ltr'><strong><em>ad</em></strong></span> <span class='ocrx_word' id='word_1_315' title='bbox 1456 1366 1494 1404; x_wconf 89' lang='lat' dir='ltr'><strong><em>ea</em></strong></span> 
     </span>
     <span class='ocr_line' id='line_1_49' title="bbox 797 1427 1490 1506; baseline 0.003 -19"><span class='ocrx_word' id='word_1_316' title='bbox 797 1427 891 1487; x_wconf 85' lang='lat' dir='ltr'><strong><em>verba</em></strong></span> <span class='ocrx_word' id='word_1_317' title='bbox 907 1427 973 1487; x_wconf 85' lang='lat' dir='ltr'><strong><em>Gal.</em></strong></span> <span class='ocrx_word' id='word_1_318' title='bbox 991 1431 1035 1488; x_wconf 86' lang='lat'><strong><em>5.:</em></strong></span> <span class='ocrx_word' id='word_1_319' title='bbox 1060 1429 1143 1489; x_wconf 83' lang='lat' dir='ltr'><strong><em>Coro</em></strong></span> <span class='ocrx_word' id='word_1_320' title='bbox 1159 1434 1352 1506; x_wconf 81' lang='lat' dir='ltr'><strong><em>concupiscit</em></strong></span> <span class='ocrx_word' id='word_1_321' title='bbox 1374 1432 1490 1492; x_wconf 82' lang='lat' dir='ltr'><strong><em>edver-</em></strong></span> 
     </span>
     <span class='ocr_line' id='line_1_50' title="bbox 797 1517 1020 1591; baseline -0.009 -17"><span class='ocrx_word' id='word_1_322' title='bbox 797 1532 848 1574; x_wconf 87' lang='lat' dir='ltr'><strong><em>sus</em></strong></span> <span class='ocrx_word' id='word_1_323' title='bbox 863 1517 1020 1591; x_wconf 85' lang='lat' dir='ltr'><strong><em>spiritum.</em></strong></span> 
     </span>
    </p>

    <p class='ocr_par' dir='ltr' id='par_1_10' title="bbox 795 1619 1494 2562">
     <span class='ocr_line' id='line_1_51' title="bbox 840 1619 1494 1696; baseline 0.012 -20"><span class='ocrx_word' id='word_1_324' title='bbox 840 1619 972 1677; x_wconf 85' lang='lat' dir='ltr'><strong><em>Vocatur</em></strong></span> <span class='ocrx_word' id='word_1_325' title='bbox 995 1626 1093 1677; x_wconf 85' lang='lat' dir='ltr'><strong><em>autem</em></strong></span> <span class='ocrx_word' id='word_1_326' title='bbox 1117 1620 1244 1678; x_wconf 87' lang='lat' dir='ltr'><strong><em>aPaulo</em></strong></span> <span class='ocrx_word' id='word_1_327' title='bbox 1257 1630 1421 1696; x_wconf 84' lang='lat' dir='ltr'><strong><em>peccatum</em></strong></span> <span class='ocrx_word' id='word_1_328' title='bbox 1438 1623 1494 1685; x_wconf 90' lang='lat' dir='ltr'><strong><em>hoc</em></strong></span> 
     </span>
     <span class='ocr_line' id='line_1_52' title="bbox 797 1704 1494 1789; baseline 0.009 -25"><span class='ocrx_word' id='word_1_329' title='bbox 797 1707 894 1783; x_wconf 87' lang='lat' dir='ltr'><strong><em>capite</em></strong></span> <span class='ocrx_word' id='word_1_330' title='bbox 910 1716 941 1764; x_wconf 87' lang='lat' dir='ltr'><strong><em>et</em></strong></span> <span class='ocrx_word' id='word_1_331' title='bbox 964 1704 1079 1764; x_wconf 86' lang='lat' dir='ltr'><strong><em>duobus</em></strong></span> <span class='ocrx_word' id='word_1_332' title='bbox 1103 1708 1309 1784; x_wconf 88' lang='lat' dir='ltr'><strong><em>sequentibus,</em></strong></span> <span class='ocrx_word' id='word_1_333' title='bbox 1332 1730 1391 1769; x_wconf 89' lang='lat' dir='ltr'><strong><em>nou</em></strong></span> <span class='ocrx_word' id='word_1_334' title='bbox 1414 1710 1494 1789; x_wconf 89' lang='lat' dir='ltr'><strong><em>qnod</em></strong></span> 
     </span>
     <span class='ocr_line' id='line_1_53' title="bbox 796 1792 1490 1873; baseline 0.012 -24"><span class='ocrx_word' id='word_1_335' title='bbox 796 1812 868 1850; x_wconf 86' lang='lat' dir='ltr'><strong><em>vere</em></strong></span> <span class='ocrx_word' id='word_1_336' title='bbox 885 1801 914 1851; x_wconf 94' lang='lat' dir='ltr'><strong><em>et</em></strong></span> <span class='ocrx_word' id='word_1_337' title='bbox 936 1792 1056 1869; x_wconf 85' lang='lat' dir='ltr'><strong><em>proprie</em></strong></span> <span class='ocrx_word' id='word_1_338' title='bbox 1080 1793 1110 1850; x_wconf 91' lang='lat' dir='ltr'><strong><em>in</em></strong></span> <span class='ocrx_word' id='word_1_339' title='bbox 1132 1796 1242 1854; x_wconf 86' lang='lat' dir='ltr'><strong><em>renatis</em></strong></span> <span class='ocrx_word' id='word_1_340' title='bbox 1266 1806 1419 1873; x_wconf 89' lang='lat' dir='ltr'><strong><em>peccatum</em></strong></span> <span class='ocrx_word' id='word_1_341' title='bbox 1443 1801 1490 1871; x_wconf 88' lang='lat' dir='ltr'><strong><em>sit,</em></strong></span> 
     </span>
     <span class='ocr_line' id='line_1_54' title="bbox 797 1879 1494 1959; baseline 0.011 -23"><span class='ocrx_word' id='word_1_342' title='bbox 797 1879 839 1937; x_wconf 89' lang='lat' dir='ltr'><strong><em>uti</em></strong></span> <span class='ocrx_word' id='word_1_343' title='bbox 855 1879 1036 1938; x_wconf 88' lang='lat' dir='ltr'><strong><em>contendunt</em></strong></span> <span class='ocrx_word' id='word_1_344' title='bbox 1056 1879 1144 1956; x_wconf 90' lang='lat' dir='ltr'><strong><em>hujus</em></strong></span> <span class='ocrx_word' id='word_1_345' title='bbox 1167 1884 1308 1959; x_wconf 87' lang='lat' dir='ltr'><strong><em>temporis</em></strong></span> <span class='ocrx_word' id='word_1_346' title='bbox 1331 1884 1494 1958; x_wconf 87' lang='lat' dir='ltr'><strong><em>haeretici,</em></strong></span> 
     </span>
     <span class='ocr_line' id='line_1_55' title="bbox 797 1963 1492 2048; baseline 0.012 -25"><span class='ocrx_word' id='word_1_347' title='bbox 797 1963 850 2024; x_wconf 89' lang='lat' dir='ltr'><strong><em>sed</em></strong></span> <span class='ocrx_word' id='word_1_348' title='bbox 867 1966 939 2043; x_wconf 84' lang='lat' dir='ltr'><strong><em>quia</em></strong></span> <span class='ocrx_word' id='word_1_349' title='bbox 955 1985 991 2024; x_wconf 83' lang='lat' dir='ltr'><strong><em>ex</em></strong></span> <span class='ocrx_word' id='word_1_350' title='bbox 1008 1975 1132 2043; x_wconf 89' lang='lat' dir='ltr'><strong><em>peccato</em></strong></span> <span class='ocrx_word' id='word_1_351' title='bbox 1150 1976 1208 2039; x_wconf 89' lang='lat' dir='ltr'><strong><em>est,</em></strong></span> <span class='ocrx_word' id='word_1_352' title='bbox 1236 1977 1267 2027; x_wconf 87' lang='lat' dir='ltr'><strong><em>et</em></strong></span> <span class='ocrx_word' id='word_1_353' title='bbox 1281 1968 1320 2027; x_wconf 86' lang='lat' dir='ltr'><strong><em>ed</em></strong></span> <span class='ocrx_word' id='word_1_354' title='bbox 1336 1981 1492 2048; x_wconf 88' lang='lat' dir='ltr'><strong><em>peceatum</em></strong></span> 
     </span>
     <span class='ocr_line' id='line_1_56' title="bbox 796 2049 1492 2136; baseline 0.011 -26"><span class='ocrx_word' id='word_1_355' title='bbox 796 2051 932 2122; x_wconf 90' lang='lat' dir='ltr'><strong><em>inclinat,</em></strong></span> <span class='ocrx_word' id='word_1_356' title='bbox 957 2049 1204 2130; x_wconf 86' lang='lat' dir='ltr'><strong><em>quemadmodum</em></strong></span> <span class='ocrx_word' id='word_1_357' title='bbox 1222 2074 1259 2113; x_wconf 87' lang='lat' dir='ltr'><strong><em>ex</em></strong></span> <span class='ocrx_word' id='word_1_358' title='bbox 1282 2056 1311 2114; x_wconf 80' lang='lat' dir='ltr'><strong><em>S.</em></strong></span> <span class='ocrx_word' id='word_1_359' title='bbox 1329 2056 1492 2136; x_wconf 81' lang='lat' dir='ltr'><strong><em>Augustini</em></strong></span> 
     </span>
     <span class='ocr_line' id='line_1_57' title="bbox 796 2136 1490 2216; baseline 0.007 -20"><span class='ocrx_word' id='word_1_360' title='bbox 796 2137 930 2196; x_wconf 89' lang='lat' dir='ltr'><strong><em>doctriua</em></strong></span> <span class='ocrx_word' id='word_1_361' title='bbox 939 2136 1072 2197; x_wconf 86' lang='lat' dir='ltr'><strong><em>declarat</em></strong></span> <span class='ocrx_word' id='word_1_362' title='bbox 1083 2139 1216 2216; x_wconf 82' lang='lat' dir='ltr'><strong><em>synodus</em></strong></span> <span class='ocrx_word' id='word_1_363' title='bbox 1226 2141 1404 2203; x_wconf 73' lang='lat' dir='ltr'><strong><em>Tridentinis</em></strong></span> <span class='ocrx_word' id='word_1_364' title='bbox 1415 2163 1490 2204; x_wconf 88' lang='lat' dir='ltr'><strong><em>sess.</em></strong></span> 
     </span>
     <span class='ocr_line' id='line_1_58' title="bbox 795 2224 1490 2304; baseline 0.013 -23"><span class='ocrx_word' id='word_1_365' title='bbox 795 2224 823 2281; x_wconf 81' lang='grc'><strong><em>5.</em></strong></span> <span class='ocrx_word' id='word_1_366' title='bbox 841 2245 905 2284; x_wconf 86' lang='lat' dir='ltr'><strong><em>can.</em></strong></span> <span class='ocrx_word' id='word_1_367' title='bbox 923 2228 950 2283; x_wconf 85' lang='lat'><strong><em>5.</em></strong></span> <span class='ocrx_word' id='word_1_368' title='bbox 974 2226 1055 2284; x_wconf 88' lang='lat' dir='ltr'><strong><em>Loca</em></strong></span> <span class='ocrx_word' id='word_1_369' title='bbox 1071 2224 1150 2302; x_wconf 88' lang='lat' dir='ltr'><strong><em>apud</em></strong></span> <span class='ocrx_word' id='word_1_370' title='bbox 1166 2228 1291 2304; x_wconf 86' lang='lat' dir='ltr'><strong><em>August.</em></strong></span> <span class='ocrx_word' id='word_1_371' title='bbox 1309 2238 1378 2289; x_wconf 87' lang='lat' dir='ltr'><strong><em>sunt</em></strong></span> <span class='ocrx_word' id='word_1_372' title='bbox 1393 2230 1443 2289; x_wconf 92' lang='lat' dir='ltr'><strong><em>lib.</em></strong></span> <span class='ocrx_word' id='word_1_373' title='bbox 1464 2237 1490 2291; x_wconf 92' lang='lat'><strong><em>1.</em></strong></span> 
     </span>
     <span class='ocr_line' id='line_1_59' title="bbox 795 2309 1491 2390; baseline 0.01 -22"><span class='ocrx_word' id='word_1_374' title='bbox 795 2319 898 2368; x_wconf 84' lang='lat' dir='ltr'><strong><em>cerrtra</em></strong></span> <span class='ocrx_word' id='word_1_375' title='bbox 914 2309 989 2369; x_wconf 82' lang='lat' dir='ltr'><strong><em>duas</em></strong></span> <span class='ocrx_word' id='word_1_376' title='bbox 1006 2313 1092 2389; x_wconf 89' lang='lat' dir='ltr'><strong><em>epist.</em></strong></span> <span class='ocrx_word' id='word_1_377' title='bbox 1108 2311 1211 2390; x_wconf 88' lang='lat' dir='ltr'><strong><em>Palag.</em></strong></span> <span class='ocrx_word' id='word_1_378' title='bbox 1229 2333 1252 2371; x_wconf 90' lang='lat' dir='ltr'><strong><em>c.</em></strong></span> <span class='ocrx_word' id='word_1_379' title='bbox 1268 2318 1325 2386; x_wconf 88' lang='lat'><strong><em>13,</em></strong></span> <span class='ocrx_word' id='word_1_380' title='bbox 1342 2336 1426 2375; x_wconf 86' lang='lat' dir='ltr'><strong><em>serm.</em></strong></span> <span class='ocrx_word' id='word_1_381' title='bbox 1440 2319 1491 2377; x_wconf 82' lang='lat'><strong><em>43.</em></strong></span> 
     </span>
     <span class='ocr_line' id='line_1_60' title="bbox 795 2396 1492 2469; baseline 0.013 -14"><span class='ocrx_word' id='word_1_382' title='bbox 795 2396 833 2455; x_wconf 86' lang='lat' dir='ltr'><strong><em>dc</em></strong></span> <span class='ocrx_word' id='word_1_383' title='bbox 858 2397 1084 2469; x_wconf 66' lang='lat' dir='ltr'><strong><em>verbalium,</em></strong></span> <span class='ocrx_word' id='word_1_384' title='bbox 1114 2406 1145 2455; x_wconf 85' lang='lat' dir='ltr'><strong><em>et</em></strong></span> <span class='ocrx_word' id='word_1_385' title='bbox 1168 2418 1252 2457; x_wconf 85' lang='lat' dir='ltr'><strong><em>serm.</em></strong></span> <span class='ocrx_word' id='word_1_386' title='bbox 1277 2403 1305 2460; x_wconf 88' lang='lat'><strong><em>6.</em></strong></span> <span class='ocrx_word' id='word_1_387' title='bbox 1329 2401 1367 2462; x_wconf 91' lang='lat' dir='ltr'><strong><em>de</em></strong></span> <span class='ocrx_word' id='word_1_388' title='bbox 1390 2404 1492 2464; x_wconf 88' lang='lat' dir='ltr'><strong><em>verbis</em></strong></span> 
     </span>
     <span class='ocr_line' id='line_1_61' title="bbox 795 2483 1045 2562; baseline 0.004 -22"><span class='ocrx_word' id='word_1_389' title='bbox 795 2492 902 2562; x_wconf 81' lang='lat' dir='ltr'><strong><em>apost,</em></strong></span> <span class='ocrx_word' id='word_1_390' title='bbox 914 2494 951 2542; x_wconf 86' lang='lat' dir='ltr'><strong><em>et</em></strong></span> <span class='ocrx_word' id='word_1_391' title='bbox 966 2483 1045 2541; x_wconf 86' lang='lat' dir='ltr'><strong><em>alibi.</em></strong></span> 
     </span>
    </p>
   </div>
   <div class='ocr_carea' id='block_1_8' title="bbox 793 2596 1492 3366">
    <p class='ocr_par' dir='ltr' id='par_1_11' title="bbox 793 2596 1492 3366">
     <span class='ocr_line' id='line_1_62' title="bbox 837 2596 1492 2675; baseline 0.009 -21"><span class='ocrx_word' id='word_1_392' title='bbox 837 2597 939 2654; x_wconf 89' lang='lat' dir='ltr'><strong><em>Potior</em></strong></span> <span class='ocrx_word' id='word_1_393' title='bbox 954 2605 1052 2654; x_wconf 71' lang='lat' dir='ltr'><strong><em>naseu</em></strong></span> <span class='ocrx_word' id='word_1_394' title='bbox 1066 2596 1155 2673; x_wconf 90' lang='lat' dir='ltr'><strong><em>hujus</em></strong></span> <span class='ocrx_word' id='word_1_395' title='bbox 1172 2597 1382 2675; x_wconf 88' lang='lat' dir='ltr'><strong><em>appellationis</em></strong></span> <span class='ocrx_word' id='word_1_396' title='bbox 1408 2602 1492 2675; x_wconf 86' lang='lat' dir='ltr'><strong><em>ratio,</em></strong></span> 
     </span>
     <span class='ocr_line' id='line_1_63' title="bbox 795 2683 1491 2762; baseline 0.01 -22"><span class='ocrx_word' id='word_1_397' title='bbox 795 2701 943 2762; x_wconf 86' lang='lat' dir='ltr'><strong><em>quamque</em></strong></span> <span class='ocrx_word' id='word_1_398' title='bbox 973 2684 1136 2760; x_wconf 87' lang='lat' dir='ltr'><strong><em>praecipue</em></strong></span> <span class='ocrx_word' id='word_1_399' title='bbox 1166 2692 1196 2741; x_wconf 89' lang='lat' dir='ltr'><strong><em>et</em></strong></span> <span class='ocrx_word' id='word_1_400' title='bbox 1228 2683 1376 2744; x_wconf 88' lang='lat' dir='ltr'><strong><em>interdum</em></strong></span> <span class='ocrx_word' id='word_1_401' title='bbox 1398 2688 1491 2748; x_wconf 89' lang='lat' dir='ltr'><strong><em>solam</em></strong></span> 
     </span>
     <span class='ocr_line' id='line_1_64' title="bbox 794 2770 1492 2849; baseline 0.007 -21"><span class='ocrx_word' id='word_1_402' title='bbox 794 2778 882 2847; x_wconf 87' lang='lat' dir='ltr'><strong><em>urget</em></strong></span> <span class='ocrx_word' id='word_1_403' title='bbox 892 2770 1088 2846; x_wconf 83' lang='lat' dir='ltr'><strong><em>Augustinus,</em></strong></span> <span class='ocrx_word' id='word_1_404' title='bbox 1105 2788 1142 2828; x_wconf 84' lang='lat' dir='ltr'><strong><em>aa</em></strong></span> <span class='ocrx_word' id='word_1_405' title='bbox 1155 2778 1206 2840; x_wconf 77' lang='lat' dir='ltr'><strong><em>est,</em></strong></span> <span class='ocrx_word' id='word_1_406' title='bbox 1222 2773 1492 2849; x_wconf 83' lang='lat' dir='ltr'><strong><em>concupiscentiam</em></strong></span> 
     </span>
     <span class='ocr_line' id='line_1_65' title="bbox 793 2854 1491 2937; baseline 0.007 -23"><span class='ocrx_word' id='word_1_407' title='bbox 793 2856 862 2914; x_wconf 91' lang='lat' dir='ltr'><strong><em>ideo</em></strong></span> <span class='ocrx_word' id='word_1_408' title='bbox 880 2854 982 2913; x_wconf 78' lang='lat' dir='ltr'><strong><em>vocari</em></strong></span> <span class='ocrx_word' id='word_1_409' title='bbox 998 2865 1170 2932; x_wconf 69' lang='lat' dir='ltr'><strong><em>preceatum,</em></strong></span> <span class='ocrx_word' id='word_1_410' title='bbox 1194 2858 1267 2933; x_wconf 85' lang='lat' dir='ltr'><strong><em>quia</em></strong></span> <span class='ocrx_word' id='word_1_411' title='bbox 1282 2857 1321 2916; x_wconf 85' lang='lat' dir='ltr'><strong><em>ad</em></strong></span> <span class='ocrx_word' id='word_1_412' title='bbox 1336 2870 1491 2937; x_wconf 85' lang='lat' dir='ltr'><strong><em>peccatum</em></strong></span> 
     </span>
     <span class='ocr_line' id='line_1_66' title="bbox 794 2942 1490 3019; baseline 0.006 -18"><span class='ocrx_word' id='word_1_413' title='bbox 794 2942 918 3001; x_wconf 86' lang='lat' dir='ltr'><strong><em>inclinat</em></strong></span> <span class='ocrx_word' id='word_1_414' title='bbox 944 2950 1037 3019; x_wconf 83' lang='lat' dir='ltr'><strong><em>atque</em></strong></span> <span class='ocrx_word' id='word_1_415' title='bbox 1065 2942 1212 3001; x_wconf 85' lang='lat' dir='ltr'><strong><em>sollicitat.</em></strong></span> <span class='ocrx_word' id='word_1_416' title='bbox 1245 2942 1323 3001; x_wconf 86' lang='lat' dir='ltr'><strong><em>Nam</em></strong></span> <span class='ocrx_word' id='word_1_417' title='bbox 1349 2964 1427 3004; x_wconf 91' lang='lat' dir='ltr'><strong><em>mors</em></strong></span> <span class='ocrx_word' id='word_1_418' title='bbox 1454 2966 1490 3005; x_wconf 88' lang='lat' dir='ltr'><strong><em>ae</em></strong></span> 
     </span>
     <span class='ocr_line' id='line_1_67' title="bbox 794 3027 1491 3104; baseline 0.006 -17"><span class='ocrx_word' id='word_1_419' title='bbox 794 3037 930 3087; x_wconf 87' lang='lat' dir='ltr'><strong><em>caeterae</em></strong></span> <span class='ocrx_word' id='word_1_420' title='bbox 946 3027 1159 3104; x_wconf 84' lang='lat' dir='ltr'><strong><em>poenalitates,</em></strong></span> <span class='ocrx_word' id='word_1_421' title='bbox 1185 3029 1256 3086; x_wconf 89' lang='lat' dir='ltr'><strong><em>lieet</em></strong></span> <span class='ocrx_word' id='word_1_422' title='bbox 1271 3032 1359 3088; x_wconf 86' lang='lat' dir='ltr'><strong><em>etiam</em></strong></span> <span class='ocrx_word' id='word_1_423' title='bbox 1377 3033 1438 3090; x_wconf 90' lang='lat' dir='ltr'><strong><em>siut</em></strong></span> <span class='ocrx_word' id='word_1_424' title='bbox 1452 3051 1491 3091; x_wconf 88' lang='lat' dir='ltr'><strong><em>ex</em></strong></span> 
     </span>
     <span class='ocr_line' id='line_1_68' title="bbox 793 3115 1489 3194; baseline 0.009 -22"><span class='ocrx_word' id='word_1_425' title='bbox 793 3123 917 3193; x_wconf 87' lang='lat' dir='ltr'><strong><em>peccato</em></strong></span> <span class='ocrx_word' id='word_1_426' title='bbox 934 3115 1048 3191; x_wconf 85' lang='lat' dir='ltr'><strong><em>primas</em></strong></span> <span class='ocrx_word' id='word_1_427' title='bbox 1064 3117 1327 3191; x_wconf 86' lang='lat' dir='ltr'><strong><em>transgressionis,</em></strong></span> <span class='ocrx_word' id='word_1_428' title='bbox 1351 3119 1422 3194; x_wconf 84' lang='lat' dir='ltr'><strong><em>quia</em></strong></span> <span class='ocrx_word' id='word_1_429' title='bbox 1445 3128 1489 3177; x_wconf 84' lang='lat' dir='ltr'><strong><em>ta·</em></strong></span> 
     </span>
     <span class='ocr_line' id='line_1_69' title="bbox 794 3200 1489 3277; baseline 0.007 -18"><span class='ocrx_word' id='word_1_430' title='bbox 794 3223 860 3259; x_wconf 90' lang='lat' dir='ltr'><strong><em>men</em></strong></span> <span class='ocrx_word' id='word_1_431' title='bbox 877 3200 915 3259; x_wconf 90' lang='lat' dir='ltr'><strong><em>ad</em></strong></span> <span class='ocrx_word' id='word_1_432' title='bbox 931 3210 1086 3277; x_wconf 87' lang='lat' dir='ltr'><strong><em>peccatam</em></strong></span> <span class='ocrx_word' id='word_1_433' title='bbox 1104 3223 1163 3260; x_wconf 90' lang='lat' dir='ltr'><strong><em>nou</em></strong></span> <span class='ocrx_word' id='word_1_434' title='bbox 1180 3200 1340 3274; x_wconf 87' lang='lat' dir='ltr'><strong><em>inclinant,</em></strong></span> <span class='ocrx_word' id='word_1_435' title='bbox 1361 3225 1422 3263; x_wconf 91' lang='lat' dir='ltr'><strong><em>non</em></strong></span> <span class='ocrx_word' id='word_1_436' title='bbox 1444 3223 1489 3263; x_wconf 91' lang='lat' dir='ltr'><strong><em>so·</em></strong></span> 
     </span>
     <span class='ocr_line' id='line_1_70' title="bbox 793 3288 1336 3366; baseline 0 -21"><span class='ocrx_word' id='word_1_437' title='bbox 793 3288 856 3346; x_wconf 87' lang='lat' dir='ltr'><strong><em>lant</em></strong></span> <span class='ocrx_word' id='word_1_438' title='bbox 871 3295 995 3364; x_wconf 87' lang='lat' dir='ltr'><strong><em>peccata</em></strong></span> <span class='ocrx_word' id='word_1_439' title='bbox 1010 3289 1113 3345; x_wconf 85' lang='lat' dir='ltr'><strong><em>vocari</em></strong></span> <span class='ocrx_word' id='word_1_440' title='bbox 1129 3289 1160 3346; x_wconf 93' lang='lat' dir='ltr'><strong><em>iu</em></strong></span> <span class='ocrx_word' id='word_1_441' title='bbox 1175 3290 1336 3366; x_wconf 89' lang='lat' dir='ltr'><strong><em>scripturis.</em></strong></span> 
     </span>
    </p>
   </div>
   <div class='ocr_carea' id='block_1_9' title="bbox 791 3397 1489 4081">
    <p class='ocr_par' dir='ltr' id='par_1_12' title="bbox 791 3397 1489 4081">
     <span class='ocr_line' id='line_1_71' title="bbox 835 3397 1489 3476; baseline 0.008 -20"><span class='ocrx_word' id='word_1_442' title='bbox 835 3399 926 3456; x_wconf 89' lang='lat' dir='ltr'><strong><em>Porro</em></strong></span> <span class='ocrx_word' id='word_1_443' title='bbox 936 3419 994 3457; x_wconf 91' lang='lat' dir='ltr'><strong><em>uon</em></strong></span> <span class='ocrx_word' id='word_1_444' title='bbox 1007 3397 1081 3457; x_wconf 87' lang='lat' dir='ltr'><strong><em>dicit</em></strong></span> <span class='ocrx_word' id='word_1_445' title='bbox 1094 3400 1272 3476; x_wconf 84' lang='lat' dir='ltr'><strong><em>Apostolus:</em></strong></span> <span class='ocrx_word' id='word_1_446' title='bbox 1285 3399 1354 3458; x_wconf 89' lang='lat' dir='ltr'><strong><em>Nou</em></strong></span> <span class='ocrx_word' id='word_1_447' title='bbox 1366 3402 1412 3472; x_wconf 91' lang='lat' dir='ltr'><strong><em>sit,</em></strong></span> <span class='ocrx_word' id='word_1_448' title='bbox 1428 3401 1489 3473; x_wconf 86' lang='lat' dir='ltr'><strong><em>sad,</em></strong></span> 
     </span>
     <span class='ocr_line' id='line_1_72' title="bbox 793 3487 1488 3565; baseline 0.001 -21"><span class='ocrx_word' id='word_1_449' title='bbox 793 3503 858 3544; x_wconf 88' lang='lat' dir='ltr'><strong><em>non</em></strong></span> <span class='ocrx_word' id='word_1_450' title='bbox 874 3493 984 3558; x_wconf 73' lang='lat' dir='ltr'><strong><em>repnet</em></strong></span> <span class='ocrx_word' id='word_1_451' title='bbox 996 3493 1164 3559; x_wconf 84' lang='lat' dir='ltr'><strong><em>peccatum</em></strong></span> <span class='ocrx_word' id='word_1_452' title='bbox 1187 3496 1253 3560; x_wconf 71' lang='lat' dir='ltr'><strong><em>etc,</em></strong></span> <span class='ocrx_word' id='word_1_453' title='bbox 1271 3487 1358 3565; x_wconf 91' lang='lat' dir='ltr'><strong><em>quia,</em></strong></span> <span class='ocrx_word' id='word_1_454' title='bbox 1386 3507 1488 3565; x_wconf 90' lang='lat' dir='ltr'><strong><em>quam-</em></strong></span> 
     </span>
     <span class='ocr_line' id='line_1_73' title="bbox 792 3571 1486 3651; baseline 0.004 -22"><span class='ocrx_word' id='word_1_455' title='bbox 792 3571 843 3629; x_wconf 89' lang='lat' dir='ltr'><strong><em>diu</em></strong></span> <span class='ocrx_word' id='word_1_456' title='bbox 859 3590 958 3629; x_wconf 90' lang='lat' dir='ltr'><strong><em>sumus</em></strong></span> <span class='ocrx_word' id='word_1_457' title='bbox 975 3572 1004 3629; x_wconf 92' lang='lat' dir='ltr'><strong><em>in</em></strong></span> <span class='ocrx_word' id='word_1_458' title='bbox 1020 3572 1076 3630; x_wconf 89' lang='lat' dir='ltr'><strong><em>hoc</em></strong></span> <span class='ocrx_word' id='word_1_459' title='bbox 1091 3573 1209 3632; x_wconf 86' lang='lat' dir='ltr'><strong><em>mortali</em></strong></span> <span class='ocrx_word' id='word_1_460' title='bbox 1234 3592 1372 3651; x_wconf 86' lang='lat' dir='ltr'><strong><em>corpore,</em></strong></span> <span class='ocrx_word' id='word_1_461' title='bbox 1396 3584 1442 3634; x_wconf 90' lang='lat' dir='ltr'><strong><em>est</em></strong></span> <span class='ocrx_word' id='word_1_462' title='bbox 1456 3574 1486 3632; x_wconf 90' lang='lat' dir='ltr'><strong><em>in</em></strong></span> 
     </span>
     <span class='ocr_line' id='line_1_74' title="bbox 792 3657 1487 3737; baseline 0.003 -21"><span class='ocrx_word' id='word_1_463' title='bbox 792 3657 878 3716; x_wconf 84' lang='lat' dir='ltr'><strong><em>nobis</em></strong></span> <span class='ocrx_word' id='word_1_464' title='bbox 894 3667 1064 3734; x_wconf 88' lang='lat' dir='ltr'><strong><em>peccatum,</em></strong></span> <span class='ocrx_word' id='word_1_465' title='bbox 1087 3678 1188 3737; x_wconf 86' lang='lat' dir='ltr'><strong><em>usqne</em></strong></span> <span class='ocrx_word' id='word_1_466' title='bbox 1212 3660 1337 3719; x_wconf 86' lang='lat' dir='ltr'><strong><em>durante</em></strong></span> <span class='ocrx_word' id='word_1_467' title='bbox 1352 3661 1410 3720; x_wconf 90' lang='lat' dir='ltr'><strong><em>hac</em></strong></span> <span class='ocrx_word' id='word_1_468' title='bbox 1424 3663 1487 3718; x_wconf 84' lang='lat' dir='ltr'><strong><em>vita</em></strong></span> 
     </span>
     <span class='ocr_line' id='line_1_75' title="bbox 793 3745 1486 3822; baseline 0.006 -20"><span class='ocrx_word' id='word_1_469' title='bbox 793 3745 949 3822; x_wconf 84' lang='lat' dir='ltr'><strong><em>exstirpari</em></strong></span> <span class='ocrx_word' id='word_1_470' title='bbox 966 3751 1080 3822; x_wconf 82' lang='lat' dir='ltr'><strong><em>potest3</em></strong></span> <span class='ocrx_word' id='word_1_471' title='bbox 1107 3745 1186 3807; x_wconf 87' lang='lat' dir='ltr'><strong><em>unde</em></strong></span> <span class='ocrx_word' id='word_1_472' title='bbox 1204 3755 1232 3805; x_wconf 88' lang='lat' dir='ltr'><strong><em>et</em></strong></span> <span class='ocrx_word' id='word_1_473' title='bbox 1248 3746 1384 3809; x_wconf 86' lang='lat' dir='ltr'><strong><em>habitare</em></strong></span> <span class='ocrx_word' id='word_1_474' title='bbox 1397 3749 1427 3806; x_wconf 92' lang='lat' dir='ltr'><strong><em>in</em></strong></span> <span class='ocrx_word' id='word_1_475' title='bbox 1439 3767 1486 3806; x_wconf 91' lang='lat' dir='ltr'><strong><em>no·</em></strong></span> 
     </span>
     <span class='ocr_line' id='line_1_76' title="bbox 791 3829 1489 3913; baseline 0.007 -26"><span class='ocrx_word' id='word_1_476' title='bbox 791 3830 838 3888; x_wconf 89' lang='lat' dir='ltr'><strong><em>bis</em></strong></span> <span class='ocrx_word' id='word_1_477' title='bbox 855 3829 961 3888; x_wconf 89' lang='lat' dir='ltr'><strong><em>dicitur</em></strong></span> <span class='ocrx_word' id='word_1_478' title='bbox 977 3832 1075 3909; x_wconf 85' lang='lat' dir='ltr'><strong><em>capite</em></strong></span> <span class='ocrx_word' id='word_1_479' title='bbox 1091 3842 1243 3910; x_wconf 86' lang='lat' dir='ltr'><strong><em>sequente.</em></strong></span> <span class='ocrx_word' id='word_1_480' title='bbox 1257 3831 1315 3891; x_wconf 85' lang='lat' dir='ltr'><strong><em>Sed</em></strong></span> <span class='ocrx_word' id='word_1_481' title='bbox 1333 3833 1388 3892; x_wconf 90' lang='lat' dir='ltr'><strong><em>hoc</em></strong></span> <span class='ocrx_word' id='word_1_482' title='bbox 1398 3852 1489 3913; x_wconf 86' lang='lat' dir='ltr'><strong><em>agere</em></strong></span> 
     </span>
     <span class='ocr_line' id='line_1_77' title="bbox 791 3916 1488 3997; baseline 0.003 -23"><span class='ocrx_word' id='word_1_483' title='bbox 791 3935 949 3994; x_wconf 89' lang='lat' dir='ltr'><strong><em>possumus</em></strong></span> <span class='ocrx_word' id='word_1_484' title='bbox 966 3926 995 3975; x_wconf 89' lang='lat' dir='ltr'><strong><em>et</em></strong></span> <span class='ocrx_word' id='word_1_485' title='bbox 1010 3916 1169 3991; x_wconf 89' lang='lat' dir='ltr'><strong><em>debemus,</em></strong></span> <span class='ocrx_word' id='word_1_486' title='bbox 1193 3929 1227 3978; x_wconf 91' lang='lat' dir='ltr'><strong><em>nt</em></strong></span> <span class='ocrx_word' id='word_1_487' title='bbox 1250 3940 1309 3978; x_wconf 89' lang='lat' dir='ltr'><strong><em>nou</em></strong></span> <span class='ocrx_word' id='word_1_488' title='bbox 1331 3929 1436 3997; x_wconf 85' lang='lat' dir='ltr'><strong><em>regnet</em></strong></span> <span class='ocrx_word' id='word_1_489' title='bbox 1458 3921 1488 3977; x_wconf 92' lang='lat' dir='ltr'><strong><em>iu</em></strong></span> 
     </span>
     <span class='ocr_line' id='line_1_78' title="bbox 792 4004 1487 4081; baseline 0.003 -20"><span class='ocrx_word' id='word_1_490' title='bbox 792 4022 914 4081; x_wconf 88' lang='lat' dir='ltr'><strong><em>corpore</em></strong></span> <span class='ocrx_word' id='word_1_491' title='bbox 931 4013 1041 4073; x_wconf 88' lang='lat' dir='ltr'><strong><em>nostro,</em></strong></span> <span class='ocrx_word' id='word_1_492' title='bbox 1057 4004 1087 4062; x_wconf 93' lang='lat' dir='ltr'><strong><em>id</em></strong></span> <span class='ocrx_word' id='word_1_493' title='bbox 1103 4015 1163 4078; x_wconf 88' lang='lat' dir='ltr'><strong><em>est,</em></strong></span> <span class='ocrx_word' id='word_1_494' title='bbox 1180 4027 1239 4066; x_wconf 91' lang='lat' dir='ltr'><strong><em>uon</em></strong></span> <span class='ocrx_word' id='word_1_495' title='bbox 1254 4005 1422 4065; x_wconf 87' lang='lat' dir='ltr'><strong><em>dominetur</em></strong></span> <span class='ocrx_word' id='word_1_496' title='bbox 1436 4027 1487 4066; x_wconf 92' lang='lat' dir='ltr'><strong><em>no·</em></strong></span> 
     </span>
    </p>
   </div>
   <div class='ocr_carea' id='block_1_10' title="bbox 46 4076 1489 4778">
    <p class='ocr_par' dir='ltr' id='par_1_13' title="bbox 46 4076 1489 4778">
     <span class='ocr_line' id='line_1_79' title="bbox 56 4076 1487 4171; baseline 0 -21"><span class='ocrx_word' id='word_1_497' title='bbox 56 4096 163 4154; x_wconf 75' lang='lat' dir='ltr'><strong><em>eeiore</em></strong></span> <span class='ocrx_word' id='word_1_498' title='bbox 175 4076 245 4153; x_wconf 75' lang='lat' dir='ltr'><strong><em>leco</em></strong></span> <span class='ocrx_word' id='word_1_499' title='bbox 260 4099 340 4150; x_wconf 83' lang='lat' dir='ltr'><strong><em>recte</em></strong></span> <span class='ocrx_word' id='word_1_500' title='bbox 358 4110 391 4150; x_wconf 89' lang='lat' dir='ltr'><strong><em>sa</em></strong></span> <span class='ocrx_word' id='word_1_501' title='bbox 406 4091 497 4150; x_wconf 87' lang='lat' dir='ltr'><strong><em>habet</em></strong></span> <span class='ocrx_word' id='word_1_502' title='bbox 509 4082 609 4146; x_wconf 76' lang='lat' dir='ltr'><strong><em>airon.</em></strong></span> <span class='ocrx_word' id='word_1_503' title='bbox 626 4090 741 4147; x_wconf 85' lang='lat' dir='ltr'><strong><em>Passim</em></strong></span> <span class='ocrx_word' id='word_1_504' title='bbox 790 4089 844 4160; x_wconf 90' lang='lat' dir='ltr'><strong><em>bis,</em></strong></span> <span class='ocrx_word' id='word_1_505' title='bbox 868 4092 958 4168; x_wconf 79' lang='lat' dir='ltr'><strong><em>juxta</em></strong></span> <span class='ocrx_word' id='word_1_506' title='bbox 984 4090 1031 4162; x_wconf 93' lang='lat' dir='ltr'><strong><em>id,</em></strong></span> <span class='ocrx_word' id='word_1_507' title='bbox 1054 4090 1134 4171; x_wconf 91' lang='lat' dir='ltr'><strong><em>qnod</em></strong></span> <span class='ocrx_word' id='word_1_508' title='bbox 1162 4102 1227 4152; x_wconf 88' lang='lat' dir='ltr'><strong><em>orat</em></strong></span> <span class='ocrx_word' id='word_1_509' title='bbox 1243 4091 1432 4152; x_wconf 87' lang='lat' dir='ltr'><strong><em>Psalmistes:</em></strong></span> <span class='ocrx_word' id='word_1_510' title='bbox 1457 4099 1487 4151; x_wconf 84' lang='lat' dir='ltr'><strong><em>ot</em></strong></span> 
     </span>
     <span class='ocr_line' id='line_1_80' title="bbox 56 4175 1487 4261; baseline -0.001 -23"><span class='ocrx_word' id='word_1_511' title='bbox 56 4181 119 4241; x_wconf 84' lang='lat' dir='ltr'><strong><em>enim</em></strong></span> <span class='ocrx_word' id='word_1_512' title='bbox 136 4182 167 4241; x_wconf 94' lang='lat' dir='ltr'><strong><em>in</em></strong></span> <span class='ocrx_word' id='word_1_513' title='bbox 184 4179 324 4261; x_wconf 78' lang='lat' dir='ltr'><strong><em>epistolis</em></strong></span> <span class='ocrx_word' id='word_1_514' title='bbox 341 4176 519 4256; x_wconf 87' lang='lat' dir='ltr'><strong><em>Apostolieis</em></strong></span> <span class='ocrx_word' id='word_1_515' title='bbox 537 4175 674 4234; x_wconf 89' lang='lat' dir='ltr'><strong><em>audimus</em></strong></span> <span class='ocrx_word' id='word_1_516' title='bbox 692 4175 741 4233; x_wconf 91' lang='lat' dir='ltr'><strong><em>de·</em></strong></span> <span class='ocrx_word' id='word_1_517' title='bbox 790 4196 858 4235; x_wconf 90' lang='lat' dir='ltr'><strong><em>non</em></strong></span> <span class='ocrx_word' id='word_1_518' title='bbox 888 4177 1070 4236; x_wconf 80' lang='lat' dir='ltr'><strong><em>dominetur</em></strong></span> <span class='ocrx_word' id='word_1_519' title='bbox 1098 4180 1160 4237; x_wconf 86' lang='lat' dir='ltr'><strong><em>mci</em></strong></span> <span class='ocrx_word' id='word_1_520' title='bbox 1188 4182 1290 4237; x_wconf 84' lang='lat' dir='ltr'><strong><em>omnis</em></strong></span> <span class='ocrx_word' id='word_1_521' title='bbox 1316 4181 1487 4253; x_wconf 67' lang='lat' dir='ltr'><strong><em>iniustitia,</em></strong></span> 
     </span>
     <span class='ocr_line' id='line_1_81' title="bbox 54 4261 1486 4345; baseline 0.001 -21"><span class='ocrx_word' id='word_1_522' title='bbox 54 4265 147 4328; x_wconf 75' lang='lat' dir='ltr'><strong><em>rideris</em></strong></span> <span class='ocrx_word' id='word_1_523' title='bbox 163 4268 272 4333; x_wconf 63' lang='lat' dir='ltr'><strong><em>aarum,</em></strong></span> <span class='ocrx_word' id='word_1_524' title='bbox 289 4284 377 4343; x_wconf 90' lang='lat' dir='ltr'><strong><em>qnam</em></strong></span> <span class='ocrx_word' id='word_1_525' title='bbox 394 4272 498 4322; x_wconf 89' lang='lat' dir='ltr'><strong><em>notare</em></strong></span> <span class='ocrx_word' id='word_1_526' title='bbox 514 4262 609 4321; x_wconf 89' lang='lat' dir='ltr'><strong><em>veluit</em></strong></span> <span class='ocrx_word' id='word_1_527' title='bbox 626 4261 740 4321; x_wconf 88' lang='lat' dir='ltr'><strong><em>dicens:</em></strong></span> <span class='ocrx_word' id='word_1_528' title='bbox 790 4263 898 4322; x_wconf 89' lang='lat' dir='ltr'><strong><em>Psalm.</em></strong></span> <span class='ocrx_word' id='word_1_529' title='bbox 922 4266 989 4322; x_wconf 66' lang='lat' dir='ltr'><strong><em>llil.</em></strong></span> <span class='ocrx_word' id='word_1_530' title='bbox 1012 4262 1102 4342; x_wconf 83' lang='lat' dir='ltr'><strong><em>Quod</em></strong></span> <span class='ocrx_word' id='word_1_531' title='bbox 1118 4265 1164 4336; x_wconf 86' lang='lat' dir='ltr'><strong><em>fit,</em></strong></span> <span class='ocrx_word' id='word_1_532' title='bbox 1181 4264 1302 4345; x_wconf 88' lang='lat' dir='ltr'><strong><em>qnando</em></strong></span> <span class='ocrx_word' id='word_1_533' title='bbox 1320 4266 1346 4323; x_wconf 87' lang='lat' dir='ltr'><strong><em>ci</em></strong></span> <span class='ocrx_word' id='word_1_534' title='bbox 1363 4266 1402 4324; x_wconf 86' lang='lat' dir='ltr'><strong><em>od</em></strong></span> <span class='ocrx_word' id='word_1_535' title='bbox 1417 4286 1486 4344; x_wconf 91' lang='lat' dir='ltr'><strong><em>pec-</em></strong></span> 
     </span>
     <span class='ocr_line' id='line_1_82' title="bbox 54 4349 1489 4428; baseline 0.001 -17"><span class='ocrx_word' id='word_1_536' title='bbox 54 4354 78 4411; x_wconf 85' lang='lat' dir='ltr'><strong><em>ie</em></strong></span> <span class='ocrx_word' id='word_1_537' title='bbox 99 4363 207 4415; x_wconf 82' lang='lat' dir='ltr'><strong><em>oestro</em></strong></span> <span class='ocrx_word' id='word_1_538' title='bbox 231 4352 364 4412; x_wconf 81' lang='lat' dir='ltr'><strong><em>mortali</em></strong></span> <span class='ocrx_word' id='word_1_539' title='bbox 386 4368 525 4426; x_wconf 84' lang='lat' dir='ltr'><strong><em>corpore.</em></strong></span> <span class='ocrx_word' id='word_1_540' title='bbox 550 4349 741 4428; x_wconf 78' lang='lat' dir='ltr'><strong><em>Quamquam</em></strong></span> <span class='ocrx_word' id='word_1_541' title='bbox 791 4358 889 4408; x_wconf 87' lang='lat' dir='ltr'><strong><em>catam</em></strong></span> <span class='ocrx_word' id='word_1_542' title='bbox 906 4350 1078 4409; x_wconf 83' lang='lat' dir='ltr'><strong><em>sollicitanti</em></strong></span> <span class='ocrx_word' id='word_1_543' title='bbox 1094 4371 1154 4411; x_wconf 92' lang='lat' dir='ltr'><strong><em>non</em></strong></span> <span class='ocrx_word' id='word_1_544' title='bbox 1170 4352 1381 4425; x_wconf 87' lang='lat' dir='ltr'><strong><em>consentimus,</em></strong></span> <span class='ocrx_word' id='word_1_545' title='bbox 1397 4361 1440 4424; x_wconf 88' lang='lat' dir='ltr'><strong><em>et,</em></strong></span> <span class='ocrx_word' id='word_1_546' title='bbox 1456 4362 1489 4412; x_wconf 89' lang='lat' dir='ltr'><strong><em>ut</em></strong></span> 
     </span>
     <span class='ocr_line' id='line_1_83' title="bbox 52 4436 1487 4516; baseline -0.005 -13"><span class='ocrx_word' id='word_1_547' title='bbox 52 4441 198 4502; x_wconf 67' lang='lat' dir='ltr'><strong><em>mudum</em></strong></span> <span class='ocrx_word' id='word_1_548' title='bbox 228 4459 292 4499; x_wconf 85' lang='lat' dir='ltr'><strong><em>rem</em></strong></span> <span class='ocrx_word' id='word_1_549' title='bbox 320 4437 578 4514; x_wconf 89' lang='lat' dir='ltr'><strong><em>concupiscentiae</em></strong></span> <span class='ocrx_word' id='word_1_550' title='bbox 607 4436 739 4514; x_wconf 88' lang='lat' dir='ltr'><strong><em>corporis</em></strong></span> <span class='ocrx_word' id='word_1_551' title='bbox 791 4436 955 4514; x_wconf 90' lang='lat' dir='ltr'><strong><em>Apostolus</em></strong></span> <span class='ocrx_word' id='word_1_552' title='bbox 970 4438 1119 4516; x_wconf 84' lang='lat' dir='ltr'><strong><em>loquitur,</em></strong></span> <span class='ocrx_word' id='word_1_553' title='bbox 1142 4459 1202 4498; x_wconf 90' lang='lat' dir='ltr'><strong><em>nou</em></strong></span> <span class='ocrx_word' id='word_1_554' title='bbox 1229 4436 1386 4498; x_wconf 90' lang='lat' dir='ltr'><strong><em>obedimus</em></strong></span> <span class='ocrx_word' id='word_1_555' title='bbox 1401 4438 1487 4497; x_wconf 88' lang='lat' dir='ltr'><strong><em>obse·</em></strong></span> 
     </span>
     <span class='ocr_line' id='line_1_84' title="bbox 51 4522 1486 4603; baseline -0.001 -18"><span class='ocrx_word' id='word_1_556' title='bbox 51 4528 160 4589; x_wconf 77' lang='lat' dir='ltr'><strong><em>eosdem</em></strong></span> <span class='ocrx_word' id='word_1_557' title='bbox 172 4536 245 4588; x_wconf 86' lang='lat' dir='ltr'><strong><em>sunt</em></strong></span> <span class='ocrx_word' id='word_1_558' title='bbox 257 4525 518 4603; x_wconf 86' lang='lat' dir='ltr'><strong><em>concupiscentiae</em></strong></span> <span class='ocrx_word' id='word_1_559' title='bbox 529 4523 653 4601; x_wconf 88' lang='lat' dir='ltr'><strong><em>peccati,</em></strong></span> <span class='ocrx_word' id='word_1_560' title='bbox 668 4541 740 4600; x_wconf 85' lang='lat' dir='ltr'><strong><em>qne·</em></strong></span> <span class='ocrx_word' id='word_1_561' title='bbox 790 4522 908 4601; x_wconf 85' lang='lat' dir='ltr'><strong><em>qnando</em></strong></span> <span class='ocrx_word' id='word_1_562' title='bbox 933 4524 1177 4603; x_wconf 84' lang='lat' dir='ltr'><strong><em>concupiscentiis</em></strong></span> <span class='ocrx_word' id='word_1_563' title='bbox 1201 4544 1253 4584; x_wconf 87' lang='lat' dir='ltr'><strong><em>seu</em></strong></span> <span class='ocrx_word' id='word_1_564' title='bbox 1278 4528 1381 4603; x_wconf 84' lang='lat' dir='ltr'><strong><em>pravis</em></strong></span> <span class='ocrx_word' id='word_1_565' title='bbox 1404 4527 1486 4584; x_wconf 89' lang='lat' dir='ltr'><strong><em>moti-</em></strong></span> 
     </span>
     <span class='ocr_line' id='line_1_85' title="bbox 48 4609 1486 4698; baseline -0.002 -26"><span class='ocrx_word' id='word_1_566' title='bbox 48 4628 121 4677; x_wconf 80' lang='lat' dir='ltr'><strong><em>tenns</em></strong></span> <span class='ocrx_word' id='word_1_567' title='bbox 146 4621 309 4698; x_wconf 78' lang='lat' dir='ltr'><strong><em>peccatum</em></strong></span> <span class='ocrx_word' id='word_1_568' title='bbox 336 4629 388 4670; x_wconf 81' lang='lat' dir='ltr'><strong><em>ess</em></strong></span> <span class='ocrx_word' id='word_1_569' title='bbox 415 4611 445 4668; x_wconf 90' lang='lat' dir='ltr'><strong><em>iu</em></strong></span> <span class='ocrx_word' id='word_1_570' title='bbox 472 4629 594 4688; x_wconf 89' lang='lat' dir='ltr'><strong><em>corpore</em></strong></span> <span class='ocrx_word' id='word_1_571' title='bbox 621 4610 739 4667; x_wconf 86' lang='lat' dir='ltr'><strong><em>excitet.</em></strong></span> <span class='ocrx_word' id='word_1_572' title='bbox 789 4609 854 4682; x_wconf 90' lang='lat' dir='ltr'><strong><em>bus,</em></strong></span> <span class='ocrx_word' id='word_1_573' title='bbox 871 4629 947 4689; x_wconf 92' lang='lat' dir='ltr'><strong><em>quos</em></strong></span> <span class='ocrx_word' id='word_1_574' title='bbox 965 4613 1075 4670; x_wconf 87' lang='lat' dir='ltr'><strong><em>excitat</em></strong></span> <span class='ocrx_word' id='word_1_575' title='bbox 1089 4610 1120 4669; x_wconf 90' lang='lat' dir='ltr'><strong><em>in</em></strong></span> <span class='ocrx_word' id='word_1_576' title='bbox 1136 4630 1227 4670; x_wconf 84' lang='lat' dir='ltr'><strong><em>cerne</em></strong></span> <span class='ocrx_word' id='word_1_577' title='bbox 1242 4620 1352 4672; x_wconf 72' lang='lat' dir='ltr'><strong><em>nosne.</em></strong></span> <span class='ocrx_word' id='word_1_578' title='bbox 1376 4613 1422 4671; x_wconf 87' lang='lat' dir='ltr'><strong><em>Ita</em></strong></span> <span class='ocrx_word' id='word_1_579' title='bbox 1439 4610 1486 4670; x_wconf 91' lang='lat' dir='ltr'><strong><em>lo-</em></strong></span> 
     </span>
     <span class='ocr_line' id='line_1_86' title="bbox 46 4694 1485 4778; baseline -0.001 -17"><span class='ocrx_word' id='word_1_580' title='bbox 46 4702 159 4764; x_wconf 82' lang='lat' dir='ltr'><strong><em>l&#39;ertnll.</em></strong></span> <span class='ocrx_word' id='word_1_581' title='bbox 176 4704 281 4762; x_wconf 86' lang='lat' dir='ltr'><strong><em>locum</em></strong></span> <span class='ocrx_word' id='word_1_582' title='bbox 297 4697 377 4757; x_wconf 82' lang='lat' dir='ltr'><strong><em>huuc</em></strong></span> <span class='ocrx_word' id='word_1_583' title='bbox 390 4696 480 4757; x_wconf 82' lang='lat' dir='ltr'><strong><em>Pauli</em></strong></span> <span class='ocrx_word' id='word_1_584' title='bbox 496 4695 650 4755; x_wconf 83' lang='lat' dir='ltr'><strong><em>adducens</em></strong></span> <span class='ocrx_word' id='word_1_585' title='bbox 665 4694 740 4754; x_wconf 91' lang='lat' dir='ltr'><strong><em>libro</em></strong></span> <span class='ocrx_word' id='word_1_586' title='bbox 790 4715 856 4755; x_wconf 89' lang='lat' dir='ltr'><strong><em>enm</em></strong></span> <span class='ocrx_word' id='word_1_587' title='bbox 881 4696 961 4757; x_wconf 89' lang='lat' dir='ltr'><strong><em>huuc</em></strong></span> <span class='ocrx_word' id='word_1_588' title='bbox 985 4697 1119 4756; x_wconf 88' lang='lat' dir='ltr'><strong><em>declarat</em></strong></span> <span class='ocrx_word' id='word_1_589' title='bbox 1145 4699 1273 4776; x_wconf 78' lang='lat' dir='ltr'><strong><em>August.</em></strong></span> <span class='ocrx_word' id='word_1_590' title='bbox 1301 4701 1330 4758; x_wconf 90' lang='lat' dir='ltr'><strong><em>in</em></strong></span> <span class='ocrx_word' id='word_1_591' title='bbox 1359 4703 1485 4778; x_wconf 81' lang='lat' dir='ltr'><strong><em>exposit.</em></strong></span> 
     </span>
    </p>
   </div>
   <div class='ocr_carea' id='block_1_11' title="bbox 0 0 1632 5190">
    <p class='ocr_par' dir='ltr' id='par_1_14' title="bbox 0 0 1632 5190">
     <span class='ocr_line' id='line_1_87' title="bbox 0 0 1632 5190; baseline 0 3"><span class='ocrx_word' id='word_1_592' title='bbox 0 0 1632 5190; x_wconf 95' lang='lat' dir='ltr'><strong><em> </em></strong></span> 
     </span>
    </p>
   </div>
  </div>
 </body>
</html>
