3254 5190
387 1271 654 1386 llillllllll
688 1270 929 1386 tuillium
964 1268 1210 1384 lullltllt.

697 1552 906 1567 ...η-ι*

183 1804 294 1924 Quod
322 1834 442 1921 prioris
469 1833 625 1900 editionis
653 1840 780 1921 auctor,
807 1836 857 1901 vir
880 1836 1080 1902 clarissimus
1107 1843 1142 1902 et
1170 1835 1210 1902 de
1234 1834 1406 1901 Ecclesiae
1422 1818 1522 1901 'bono

77 1966 109 2020 et
137 1977 174 2021 re
202 1956 353 2022 literaria
380 1956 503 2043 optino
532 1956 666 2022 meritus
692 1955 889 2023 Franciscus
915 1955 1059 2040 Sausen,
1100 1957 1247 2043 speravit
1273 1955 1362 2039 tore,
1391 1959 1428 2021 ut
1456 1954 1519 2021 ali·

78 2095 175 2163 quarn
206 2075 294 2162 apud
321 2075 513 2142 Catholicos
540 2077 681 2162 gratiam
707 2074 825 2144 labore
852 2094 912 2143 suo
940 2077 984 2143 sit
1011 2082 1269 2161 consecuturus,
1297 2077 1381 2161 hoo,
1422 2095 1521 2163 quum

80 2216 163 2283 opus
197 2216 291 2263 suum
325 2199 466 2264 omniurn
504 2216 639 2264 assensu
677 2196 968 2284 comprobaretur,
1006 2198 1173 2285 expletum
1211 2204 1272 2264 est.
1327 2194 1437 2283 Quare
1472 2195 1523 2263 vir

80 2317 265 2383 indefessus
299 2318 340 2383 de
375 2338 461 2384 nova
501 2319 668 2404 editione,
710 2339 796 2406 quae
832 2320 934 2404 priori
977 2320 1077 2385 etiam
1121 2319 1306 2405 elegantior
1342 2323 1377 2383 et
1412 2321 1524 2381 tamen

82 2439 216 2504 minoris
252 2447 341 2507 esset
376 2441 493 2526 pretii,
531 2439 711 2527 cogitabat.
765 2439 842 2506 Jam
876 2442 963 2507 inter
997 2460 1072 2507 eum
1108 2445 1143 2507 et
1176 2445 1277 2506 notae
1312 2434 1524 2506 liberalitatis

87 2556 303 2645 bibliopolam
334 2560 442 2626 eade
471 2580 506 2626 re
534 2566 749 2645 conventum,
784 2563 920 2649 Jamque
948 2581 1031 2647 opus
1057 2567 1212 2649 coeptum
1240 2567 1330 2645 erat,
1365 2578 1462 2648 quum
1490 2557 1524 2624 id

86 2683 179 2763 gravi
213 2678 329 2747 morbo
367 2688 539 2768 correptus
574 2682 681 2748 editor
716 2684 935 2749 intermittere
971 2689 1157 2767 cogeretur.
1210 2682 1357 2748 l‘aveute
1384 2680 1524 2746 Numine

84 2805 208 2866 sanitas
242 2801 360 2885 rediit,
397 2809 543 2868 attamen
581 2803 827 2869 convalescenti
855 2824 872 2869 e
902 2801 1017 2869 morbo
1054 2805 1164 2890 operis
1200 2801 1413 2871 continuandi
1448 2819 1524 2887 spes

83 2943 145 2987 uon
175 2922 313 3007 allulsit,
351 2943 448 3010 quum
477 2926 564 2991 vires
591 2930 781 2990 attenuatae
819 2926 873 2989 vix
909 2927 1076 2991 consuetis
1110 2926 1214 3011 iisque
1250 2944 1316 2989 non
1348 2923 1463 3008 paucis
1491 2925 1525 2986 et

82 3043 284 3127 gravissimis
311 3040 427 3108 officiis
455 3052 488 3111 et
516 3043 791 3131 occupationibus
818 3045 968 3111 sufficere
995 3044 1059 3113 sibi
1087 3047 1289 3113 viderentur.

187 3164 406 3231 Nihilominus
433 3165 476 3231 ab
505 3188 604 3253 opere
632 3188 692 3253 pro
720 3167 784 3232 Dei
820 3168 926 3252 gloria
953 3175 987 3233 et
1015 3168 1186 3233 Ecclesiae
1215 3169 1339 3234 honore
1370 3172 1403 3232 et
1431 3166 1523 3231 utili·

84 3293 154 3351 tate
184 3294 339 3371 suscepto
367 3306 432 3352 uon
461 3286 663 3370 desistebat3
701 3296 735 3353 at
763 3287 849 3375 quod
878 3290 948 3373 ipse
977 3288 1169 3353 continuare
1197 3310 1262 3355 uon
1299 3292 1449 3373 poterat,
1489 3292 1525 3353 ut

82 3427 142 3472 nos
181 3408 424 3493 susciperemus
457 3409 630 3491 invitavit,
677 3417 711 3475 et
744 3406 991 3494 liberalissime,
1024 3407 1255 3495 quodcumque
1290 3409 1361 3495 ipse
1398 3404 1522 3474 habere

81 3535 217 3616 poterat
239 3529 324 3613 Juris
352 3536 386 3594 et
423 3530 634 3596 emolumenti
663 3531 781 3613 cessit,
816 3551 856 3596 nc
891 3528 1097 3596 utilissimum
1134 3547 1217 3615 opus
1252 3529 1409 3613 malorem
1437 3528 1528 3593 ultra

82 3650 249 3736 reciperet
276 3650 532 3717 cunctationem.
1170 3622 1172 3627 Ι

188 3769 289 3856 CuJus
317 3771 379 3837 viri
405 3773 548 3858 vestigia
576 3780 722 3839 terentes
750 3773 783 3839 id
810 3772 913 3841 solum
942 3777 1138 3855 curavimus,
1166 3780 1203 3838 ut
1229 3771 1348 3857 prioris
1372 3769 1526 3835 editionis

82 3902 210 3959 textum
251 3891 501 3980 diligentissime
536 3901 773 3981 percensentes
809 3897 972 3981 integrum
1014 3902 1048 3961 et
1087 3913 1183 3983 quarn
1225 3892 1524 3960 emendatissimum

82 4012 329 4082 exhiberemus.

187 4135 279 4203 Nihil
308 4156 387 4223 ergo
415 4141 448 4203 in
476 4159 511 4204 re
539 4140 757 4220 immutatum,
785 4139 867 4204 nihil
895 4138 1072 4224 adjectum,
1100 4139 1182 4204 nihil
1210 4136 1377 4207 omissum.
1405 4135 1526 4202 'lotum

83 4261 244 4324 Doetorio
276 4261 519 4346 fundatissima·
563 4279 664 4346 opus,
704 4260 801 4347 quale
835 4262 906 4346 ipse
947 4261 1142 4347 conscripsit
1179 4266 1212 4326 et
1252 4258 1294 4324 ad
1331 4258 1527 4344 optimorum

81 4379 242 4447 librorum
271 4380 367 4446 fldem
395 4382 485 4468 prior
519 4382 577 4446 illa
602 4381 797 4466 lloguntiua
824 4380 926 4447 editio
966 4380 1074 4448 denuo
1103 4381 1350 4467 Theologorum
1377 4375 1528 4444 manibus

84 4501 284 4581 tradiderat,
313 4500 385 4589 tibi,
414 4502 576 4569 benevole
604 4504 721 4588 lector,
750 4503 895 4570 offertur.
949 4501 1016 4570 Sed
1045 4503 1132 4592 quod
1159 4511 1275 4569 auctor
1301 4500 1527 4568 fundatissime

81 4624 217 4714 scripsit
252 4630 288 4691 et
323 4631 513 4692 antecessor
549 4630 660 4691 noster
701 4626 824 4711 optime
865 4627 1070 4712 recognitum
1105 4625 1210 4692 edidit
1249 4644 1349 4713 opus,
1391 4642 1520 4709 novam,
