3254 5190
496 329 507 352 ο
535 266 698 322 aristonis
716 267 756 320 m
776 265 926 337 nouisos.
963 267 1044 320 vass,
1064 267 1088 318 a.
1482 275 1527 344 31

80 444 241 522 Eorcdcrc
259 445 298 504 de
314 451 404 505 terro
425 451 483 506 tuo
507 454 564 505 etc.
589 443 699 506 Genea.
726 447 784 517 12,
833 440 900 504 dam
923 444 1173 522 justificationem
1194 442 1464 522 comprehendens,
1488 444 1531 502 uti

80 531 265 593 describitur
280 540 316 590 ut
330 532 378 591 vir
388 533 503 611 justus,
518 540 624 612 utpote
639 531 741 593 fidelis
756 540 785 590 et
832 551 897 610 cap.
918 537 943 591 1.
960 540 991 589 et
1006 538 1034 593 3.
1051 531 1123 590 satis
1139 539 1186 589 est
1200 537 1360 589 ostensum.

82 619 229 680 obediens
251 618 339 691 Deo,
363 627 394 678 et
409 626 443 677 ut
464 617 533 679 talis
548 617 688 678 laudatur·
703 618 784 678 Heb.
875 618 924 678 Ad
944 619 1144 695 posteriorem
1165 615 1384 677 dubitationem
1407 636 1529 695 raspon-

84 710 130 767 11.
144 715 178 765 et
192 704 283 765 alibi.
300 705 426 766 Deinde
433 750 445 782 ,
468 706 542 784 quia
565 706 711 785 scriptura
725 725 785 764 non
834 702 897 763 deri
912 713 1021 784 potest,
1037 702 1187 762 Abrabam
1201 702 1325 762 divinae
1337 704 1529 782 promissioni

83 792 214 872 loquitur
231 790 299 850 illic
315 790 354 851 de
368 790 428 852 fide
440 790 554 852 Christi
568 793 785 871 propitiatoria,
834 790 1013 863 credentem,
1028 811 1088 849 non
1101 790 1195 849 solam
1206 788 1373 849 attendisse
1382 791 1531 851 carnalem

84 878 132 939 aad
147 878 187 938 de
204 898 243 938 ca
256 877 356 938 solum
367 877 436 951 lide,
452 898 512 958 qua
523 879 708 958 promittenti
717 879 785 937 Deo
833 879 1056 957 posteritatem,
1094 875 1147 935 sed
1184 877 1349 955 praecipue
1380 886 1531 956 spectasse

84 963 208 1025 credidit
223 965 397 1038 Abraham,
420 985 522 1025 seman
545 985 630 1025 suum
652 964 786 1024 futurum
833 984 926 1024 unum
942 962 1017 1023 illud
1030 983 1139 1035 semen,
1157 963 1187 1020 in
1197 982 1265 1042 quo,
1278 963 1357 1022 sicut
1369 965 1397 1021 ei
1408 965 1530 1041 promit·

87 1052 158 1111 sicut
172 1051 285 1112 stellas
301 1050 386 1111 coeli
833 1051 907 1110 titur
923 1050 999 1110 Gen.
1015 1052 1073 1120 12,
1089 1048 1314 1109 benedicendae
1329 1061 1413 1109 erant
1427 1070 1531 1111 omnes

116 1137 164 1197 Ad
172 1139 311 1218 priorem
319 1137 537 1197 dubitationem
549 1139 703 1217 responsio
713 1157 784 1217 quo·
833 1137 968 1197 familiae
991 1145 1105 1209 terrae3
1129 1135 1159 1193 id
1184 1145 1229 1194 est
1244 1133 1414 1208 Christum,
1431 1156 1470 1196 ax
1487 1137 1531 1216 ip·

86 1224 207 1286 trudam
223 1236 282 1299 ast,
296 1224 392 1285 verba
408 1224 493 1283 citati
508 1223 635 1282 aPaulo
651 1226 785 1284 testimo·
834 1225 897 1284 sius
912 1223 1092 1303 posteritate
1108 1223 1300 1281 nasciturum.
1317 1223 1396 1281 Nam
1408 1233 1532 1302 propter

87 1312 125 1372 rii
145 1309 186 1370 de
202 1312 305 1391 prima
319 1310 461 1370 Abrahae
478 1310 696 1388 justificatione
719 1330 785 1370 esse
833 1312 891 1370 boc
907 1331 1019 1382 semen,
1035 1308 1116 1388 quod
1132 1319 1178 1368 est
1193 1308 1347 1382 Christus,
1363 1312 1464 1370 omnia
1479 1310 1532 1370 illa

87 1397 300 1477 intelligenda:
324 1418 382 1457 nou
399 1406 499 1457 tamen
513 1396 670 1458 referenda
685 1398 723 1456 ad
740 1419 785 1456 so·
834 1396 872 1458 de
888 1398 1001 1458 carnali
1016 1395 1194 1475 posteritate
1209 1399 1357 1475 promissa
1372 1396 1531 1456 dabantur.

86 1483 140 1545 ism
165 1486 401 1565 promissionem
425 1483 485 1542 Dei
509 1485 644 1564 proxime
664 1505 785 1564 praece·
876 1485 988 1546 Verum
1004 1485 1075 1563 quia
1089 1487 1120 1542 in
1131 1484 1335 1562 promissione,
1352 1503 1429 1562 quae
1440 1484 1531 1543 babe-

86 1570 219 1645 dentem,
247 1571 300 1632 aad
330 1572 420 1632 etiam
445 1569 484 1630 ad
509 1570 584 1630 alias
609 1573 785 1651 superiores,
834 1581 882 1630 tur
897 1570 1006 1633 Genea.
1027 1573 1074 1630 15.
1090 1565 1142 1645 (ex
1158 1590 1215 1649 quo
1237 1570 1304 1630 loco
1326 1591 1469 1649 praeseus
1492 1578 1534 1630 te·

87 1659 197 1740 qulbus
205 1660 274 1739 jam
289 1668 361 1718 ante
373 1667 403 1717 et
415 1656 453 1715 ab
465 1658 550 1717 initio
559 1657 695 1718 credidit
707 1657 786 1717 Nam
835 1660 1002 1719 stimonium
1011 1657 1197 1735 desumptum
1207 1654 1274 1733 est),
1286 1657 1370 1716 nulla
1381 1657 1414 1715 fit
1426 1658 1534 1717 montio

85 1745 144 1823 fide
160 1746 331 1808 Abrabam
346 1744 486 1805 obedivit
504 1747 541 1805 ira
563 1745 666 1805 locum
690 1748 785 1820 cairo,
835 1747 970 1819 seminis,
985 1745 1016 1803 in
1032 1763 1091 1824 quo
1104 1754 1208 1822 gentes
1224 1746 1284 1803 sint
1298 1743 1534 1816 benedicendae,

88 1852 177 1911 quem
193 1840 386 1910 accepturus
406 1839 475 1892 erut
501 1834 536 1892 in
552 1833 786 1891 haereditatem.
837 1831 889 1892 sed
920 1841 1033 1892 tantum
1064 1832 1250 1910 posteritatis
1280 1831 1424 1906 carnalis;
1453 1831 1537 1892 velut

87 1918 178 1980 llcbr.
198 1925 249 1980 11.
267 1919 355 1980 Haec
370 1919 525 1997 responsio
541 1919 613 1978 milri
630 1928 710 1978 certe
725 1921 787 1979 vio·
837 1920 925 1980 etiam
949 1928 1011 1979 toto
1035 1918 1092 1977 boc
1115 1919 1213 1998 capite
1240 1938 1299 1978 non
1329 1918 1419 1978 aliam
1447 1918 1536 1979 fidem

87 2004 168 2067 lenta
183 2004 310 2066 videtur
321 2014 352 2065 et
363 2004 578 2085 improbabilis.
591 2005 702 2065 Planus
712 2007 788 2065 enirn
838 2007 995 2081 Abrahae,
1011 2024 1087 2085 quae
1103 2006 1131 2064 ei
1146 2015 1283 2084 reputata
1297 2003 1387 2065 luerit
1402 2006 1440 2065 ad
1452 2006 1536 2085 justi·

88 2096 260 2173 scripturae
270 2101 370 2153 textus
382 2092 524 2172 postulat,
536 2101 570 2150 ut
581 2092 708 2152 verbum
721 2111 789 2153 crc—
837 2095 924 2168 tiam,
945 2101 1032 2171 urget
1047 2091 1225 2171 Apostolus,
1249 2112 1337 2171 quam
1360 2113 1420 2173 qua
1436 2103 1537 2152 contra

89 2181 171 2240 didit
186 2182 329 2260 praecise
343 2178 492 2240 referatur
507 2178 546 2239 ad
561 2180 790 2257 promissionem
839 2203 921 2261 spem
951 2181 982 2239 in
1005 2199 1089 2258 spem
1118 2179 1184 2238 Deo
1206 2180 1389 2256 promittenti
1412 2178 1538 2240 credidit

87 2268 222 2348 proxime
238 2276 409 2349 namatam3
429 2287 531 2347 neque
551 2268 678 2344 patitur,
699 2275 733 2324 ut
752 2265 791 2324 ad
840 2263 887 2343 (ut
902 2266 979 2328 infra
995 2262 1123 2339 dicitur),
1139 2285 1172 2324 se
1187 2264 1320 2325 futurum
1336 2275 1451 2343 patrem
1465 2265 1537 2326 mul·

87 2354 160 2415 alias
175 2354 273 2433 longe
292 2354 476 2432 praemissas
497 2360 566 2433 post
584 2352 680 2412 multa
703 2353 792 2412 inter·
841 2365 937 2416 tarum
962 2353 1110 2432 gentium3
1133 2351 1242 2410 idcirco
1270 2351 1454 2431 respondent
1480 2353 1538 2427 alii,

88 2440 187 2503 media
201 2440 384 2502 retrahatur.
409 2441 491 2500 Tum
513 2448 543 2499 et
564 2440 641 2498 ratio
665 2438 791 2499 obsistit.
840 2442 929 2502 fidem
953 2440 1035 2499 illam
1057 2438 1215 2511 Abrahae,
1231 2438 1300 2497 licet
1321 2460 1381 2499 non
1397 2440 1487 2499 fuerit
1501 2438 1539 2499 de

90 2528 165 2588 Nam
181 2528 211 2587 si
228 2526 269 2586 de
282 2528 383 2606 prima
393 2525 612 2605 juatfficatione
628 2545 724 2586 senno
738 2535 792 2598 cst,
842 2528 976 2598 Christo,
992 2533 1025 2584 ut
1040 2524 1170 2601 objecto,
1186 2534 1285 2584 tamen
1302 2525 1432 2585 innixam
1447 2526 1540 2587 inisse

85 2616 146 2692 jam
171 2615 299 2674 omnino
323 2633 383 2673 non
406 2614 517 2693 poterit
540 2611 646 2672 referri
669 2613 792 2672 verbum
842 2615 913 2676 fidei
929 2634 981 2673 seu
998 2611 1127 2671 fiduciae
1143 2609 1315 2686 derristo,
1333 2613 1540 2672 saltemtacite

91 2700 226 2761 eredidit
239 2700 281 2759 ad
292 2701 521 2780 promissionem
530 2708 727 2778 praesentem,
740 2697 794 2758 sed
841 2711 932 2782 atque
948 2699 1104 2778 implicite,
1128 2697 1297 2758 sinendum
1314 2718 1487 2780 expressam
1502 2698 1541 2759 de

91 2786 128 2847 sd
137 2787 224 2847 illam
232 2786 331 2847 solam
338 2785 532 2848 referendum
545 2786 611 2857 erit,
624 2806 702 2865 quae
713 2784 794 2845 lacta
841 2810 877 2850 eo
893 2786 1107 2848 revelationem
1121 2793 1286 2865 acceperat.

90 2872 144 2933 tuit
166 2873 314 2933 Abrabae
335 2872 469 2934 nondum
487 2872 663 2950 justificato.
684 2873 795 2951 Itaque
886 2873 947 2936 Sed
970 2873 1045 2933 haec
1068 2873 1223 2951 responsio
1246 2873 1421 2952 principium
1436 2881 1540 2954 petere

90 2981 146 3021 non
162 2970 229 3019 stat
244 3005 253 3032 ,
268 2969 301 3018 ut
317 2959 357 3021 ad
370 2961 451 3021 banc
466 2958 556 3020 simul
571 2966 601 3019 et
615 2960 729 3039 priores
749 2979 793 3019 ra·
842 2960 970 3022 videtur.
986 2960 1055 3020 Hoc
1070 2961 1167 3040 ipsum
1177 2958 1255 3018 enim
1267 2959 1454 3038 probandum
1467 2968 1540 3032 erat,

90 3044 215 3108 letatur.
841 3047 984 3108 Abrahae
999 3046 1102 3118 fidem,
1126 3066 1185 3126 qua
1201 3043 1325 3106 credidit
1339 3048 1406 3107 Deo
1422 3049 1540 3127 promit·

130 3132 270 3195 Proinde
280 3136 383 3196 verior
394 3154 431 3194 ao
443 3132 538 3194 textui
549 3131 684 3192 Mosaico
696 3133 794 3211 magis
843 3136 918 3195 tenti
934 3135 989 3194 sibi
1005 3152 1107 3192 semen
1124 3133 1202 3191 sicut
1223 3131 1327 3192 stellas
1350 3133 1442 3207 coeli,
1467 3135 1541 3194 inni·

91 3227 297 3281 comentanea
304 3221 462 3300 responsio
475 3227 537 3280 est:
550 3218 703 3278 Abraham
714 3229 795 3292 tuuc,
843 3243 911 3282 xum
927 3221 1021 3280 luisse
1032 3217 1110 3290 fidei,
1126 3218 1542 3298 quamhnbebatdeObristo3

90 3308 213 3388 quaudo
227 3307 289 3367 hoc
311 3304 457 3380 credidit,
473 3302 555 3386 quod
578 3305 621 3364 ibi
643 3305 744 3367 Moses
767 3307 794 3365 ei
843 3317 873 3369 et
889 3329 927 3368 ex
941 3307 998 3366 hoc
1012 3304 1205 3365 fundamento
1216 3305 1344 3366 vulumsc
1362 3307 1389 3366 ei
1404 3307 1443 3367 ad
1454 3308 1541 3385 justi·

90 3397 277 3474 promimm
283 3401 396 3464 narrat,
401 3392 603 3473 justificatum
615 3391 723 3453 fuisse:
736 3413 795 3453 nou
843 3396 921 3455 tiam.

90 3479 173 3559 quod
188 3490 267 3540 tunc
282 3497 324 3539 ex
339 3481 435 3559 impio
447 3480 549 3558 justus
565 3477 665 3538 iactus
687 3478 796 3554 luerit3
887 3479 1057 3558 Simplicior
1079 3477 1150 3537 mihi
1179 3479 1332 3558 responsio
1356 3478 1488 3554 videtur,
1518 3482 1543 3540 si

90 3565 144 3627 sed
158 3568 238 3648 quia
262 3585 300 3625 aa
320 3565 379 3629 tide
399 3577 545 3647 tanquam
567 3566 677 3644 insigni
702 3586 795 3646 opere
846 3566 977 3627 dicamus
1000 3567 1072 3625 satis
1095 3585 1162 3624 asse
1193 3565 1303 3637 Paulo,
1333 3564 1373 3624 ab
1404 3567 1543 3647 exemplo

87 3653 233 3732 justitiae
248 3651 404 3714 declarata
418 3652 477 3714 luit
488 3661 518 3711 et
530 3660 622 3712 aucta
634 3653 698 3731 ejus
706 3654 796 3733 justi·
845 3652 1002 3724 Abrabae,
1025 3653 1077 3733 qui
1099 3672 1136 3711 ex
1160 3650 1234 3722 fide,
1250 3671 1310 3731 qua
1324 3651 1392 3712 Deo
1409 3652 1543 3726 credidit,

91 3742 149 3800 tia:
171 3749 298 3800 auctam
314 3741 383 3801 dico
405 3760 441 3801 ea
459 3738 695 3820 justificatione,
718 3760 797 3821 quae
841 3740 1020 3820 justificatus
1036 3738 1128 3798 luisse
1147 3740 1301 3810 scribitur,
1323 3738 1543 3821 qualecumque

91 3828 232 3888 munda
246 3838 385 3889 vocatur.
401 3826 481 3887 Nam
498 3826 590 3886 etiam
605 3826 700 3885 multo
717 3835 797 3907 post,
846 3827 937 3888 fuerit
951 3826 1031 3886 illius
1048 3825 1119 3886 fidei
1135 3825 1292 3906 objectum,
1307 3825 1484 3899 ostendisse,
1499 3825 1542 3886 id·

92 3913 216 3993 quando
230 3912 327 3976 tilium
338 3934 423 3974 suum
436 3911 556 3984 obtulit,
571 3910 696 3972 eandem
706 3916 797 3993 scrip·
847 3935 907 3994 que
930 3912 1010 3992 apud
1033 3912 1185 3986 Judoeos,
1211 3911 1320 3992 quibus
1344 3915 1443 3972 omnia
1465 3913 1545 3973 facta

92 4010 192 4060 turam
216 4000 374 4080 impletam
396 4000 504 4072 musa,
527 3997 663 4060 Jacobus
687 4000 719 4060 in
735 4002 799 4079 epi·
847 3999 987 4058 Abrahae
1003 4008 1087 4059 erant
1102 3999 1290 4070 veneranda,
1317 3999 1396 4079 quod
1417 4022 1477 4061 non
1492 3999 1543 4059 de-

92 4086 172 4147 rtola
186 4106 244 4147 sua
260 4096 390 4149 testatur
405 4108 470 4167 cap.
487 4088 515 4144 2.
525 4084 549 4145 J
550 4105 598 4145 am
611 4087 637 4144 si
645 4087 798 4147 Abrabam
847 4089 918 4147 beat
933 4085 1062 4145 absurda
1077 4084 1174 4147 videri
1190 4086 1325 4146 doctrina
1346 4086 1544 4167 Evangelica,

91 4183 183 4234 antas
192 4174 311 4253 justus,
327 4173 425 4234 adbuc
437 4172 624 4252 justificatur
641 4192 678 4233 ex
694 4171 753 4234 fide
769 4181 799 4233 et
847 4172 902 4232 sed
920 4175 963 4245 iia,
979 4192 1056 4253 quae
1072 4170 1110 4232 de
1124 4171 1285 4246 Abraham,
1298 4174 1485 4233 sanctissimo
1497 4193 1544 4233 eo·

91 4279 147 4340 per
159 4263 293 4341 patiam
308 4260 388 4333 fidei,
404 4281 465 4322 non
477 4267 577 4319 autem
591 4260 796 4338 exoperibus:
846 4279 910 4319 rum
925 4257 1113 4339 patriarcha,
1129 4259 1285 4339 leguntur,
1301 4258 1460 4320 admodum
1477 4281 1544 4320 con·

91 4347 205 4425 majori
219 4349 315 4428 igitur
328 4348 447 4409 ratione
462 4342 555 4426 (quod
573 4347 604 4405 in
618 4344 677 4405 line
690 4347 798 4425 capitis
848 4367 937 4419 aona,
962 4366 1024 4426 qua
1046 4344 1170 4406 docetur
1193 4346 1314 4427 impium
1333 4348 1493 4425 justificari
1508 4368 1546 4407 ex

91 4434 261 4514 Apostolus
275 4431 443 4509 concludit)
459 4454 497 4494 ex
513 4433 606 4511 impio
614 4434 716 4510 justus
729 4434 797 4512 quis
848 4432 923 4492 fide:
947 4453 1013 4493 cum
1038 4431 1115 4493 illud
1136 4434 1303 4513 exemplum
1328 4434 1408 4493 clare
1431 4434 1545 4505 doceat,

92 4523 225 4601 μ’ἰωαω
252 4522 382 4583 afficitur
412 4540 467 4602 par
497 4519 586 4580 fidem
609 4528 640 4578 et
662 4540 723 4579 non
744 4540 800 4598 per
848 4540 914 4580 ease
928 4540 991 4579 rem
1006 4519 1073 4579 Deo
1089 4518 1127 4578 ad
1139 4520 1287 4598 justitiam
1309 4521 1433 4581 hominis
1455 4520 1544 4582 valde

92 4628 197 4688 opera.
223 4606 316 4670 Adde
335 4607 419 4690 quod
441 4606 581 4686 Apostoli
607 4604 745 4666 doctrina
761 4606 799 4666 de
848 4614 964 4685 gratam
980 4616 1009 4665 at
1024 4615 1184 4686 acceptam,
1211 4609 1238 4667 si
1252 4607 1351 4667 verbis
1366 4607 1446 4668 illius
1462 4607 1545 4668 indu-

88 4695 312 4774 jostisicatione
326 4693 481 4775 generalis
496 4701 557 4769 est,
582 4693 673 4753 etiam
695 4712 797 4753 seeun-
847 4693 941 4752 bitata
955 4692 1028 4753 tides
1044 4692 1229 4754 adhibeatis.

143 4794 216 4836 nrt
229 4793 305 4837 reru
322 4795 397 4836 oon
411 4792 468 4834 τοι
482 4793 501 4832 ι.
1320 4799 1340 4858 3
