3254 5190
416 290 674 349 memoratio
692 286 878 347 committite
904 292 988 347 VERS.
1007 294 1049 347 37.
1066 295 1108 347 88.
1400 298 1473 367 511

69 471 190 549 jusdam
227 473 472 535 commentar-inst
510 474 583 534 Non
613 472 730 534 bobeno
780 470 927 532 elocentis
943 470 1048 545 tiliam,
1071 468 1110 531 de
1132 488 1193 551 quo
1215 478 1337 531 tanturm·
1349 469 1477 543 dixerat,

69 562 266 634 ωυιιαιιηι,
289 558 395 633 idest,
417 560 667 639 quiaervuanon
684 561 731 630 ait,
779 578 848 620 non
867 567 987 635 peceat.
1013 557 1084 618 ¹Sed
1111 557 1254 636 quoniam
1279 559 1311 619 in
1336 559 1477 618 humanis

88 645 227 726 pendeat
251 666 289 707 ax
319 646 445 706 alterius
476 647 646 719 voluntate,
677 642 731 706 sed
780 646 946 706 actionibus
963 663 1062 717 omne,
1077 642 1158 724 quod
1173 666 1234 705 non
1250 653 1297 704 eat
1311 654 1476 725 peccatum.

69 750 116 806 cr,
132 741 170 792 ut
181 735 280 812 possit
291 733 410 793 elocare
420 732 512 792 filiam
526 735 577 792 cui
592 733 729 793 voluerit.
780 733 858 793 bene
878 732 927 805 iit,
953 741 988 791 ut
1008 739 1152 791 annotant
1173 731 1425 811 Theophylactua
1448 738 1478 791 et

69 826 144 879 »stat
159 821 253 879 etiam
267 818 437 900 hujusmodi
452 820 560 897 glossis
575 816 622 893 id,
648 818 731 898 quod
780 818 997 893 Oeeumeniua3
1028 836 1064 877 ac
1088 818 1216 897 proinde
1242 827 1274 878 et
1300 819 1354 897 qui
1380 818 1477 879 slooat

69 907 171 966 minus
193 908 399 986 subiungitur,
422 924 550 965 screare
572 908 730 981 virptrsem
780 905 869 966 liliam
893 924 993 979 auem,
1019 906 1044 963 si
1059 922 1118 963 nou
1141 914 1263 984 peccat,
1286 905 1364 964 bene
1388 904 1477 964 iacit:

69 1006 139 1053 astu.-
163 991 246 1073 quod
261 991 433 1072 emphatice
455 991 515 1052 dici
536 1014 596 1053 non
614 1001 662 1053 eat
676 990 729 1052 du·
780 991 889 1052 idcireo
906 990 1022 1052 Paulus
1044 992 1241 1071 sequentibus
1263 991 1365 1051 verbis
1390 1010 1476 1071 aper·

69 1100 124 1140 rm.
780 1086 840 1137 tum
855 1081 968 1157 profert
983 1079 1143 1139 discrimen
1165 1079 1245 1139 inter
1264 1078 1432 1138 elocantem
1446 1084 1478 1137 et

69 1168 267 1227 Potcetotem
278 1172 384 1225 cutam
395 1165 513 1225 bobone
524 1166 730 1227 mareoten·
780 1185 840 1226 non
855 1167 1033 1225 elocautem.

69 1256 116 1313 tie.
149 1252 281 1314 Graece:
304 1252 494 1312 Potastotem
516 1260 624 1313 cutem
638 1252 730 1311 babet
823 1252 873 1310 38.
890 1254 996 1328 Ipitur
1018 1258 1048 1311 et
1064 1253 1121 1328 poi
1143 1253 1351 1311 matrimonio
1364 1253 1475 1327 junqit

69 1356 117 1401 'cc
144 1341 318 1417 propriam
346 1340 563 1400 volontatem
593 1339 651 1400 hoc
676 1348 729 1412 est,
778 1341 936 1414 oirpioem
951 1358 1052 1414 mom,
1070 1338 1148 1398 bena
1161 1339 1251 1416 fecit.
1279 1337 1397 1398 Gnece
1410 1346 1477 1398 tau·

69 1426 220 1487 luntatom
242 1426 333 1486 habet
354 1445 374 1485 a
386 1428 568 1488 necessitate
591 1446 644 1487 seu
663 1444 730 1486 coa·
779 1434 843 1487 tum
857 1435 918 1486 eat:
934 1428 1048 1503 Itaque
1061 1428 1118 1502 qui
1132 1424 1234 1486 elocot
1248 1428 1378 1501 nuptui,
1398 1425 1477 1485 broc

69 1528 133 1575 one
156 1515 310 1594 praecepti
332 1512 472 1572 liberam:
494 1522 528 1574 ut
550 1515 644 1595 possit
664 1514 731 1572 aine
777 1512 866 1589 facit.
903 1512 1073 1595 interpres,
1099 1520 1134 1571 ut
1158 1512 1249 1592 pleua
1270 1522 1355 1572 esset
1380 1513 1476 1572 oratio

69 1608 156 1663 cesto
171 1601 317 1660 utrumvis
340 1599 457 1678 eligere.
496 1601 565 1660 Etsi
586 1620 659 1661 vero
682 1600 730 1659 hia
779 1603 937 1675 cimicem
952 1618 1041 1660 suom
1059 1597 1182 1677 adjecit,
1197 1618 1259 1659 non
1274 1598 1314 1658 de
1328 1618 1400 1675 suo,
1423 1598 1477 1660 sed

69 1689 142 1757 rbis,
166 1685 419 1766 quemadmodum
441 1693 472 1745 et
493 1687 552 1747 illia
571 1687 729 1766 superiori·
780 1705 819 1747 ex
833 1695 919 1767 parte
935 1684 1138 1766 praecedeuti.
1176 1686 1291 1747 Senem
1309 1694 1373 1746 em:
1398 1704 1477 1761 eum,

69 1795 103 1848 a,
123 1774 213 1851 quod
227 1773 297 1833 velt
310 1773 429 1848 sociat,
457 1792 600 1854 expresse
615 1781 730 1835 tautum
780 1774 831 1855 qui
852 1773 947 1834 tiliam
969 1792 1054 1833 eoam
1078 1772 1177 1833 elocat
1204 1774 1234 1833 in
1250 1773 1477 1848 matrimonium,

69 1861 222 1939 :nitioetur
242 1859 400 1919 libertasa
422 1869 601 1942 praecepto:
627 1878 730 1921 eonse-
779 1880 842 1920 rem
857 1862 966 1921 bonam
981 1861 1088 1919 iacere
1110 1859 1225 1920 Bonam
1242 1861 1393 1940 intellige,
1416 1879 1476 1921 uon

71 1956 163 2009 enter
177 1954 279 2007 tamen
301 1966 341 2006 ex
356 1947 394 2006 iia
416 1945 569 2028 colligitur
588 1950 679 2007 etiam
695 1946 728 2007 li·
780 1948 875 2008 solum
889 1948 1008 2009 ratione
1022 1947 1099 2020 linis,
1115 1965 1205 2026 quem
1218 1966 1258 2007 ex
1273 1966 1311 2009 eo
1327 1966 1419 2029 opere
1433 1949 1477 2007 in·

69 2044 131 2095 rtus
147 2034 275 2108 arbitrii,
290 2051 370 2113 quae
386 2034 416 2092 in
428 2034 569 2114 eligendo
586 2035 730 2094 consistit
780 2034 878 2095 tendit
892 2041 923 2095 et
938 2035 1133 2113 consequitur
1143 2042 1237 2112 pater,
1253 2033 1323 2094 dum
1337 2033 1369 2094 id
1384 2052 1478 2115 agens

69 2123 104 2182 rit
119 2123 203 2183 enim
215 2121 379 2200 Apostolus
395 2121 439 2179 sic
455 2121 582 2181 liberam
597 2140 664 2181 esse
677 2140 729 2180 vo·
780 2121 910 2182 consulit
920 2118 1086 2200 pudicitiae
1098 2127 1130 2178 et
1143 2120 1329 2181 salutifiliae
1343 2140 1426 2195 auae,
1441 2140 1478 2180 ac

69 2216 177 2271 rutam
203 2208 374 2287 cujuspiam
398 2226 417 2266 a
439 2217 617 2288 praecepto,
642 2216 677 2267 ut
702 2207 730 2266 ei
779 2226 853 2268 auae
869 2207 984 2267 ismae:
1011 2226 1072 2285 qua
1093 2207 1211 2266 ratione
1233 2202 1347 2268 dictum
1370 2216 1418 2268 est
1438 2207 1476 2267 ab

69 2302 121 2356 eat
135 2293 310 2355 utrumlibet
325 2293 452 2372 eligere,
467 2306 557 2375 prout
573 2294 729 2373 placuerit.
778 2294 995 2355 Ecclesiastico
1017 2312 1083 2371 cap.
1109 2295 1136 2351 7.
1176 2294 1283 2353 ibode
1304 2294 1424 2372 filiam,
1447 2301 1478 2353 et

69 2380 164 2443 oinde
186 2388 268 2441 recte
290 2381 337 2439 hia
357 2381 515 2459 scripturis
537 2389 662 2441 utuntur.
683 2400 728 2440 or·
778 2382 901 2458 prande
924 2400 1003 2456 opus
1022 2381 1151 2458 scano,
1175 2398 1282 2439 verum
1303 2382 1414 2442 bonam
1437 2398 1477 2441 ex

69 2466 158 2529 »dexi
175 2465 321 2529 adversus
336 2466 516 2540 haereticos,
536 2466 588 2548 qni
604 2468 729 2527 liberum
780 2476 887 2528 natura
902 2469 1016 2547 operia,
1039 2468 1111 2546 quia
1130 2467 1352 2528 matrimonium
1365 2486 1416 2528 ree
1431 2484 1477 2526 ae

69 2556 189 2615 ritrium
203 2553 373 2614 bominibus
388 2553 532 2615 adimunt.
570 2553 665 2615 Simul
679 2573 730 2613 no·
779 2555 910 2615 eundum
925 2554 1115 2627 sebonaest,
1131 2554 1349 2615 iustitutionem
1362 2553 1478 2614 babens

69 2640 170 2714 mum,
200 2639 363 2719 utrobique
389 2640 421 2700 in
450 2640 607 2701 voluntate
634 2634 730 2721 patris
779 2662 799 2701 a
812 2642 889 2703 Deo.

69 2746 120 2790 am
136 2725 269 2806 intelligi
283 2725 471 2786 voluntatem
481 2727 573 2801 tiliae,
589 2731 655 2789 aina
669 2744 731 2808 qna
824 2730 867 2789 Et
894 2729 951 2805 qui
979 2744 1047 2788 noa
1073 2730 1201 2803 lecyti,
1239 2728 1352 2788 melicae
1385 2729 1476 2808 {ecit

69 2822 174 2876 utare
198 2831 257 2873 non
282 2820 384 2895 posset
411 2815 479 2892 ejus
501 2816 729 2874 matrimonium.
779 2814 914 2876 Graeca:
937 2815 1000 2892 Qui
1024 2830 1100 2874 vcro
1125 2832 1195 2875 noa
1220 2814 1321 2875 docet
1346 2816 1476 2891 nttpusi,

69 2902 134 2963 lum
150 2907 252 2960 autem
267 2907 382 2978 patrem
397 2901 580 2975 nominavit,
597 2904 669 2981 quia
684 2918 730 2961 ao·
779 2902 891 2962 maltro
903 2902 987 2980 facit
994 2943 1005 2974 ,
1022 2899 1132 2973 idest,
1154 2918 1219 2961 rem
1232 2900 1307 2962 iacit
1320 2901 1477 2962 meliorem

69 2985 615 3066 ¹thonestaepuellaenegotiomaui
628 2989 728 3047 matri·
781 2996 812 3048 et
837 2988 1097 3067 praestantiorem,
1129 2987 1246 3048 scilicet
1269 3006 1388 3066 ¹genere
1412 3006 1476 3047 suo.

72 3075 123 3135 nii
138 3072 318 3154 parentibus
334 3070 523 3152 relinquere,
539 3093 632 3153 aeque
646 3074 729 3154 quod
778 3075 868 3134 Retio
881 3081 964 3153 patet
975 3092 1014 3133 ex
1025 3073 1235 3153 superioribus.
1259 3075 1301 3134 Et
1311 3076 1373 3133 vim
1384 3072 1477 3134 babet

86 3162 174 3222 bano
194 3178 257 3219 rem
278 3160 426 3238 pertinet,
453 3180 556 3221 eorum
579 3162 729 3220 voluntati
780 3161 912 3232 consilii,
928 3157 1010 3240 quod
1025 3158 1114 3232 dicit,
1129 3161 1243 3220 maltos
1255 3163 1358 3239 facin
1378 3168 1413 3219 ut
1427 3177 1477 3218 an·

69 3244 249 3308 mentiendo
264 3247 450 3324 permittere.
489 3247 559 3327 Qua
580 3248 730 3309 tamenin
780 3254 886 3307 notant
900 3253 1153 3306 commentatores.
1183 3245 1256 3307 Dixi
1271 3247 1349 3306 bene
1365 3256 1396 3307 et
1409 3264 1476 3307 mc·

70 3334 247 3415 prudentes
262 3331 330 3392 illos
342 3350 409 3393 esse
420 3342 556 3412 oportet:
571 3341 605 3392 ut
618 3333 657 3394 de
668 3332 731 3393 filia
781 3334 843 3393 litos
857 3331 1055 3412 intelligenda
1078 3339 1222 3411 quantum
1238 3333 1277 3393 ad
1291 3341 1431 3393 naturam
1445 3340 1477 3392 et

69 3421 103 3481 ril
119 3426 272 3492 statuent,
294 3419 352 3479 nisi
373 3421 457 3499 prius
478 3419 555 3481 bene
571 3428 730 3500 perspecte
780 3439 876 3500 genus
893 3421 1010 3499 operis:
1026 3419 1149 3498 alioqui,
1165 3421 1312 3500 contingit
1324 3419 1476 3483 interdum

69 3526 91 3568 rs
107 3505 270 3567 voluntate
285 3526 321 3565 ac
336 3509 542 3586 propensione.
581 3506 661 3567 Nam
685 3526 730 3567 re·
781 3526 819 3568 ex
834 3506 903 3566 aliia
918 3506 1020 3567 cauais
1035 3515 1065 3566 et
1079 3505 1288 3584 adjacentibus
1303 3507 1383 3567 banc
1397 3526 1475 3566 com·

69 3601 279 3673 repetentum
290 3593 349 3652 ista
360 3591 493 3666 libertus,
508 3595 576 3654 sive
586 3602 730 3674 potestas,
779 3594 964 3673 perationem
979 3612 1040 3652 uon
1053 3612 1120 3653 ease
1132 3600 1317 3672 perpetuam.
1339 3594 1406 3653 Imo
1422 3613 1473 3673 po·

80 3698 150 3761 qua
165 3678 216 3739 hic
239 3679 372 3759 loquitur
388 3681 568 3760 Apostolus,
590 3700 609 3741 a
625 3680 729 3741 volun·
779 3682 850 3739 terit
864 3679 1043 3740 utrumlibet
1058 3698 1134 3760 opus
1151 3699 1190 3740 ex
1203 3680 1263 3740 line
1277 3680 1328 3741 vel
1343 3680 1404 3739 alia
1418 3682 1473 3739 elr-

69 3787 92 3828 ιι
108 3765 195 3826 tiliae
210 3762 369 3846 dependet.
780 3769 965 3827 cumatantic
973 3768 1082 3842 vitiari,
1095 3775 1155 3827 tam
1167 3787 1187 3826 a
1197 3775 1285 3847 parte
1295 3766 1376 3828 iilice
1387 3786 1477 3845 quarn

69 3853 362 3926 Etbocy’udioooit
377 3857 413 3914 ia
429 3854 603 3914 cordetuo.
619 3853 655 3913 Id
674 3860 728 3927 eat,
780 3855 885 3932 patria.
923 3853 1013 3933 Quod
1039 3855 1120 3914 enim
1146 3852 1220 3914 dicit
1246 3853 1411 3933 Apostolus
1436 3852 1475 3913 de

69 3950 147 4003 ‚turo
167 3937 283 4019 judicio
305 3939 387 4019 apud
409 3960 443 4000 ae
464 3938 599 4001 decrevit
618 3960 654 4000 ac
669 3948 727 4000 rta-
779 3945 866 4020 patra
881 3940 1019 4001 elocante
1033 3940 1139 4014 filiam,
1166 3940 1243 4000 benc
1255 3941 1353 4016 facit,
1370 3948 1403 4000 et
1416 3957 1476 4003 non

69 4027 161 4088 tboc
185 4026 268 4106 quod
291 4029 434 4106 sequitur.
472 4029 607 4088 Servare
627 4030 728 4102 cirpi-
779 4026 924 4100 elocente,
940 4028 1053 4087 melius
1065 4030 1166 4105 foeit5
1193 4026 1223 4087 id
1237 4034 1331 4087 totum
1346 4029 1413 4106 pari
1427 4046 1475 4086 ra·

69 4134 97 4176 m
113 4132 219 4175 mom.
241 4115 388 4191 Servare,
404 4113 524 4174 Graece
539 4114 592 4173 τοῦ
608 4115 726 4191 τηρεῖν,
778 4115 859 4174 tione
874 4112 1009 4193 intellige
1036 4113 1074 4173 de
1089 4116 1156 4194 ipaa
1179 4113 1241 4172 iilia
1255 4113 1403 4187 nubente,
1425 4112 1475 4175 vel

69 4208 188 4263 emet.
203 4193 728 4262 SubauditurenimivstucausaIe.
778 4220 838 4260 non
860 4201 1009 4276 nubente;
1036 4220 1072 4259 ao
1094 4201 1258 4279 generatim
1284 4200 1325 4260 de
1349 4202 1424 4261 viria
1445 4207 1476 4259 et

69 4307 136 4370 que
149 4305 214 4347 non
229 4294 343 4347 tautum
358 4286 508 4365 objectum
525 4287 651 4361 decreti,
675 4287 726 4347 sed
777 4287 895 4347 feminis
910 4287 1153 4348 contrahentibus
1169 4287 1408 4362 matrimonium,
1423 4286 1474 4347 vel

79 4374 154 4436 finis
177 4373 298 4434 consilii
325 4375 446 4453 paterni
469 4375 658 4452 significetur.
696 4375 728 4434 Ia
778 4374 816 4434 ab
832 4393 869 4435 ao
884 4374 1122 4449 abstinentibus,
1145 4393 1212 4432 cum
1236 4376 1418 4453 exceptione
1431 4381 1475 4435 ta·

69 4469 135 4539 ,ιιι
148 4467 252 4522 servet
266 4478 357 4521 ersom
372 4464 528 4537 virytnam
548 4463 728 4540 cogitantem
778 4478 848 4520 meu
863 4479 980 4533 eorum,
1007 4462 1058 4540 qui
1080 4461 1175 4521 semel
1197 4460 1236 4521 ad
1258 4460 1475 4523 continentiam

69 4568 108 4610 ac
124 4549 263 4609 Domini
272 4555 358 4623 sunt,
374 4556 412 4608 ot
423 4550 462 4608 stt
474 4556 585 4608 renota
597 4565 729 4624 corpore
780 4555 889 4628 sponte
904 4566 972 4609 sese
987 4556 1075 4620 voto,
1096 4555 1150 4608 eut
1172 4547 1243 4628 lege
1264 4556 1406 4629 suseepta
1424 4546 1475 4608 ad·

69 4638 209 4715 rpiritu:
225 4637 304 4695 sicut
318 4633 430 4695 dictum
445 4643 492 4696 eat
508 4654 608 4716 supra.
778 4635 976 4695 strinxerunt:
998 4635 1052 4715 qui
1068 4632 1223 4714 proiecto,
1244 4637 1408 4716 uimrptiua
1422 4654 1474 4716 ap·

69 4723 260 4801 Dmfsclt
275 4721 344 4783 Hoc
355 4722 395 4782 ad
406 4721 625 4783 distinctionem
631 4721 728 4802 patria
776 4729 889 4802 petant
903 4740 965 4783 nou
978 4720 1058 4785 bene
1072 4721 1206 4797 iaciunt,-
1219 4721 1475 4804 sedprassurict·
