3254 5190
490 274 654 330 aurosus
670 273 710 330 ΔΙ)
727 273 881 330 aoulttoe
920 274 1005 331 velte.
1024 276 1064 331 11.
1418 278 1490 349 251

59 462 85 511 ut
96 450 217 514 taudem
239 470 318 532 gens
340 459 404 512 tots
424 471 444 511 a
453 452 576 533 justitia
598 460 630 513 et
649 451 749 512 salute
796 449 1027 531 severitatem),·
1050 449 1104 510 sed
1126 468 1193 511 non
1216 453 1263 509 tta
1278 449 1493 526 aequmrunr,

58 536 310 620 excideretquasi
326 539 411 599 Deus
426 537 509 599 illam
521 539 749 618 permissionem
797 539 911 617 inquit,
935 545 970 598 ut
981 538 1145 612 caderent,
1168 538 1203 596 id
1219 544 1276 610 ert,
1299 543 1493 596 attentum·

57 625 234 686 ordinsverit
248 624 288 686 ad
310 624 391 687 hunc
409 625 515 700 finem3
538 624 567 684 id
584 625 664 685 enim
679 624 749 686 elie·
796 626 892 685 modo
907 625 1066 700 caderent,
1090 626 1181 700 quast
1195 623 1238 681 ad
1247 641 1388 699 paenam
1402 641 1495 683 ruam

55 732 115 772 ιι
129 719 210 772 esta
224 711 286 772 Dei
301 711 442 773 bonitate
472 709 532 772 Sed
546 711 696 772 ordinavit
710 710 750 771 ad
796 713 915 787 sotum,
939 712 993 773 aed
1013 718 1050 771 ut
1074 711 1131 770 loc
1152 711 1275 786 ipsum,
1305 709 1398 785 quod·
1414 712 1493 769 ceci-

10 832 12 877 :
55 819 112 858 eum
126 797 232 874 finem,
256 799 309 878 qui
324 799 427 859 verbis
437 799 540 858 statim
554 796 749 878 sequentibus
798 799 934 873 derunt,
955 798 1117 874 prodesset
1131 796 1276 871 centibus
1291 796 1492 856 adsalutem.

10 880 13 897 ²
56 884 227 964 explicetur.
841 884 902 945 Sed
916 885 1045 945 illorum
1062 883 1272 943 delictcralus
1285 881 1492 958 estaentr'bur,

10 978 13 1012 ⁷
89 970 259 1032 Posteriori
280 968 370 1030 modo
392 989 497 1030 sensus
519 976 582 1031 est:
612 968 750 1030 Judaeos
796 970 914 1033 utillos
925 970 1137 1031 aemulentur.
1160 969 1395 1048 Responsionem
1407 988 1494 1029 suam

10 1096 13 1141 ι
54 1077 105 1118 uon
122 1057 172 1117 eie
192 1055 371 1126 offendisse,
401 1065 435 1117 ιιι
454 1057 575 1136 penitus
597 1054 749 1128 caderent,
797 1059 971 1137 negativam
983 1054 1164 1116 declarando
1179 1055 1379 1136 prosequitur,
1393 1063 1492 1116 osten·

10 1144 13 1187 l
55 1142 154 1216 idest,
178 1150 214 1204 ut
230 1161 319 1204 emus
335 1142 552 1222 irreparabilis,
575 1150 605 1202 et
620 1143 749 1201 omnium
797 1143 872 1204 dens
887 1143 1004 1223 aliquot
1023 1141 1195 1215 rationibus,
1212 1141 1398 1202 Judeeorum
1415 1140 1493 1203 salu·

54 1228 531 1291 umrersaffindesitsecnturns.
553 1229 662 1309 Neque
670 1229 750 1289 enim
797 1239 865 1305 tom,
877 1231 1016 1310 quamvis
1031 1228 1217 1300 offenderint,
1229 1247 1289 1288 non
1305 1247 1374 1288 esee
1387 1226 1494 1307 despe-
1590 1254 1596 1261 ·

55 1317 166 1376 omuino
183 1313 332 1397 populum
346 1314 371 1376 J
372 1314 514 1376 udaicum
529 1315 615 1375 Deus
629 1314 748 1393 abjecit,
797 1316 930 1376 randum.
954 1315 1092 1395 Quarum
1107 1315 1182 1375 haec
1200 1322 1248 1374 est
1258 1315 1361 1393 prima,
1375 1321 1495 1394 sumpta

55 1400 100 1462 sod
112 1403 269 1483 reliquias
283 1401 342 1462 sibi
352 1401 424 1463 inde
437 1402 580 1476 servavit,
601 1420 638 1461 ao
652 1409 748 1461 caete-
797 1403 835 1463 ab
850 1405 981 1484 ipsarum
995 1404 1127 1481 gentium
1143 1400 1243 1462 saluto
1258 1400 1402 1461 divinitus
1415 1399 1492 1461 ordi·

55 1507 144 1549 rorum
159 1508 238 1550 earu
252 1486 291 1548 ad
306 1497 425 1567 tempus
440 1489 485 1548 uti
499 1489 596 1548 voluit
606 1495 748 1568 tunquam
796 1498 869 1550 nata
883 1488 922 1550 ad
937 1487 1259 1566 bonumlJndaeorum.

10 1580 12 1641 ἶ
56 1576 225 1636 ιιιιιιιοιιι
238 1577 443 1636 conversionis
451 1575 597 1636 etsalutis
605 1575 750 1654 gentium,
840 1576 928 1655 Quae
950 1577 1028 1635 ratio
1048 1583 1081 1634 ut
1109 1574 1311 1655 intelligatur,
1341 1572 1495 1635 sciendum

10 1688 12 1735 ;
56 1663 123 1723 aar
137 1663 170 1723 iu
186 1661 388 1742 sequentibus
404 1662 536 1724 docetur.
798 1671 846 1723 eet
859 1662 984 1723 verbum
995 1663 1153 1722 aemulari
1168 1661 1217 1722 hio
1228 1663 1359 1740 positum
1374 1680 1441 1722 osse
1455 1661 1494 1721 ab

10 1748 12 1783 ³
89 1747 182 1809 Hune
194 1749 394 1829 posteriorem
410 1768 529 1810 sensum
543 1747 676 1808 attondit
689 1747 749 1808 La·
797 1750 1008 1829 interpretem
1024 1747 1239 1827 significatione
1255 1749 1363 1821 activa,
1379 1767 1432 1827 pro
1448 1767 1495 1821 eo,

10 1824 13 1839 '
56 1835 125 1894 tinus
147 1835 319 1913 interpres,
346 1834 469 1915 qnando
498 1835 537 1896 de
559 1853 612 1894 suo
633 1833 750 1894 addidit
797 1835 877 1918 quad
907 1844 951 1895 est
988 1854 1154 1915 provocare
1186 1833 1225 1895 sd
1255 1835 1495 1906 aemulationem,

56 1923 98 1981 ιιι.
117 1920 188 1982 Nee
200 1930 354 2000 repugnat
368 1921 486 1983 Graeca
500 1922 672 2000 conjunctio
683 1911 748 1994 ἵνα,
798 1921 1046 2003 quemadmodum
1055 1929 1085 1982 ιι
1096 1922 1253 2001 usurpavit
1267 1921 1417 1983 ICorinth
1428 1923 1495 1982 10.:

10 2061 12 2068 .
57 2006 130 2109 quod
142 2007 296 2068 Erasmus
307 2016 403 2087 putat
437 2009 514 2069 Nam
530 2027 567 2066 ea
587 2007 660 2066 lieet
674 2006 749 2066 ordi-
798 2013 851 2070 An
879 2010 1082 2068 aemulamur
1110 2010 1310 2069 Dominum?
1348 2008 1428 2068 Nam
1456 2027 1495 2069 ea

10 2098 12 2141 ἓ
57 2094 129 2156 urrie
142 2091 269 2155 linslem
285 2112 409 2155 oausam
425 2094 570 2155 denotare
584 2092 714 2167 soleat,
705 2114 749 2152 m·
798 2095 910 2156 Graeci
921 2089 1236 2170 νιιιιιπαραζηλωιαι
1247 2093 1430 2173 significatio
1440 2102 1495 2165 est,

57 2179 162 2241 turdum
170 2179 750 2261 temenadlribeturinfloripturissacris
798 2190 828 2241 et
843 2182 873 2241 in
896 2201 964 2241 enm
985 2200 1104 2241 sensum
1126 2182 1273 2260 interpres
1296 2188 1399 2240 noster
1420 2179 1496 2240 alibi

10 2315 12 2343 ,
58 2266 89 2326 sd
110 2265 343 2347 significandum
370 2276 527 2342 eventum,
557 2267 607 2329 vel
630 2265 749 2325 modum
797 2267 873 2328 illud
890 2269 1028 2347 exponit,
1051 2274 1084 2326 nt
1099 2269 1128 2326 in
1152 2267 1208 2326 hoc
1223 2268 1289 2345 ipso
1313 2268 1412 2346 capite
1426 2274 1496 2346 post

59 2373 113 2413 auu
126 2361 252 2427 eventu,
263 2352 350 2415 velut
359 2355 449 2433 hujus
465 2353 613 2433 epistolae
624 2373 690 2433 cap.
705 2352 750 2411 7.:
798 2353 945 2436 paucula:
968 2356 1002 2416 Si
1018 2371 1080 2430 quo
1095 2354 1189 2413 moda
1205 2354 1248 2412 ad
1263 2354 1496 2413 aemulandum

63 2439 166 2517 dtflat
179 2457 285 2516 supra
295 2441 427 2502 madum
435 2459 572 2518 peccans
584 2447 749 2517 peceatum
797 2459 967 2517 provocem
984 2458 1113 2500 earnem
1128 2458 1240 2499 meam.
1278 2440 1319 2499 Et
1334 2441 1434 2520 eapite
1447 2459 1495 2499 su·

10 2587 12 2593 ,
58 2527 326 2601 permundatum.
363 2526 407 2586 Et
422 2526 525 2588 Lucae
542 2531 606 2588 11.·
643 2527 749 2586 Utin·
797 2528 921 2607 periori:
944 2530 1013 2602 Epo
1030 2527 1074 2586 ad
1095 2527 1344 2587 aemulationem
1367 2526 1494 2589 aosad‘

59 2616 199 2688 quiratur
209 2616 492 2689 sanquieomnr‘um
502 2616 748 2690 Prophetarum,
798 2615 922 2674 ducam
945 2614 1087 2693 Denique
1102 2620 1134 2673 ιι
1151 2632 1188 2673 ex
1203 2614 1329 2693 Syriaco
1346 2615 1389 2673 sio
1403 2613 1495 2674 habe·

59 2707 105 2759 etc
131 2699 228 2780 Quod
242 2701 417 2761 Matthaeus
437 2720 501 2780 cap.
527 2702 576 2760 23.
600 2700 751 2780 expressit
797 2722 863 2761 mus
874 2703 1117 2780 interpretatum
1134 2701 1176 2760 ad
1187 2700 1434 2777 provocandum
1445 2718 1496 2761 eor

59 2805 104 2864 per
115 2778 220 2863 ὅπως,
237 2786 320 2848 adeo
329 2793 366 2847 ut
381 2790 489 2847 ueniat
500 2806 596 2863 super
610 2806 665 2848 voa
680 2803 748 2844 om·
797 2789 840 2847 ad
856 2789 1111 2849 aemulationem.

58 2875 247 2950 mesanpus's
256 2877 371 2948 furate,
392 2882 447 2933 etc.
478 2874 529 2934 lta
543 2874 615 2947 lore,
630 2873 748 2954 quoties
839 2876 942 2935 Potest
956 2885 1056 2935 autem
1069 2883 1129 2934 tam
1138 2874 1496 2954 Graecaquamflyriaoa

59 2959 486 3040 nudssvmgolisnsdioitnr:
504 2961 747 3037 Utimpleretur‚
797 2963 888 3022 lectio
912 2960 1026 3022 duobus
1047 2961 1143 3021 modis
1169 2960 1293 3040 exponi,
1323 2970 1356 3020 ιιι
1380 2960 1431 3020 vel
1456 2957 1496 3019 ad

58 3047 133 3121 quad
157 3047 283 3108 dietum
308 3056 352 3108 eet
375 3063 436 3122 per
461 3049 674 3123 Prophetam:
710 3048 749 3106 Ut
797 3055 904 3129 gentes
926 3049 1048 3108 verbum
1071 3047 1232 3121 referatur,
1254 3047 1305 3109 vel
1327 3046 1366 3107 ad
1386 3047 1495 3106 Deum.

57 3134 251 3211 aptantur
265 3135 460 3211 scripturae,
485 3142 541 3194 eta
571 3133 637 3194 Neo
650 3133 747 3194 solum
799 3135 848 3195 Ad
864 3144 970 3213 gentes
993 3135 1112 3215 quidem
1127 3133 1183 3193 hoo
1205 3134 1308 3207 modo,
1331 3140 1365 3192 ut
1387 3141 1496 3212 gentes

57 3222 237 3300 expositores
258 3222 358 3281 Latini
383 3221 484 3280 locum
510 3220 588 3280 huno
615 3223 657 3281 ita
680 3229 750 3280 sunt
798 3222 924 3282 salutern
939 3220 1070 3300 adeptae
1084 3230 1251 3299 provocent
1266 3222 1305 3281 ad
1321 3219 1495 3280 aemulatio·
1534 3274 1537 3279 ,

56 3307 253 3388 interpretati,
283 3306 336 3367 sod
358 3315 388 3367 ιι
409 3307 519 3369 Graeci
542 3306 747 3387 chrysostom.
798 3328 868 3369 nem
884 3307 1028 3369 Judaoos.
1053 3306 1145 3386 Quod
1157 3307 1300 3384 intellige,
1312 3328 1371 3367 non
1387 3305 1496 3381 studio,

56 3402 81 3453 et
100 3393 368 3475 Theophylactum
391 3393 641 3496 quemadmodum
663 3403 693 3454 et
715 3394 748 3454 il·
797 3395 850 3456 sed
878 3395 1026 3473 exemplo
1065 3394 1106 3452 Et
1131 3394 1188 3453 hoo
1217 3393 1351 3454 voluisse
1377 3393 1497 3455 videtur

56 3478 108 3542 lum
123 3481 221 3543 infra:
243 3482 343 3558 fracti
357 3489 432 3542 eunt
446 3483 548 3555 rami,
570 3488 608 3540 ut
623 3499 678 3557 epa
693 3485 747 3543 ιιι·
798 3489 897 3542 noster
912 3483 1075 3560 interpres,
1098 3479 1220 3560 qnando
1236 3480 1385 3541 Graecum
1399 3481 1496 3542 infini-

56 3586 143 3628 oerar.
797 3571 892 3629 tivum
904 3568 1017 3647 plurali
1029 3587 1152 3627 numero
1166 3569 1272 3628 vertit.
1283 3569 1496 3629 aemulentur.

90 3655 196 3736 Atque
205 3653 747 3716 hicsensussufficitinetitntoPauli
797 3654 846 3716 Ad
863 3655 962 3715 Deum
985 3662 1085 3716 autem
1105 3653 1163 3713 hoc
1184 3664 1288 3736 pacto,
1310 3662 1344 3714 ιιι
1357 3655 1440 3715 Deus
1458 3655 1497 3716 ad

55 3739 114 3802 llon
130 3742 216 3802 enim
239 3744 375 3820 quaerit,
398 3760 436 3799 an
453 3740 638 3801 Judaeorum
660 3760 748 3801 cesus
799 3741 1027 3803 aemulationem
1042 3743 1177 3821 gentium
1191 3749 1334 3822 provocet
1348 3740 1495 3803 Judaeoe
1607 3816 1611 3828 Ι

55 3828 207 3899 semma
231 3837 459 3907 propterquam
474 3829 558 3887 Deus
579 3827 749 3906 permiserit
796 3828 834 3889 Id
849 3828 1012 3890 voluerunt
1025 3828 1077 3887 alii
1091 3829 1294 3902 translatores,
1327 3829 1381 3910 qui
1397 3830 1495 3907 singu·

55 3871 524 4013 epsoffenderesedanomnino
537 3914 746 3974 exhacoffen-
797 3915 888 3976 larem
914 3905 1070 3976 numerum
1092 3913 1304 3976 reddiderunt:
1332 3922 1495 3990 provocet,

54 4000 130 4062 tione
143 4019 237 4062 casus
248 4000 302 4060 ills
314 4002 355 4061 ert
366 4007 532 4060 secuturus
557 4000 748 4082 Quamquam
797 4011 850 4062 aut
861 4008 1068 4079 provocaret,
1092 4003 1188 4061 secuti
1211 4002 1394 4063 Graecorum
1418 4020 1495 4060 com-

54 4085 86 4146 sl
97 4097 262 4169 auumque
274 4105 395 4149 sensum
407 4089 504 4165 aptari
518 4095 653 4166 possunt,
669 4107 747 4166 quas
796 4089 965 4163 montarios,
989 4090 1042 4168 qui
1065 4090 1309 4168 provocationem
1329 4086 1409 4146 hanc
1428 4089 1495 4148 Deo

53 4181 231 4255 aquatum
253 4181 288 4235 ut
301 4175 333 4235 in
347 4175 383 4234 iis
399 4182 429 4233 ιι
443 4183 590 4245 eventus,
612 4182 645 4234 ιι
655 4193 748 4234 eausa
796 4175 939 4237 videntur
964 4174 1155 4247 adscribero;
1189 4175 1281 4255 idque
1306 4175 1429 4248 rectius,
1464 4181 1498 4235 ut

53 4257 142 4322 finalis
158 4260 359 4341 significetur.
797 4263 945 4323 existimo.
982 4262 1063 4322 Nam
1077 4261 1145 4321 Deo
1160 4262 1261 4322 Moses
1283 4259 1442 4340 adscripsit
1464 4263 1496 4322 in

85 4347 182 4409 Porro
211 4347 247 4408 B.
277 4347 467 4426 Augustinus
497 4348 528 4406 in
557 4348 747 4427 expositione
796 4349 849 4410 illo
865 4369 970 4424 versu,
993 4346 1286 4429 quempraeeedenti
1302 4348 1402 4428 capite
1416 4348 1496 4409 Pau-

52 4435 213 4510 pnesentis
235 4433 296 4495 loni
316 4433 432 4495 fatetur
453 4432 589 4513 quidem,
611 4434 747 4495 ludaeos
796 4436 1135 4514 lusexejuscantico
1162 4435 1282 4509 citavit,
1315 4442 1346 4495 ιι
1372 4453 1496 4516 exque

53 4520 203 4593 nudosa
233 4519 274 4581 de
294 4519 489 4581 multitudine
515 4520 547 4580 id
574 4521 747 4600 intelligens
796 4531 984 4603 praesentem
999 4523 1147 4582 rationem
1162 4523 1324 4602 excerpsit.

52 4599 125 4678 (anm
140 4616 172 4670 et
185 4606 356 4689 Apostolus
372 4606 403 4668 id
418 4610 559 4687 agnoscit
573 4607 658 4682 infra,
681 4628 749 4668 oum
839 4607 1182 4684 Praetereanotaudum,
1193 4629 1248 4688 pro
1256 4610 1370 4671 celero
1378 4606 1497 4671 Graece

52 4689 129 4756 dicit:
158 4697 204 4758 1ιι
225 4712 281 4759 eos
303 4695 449 4773 ᾳιιιιιιιιι,
478 4699 535 4773 qut
556 4696 746 4772 ceciderunt,
796 4697 859 4779 legi
883 4688 1123 4775 παραπτώματι,
1152 4695 1350 4790 quodetiam
1376 4694 1496 4777 lapsum
