3270 5182
129 270 202 340 308
604 276 613 313 ·.
628 262 863 319 οονοοοντνονοε
878 262 911 315 n
930 262 996 316 cre.
1014 263 1074 319 νιν.
1126 294 1130 303 ,

127 439 273 516 explieat.
313 440 458 517 &nemus
481 446 581 500 eutem
605 439 649 500 ite
674 436 823 499 reddidit:
871 439 913 501 In
925 438 1129 514 plenitudine
1150 441 1255 501 molto
1268 443 1349 502 sient
1362 444 1448 503 seitie
1464 441 1572 518 quoles

126 546 209 604 quoe
220 528 304 589 inter
314 544 373 587 noe
384 529 572 587 certissimae
580 526 656 605 poet
663 533 746 587 sunt.
761 524 823 585 Ad·
868 526 1027 602 fuerimus
1042 529 1077 586 in
1091 528 1188 588 vobis.
1225 527 1303 588 Item
1316 529 1350 589 in
1365 526 1482 589 duobus
1499 528 1570 588 loeis

126 612 265 674 teruntur
280 621 312 675 et
323 612 384 672 slie
395 613 470 685 loen,
481 633 559 695 quen
572 634 642 674 mox
655 613 822 673 citabimus.
871 614 895 671 2λ
907 612 1039 673 Timoth.
1055 615 1093 686 4.,
1107 613 1199 692 paulo
1214 616 1408 675 unteeit'atie.
1432 615 1571 696 Denique

174 700 264 760 Hune
282 717 371 779 porro
387 697 614 761 (irseeeevoeis
631 699 822 779 significatio·
870 717 969 760 rerum
985 708 1128 775 aeterum,
1144 708 1177 760 nt
1190 702 1262 780 Luce
1279 704 1307 761 1.
1330 705 1470 781 Quaem
1481 702 1572 783 nobit

127 800 196 846 nem
212 785 346 849 nonnulli
356 788 491 866 persuasi
502 806 607 848 vorem
617 806 654 846 ee
664 787 824 865 genuinam
871 785 1045 861 eornpletoe
1061 793 1135 847 ennt
1149 804 1259 849 rernm
1282 782 1435 870 (sioenim
1452 795 1483 847 et
1497 788 1571 848 Hie-

127 892 203 946 esee,
223 881 350 935 'censent
373 890 441 934 eam
464 873 653 936 scribendam
677 873 709 933 in
735 873 824 933 tertia
870 889 1017 951 ronymne
1039 872 1113 952 legit
1137 874 1169 933 in
1193 875 1346 954 prooemio
1369 874 1571 935 commentmii

127 957 250 1038 syllaba
272 979 327 1039 per
348 976 385 1034 eo,
408 954 639 1039 πληροφορεῖν,
655 953 823 1037 πληρορον·
870 977 962 1038 super
976 956 1186 1035 matthaeum),
1205 959 1308 1033 idest,
1324 980 1404 1039 quae
1417 959 1501 1040 apud
1516 981 1570 1020 noe

127 1041 264 1123 peintus,
292 1052 323 1106 et
348 1055 482 1107 caetere:
509 1046 659 1119 videlieet.
683 1036 745 1104 ἀπὸ
769 1044 822 1104 τοῦ
870 1047 902 1105 in
917 1044 1043 1107 ludees
1056 1055 1143 1107 eene
1159 1054 1243 1120 sunt,
1264 1054 1297 1107 et
1310 1067 1409 1127 neque
1424 1044 1465 1106 sd
1479 1047 1570 1108 finem

126 1129 248 1211 φωρᾶν,
261 1130 578 1214 quodeeteomperire,
587 1131 822 1213 deprehendere
868 1129 1044 1214 perductae.
1074 1130 1155 1195 Nem
1169 1153 1217 1195 ree
1231 1132 1345 1194 Christi
1360 1134 1525 1195 salvatoris
1540 1135 1571 1193 in

125 1217 187 1279 Sed
203 1192 258 1282 lroe
278 1218 346 1280 ielli
360 1221 552 1301 perepieunm
574 1228 629 1282 eet
662 1217 823 1298 Nusquam
869 1227 949 1281 terre
962 1226 1067 1300 geetse
1082 1212 1268 1299 complentur
1290 1229 1322 1280 et
1344 1220 1489 1281 finiuntur
1504 1221 1570 1299 ejus

126 1307 206 1369 enim
226 1306 352 1369 verbum
378 1305 455 1367 illud
477 1303 528 1383 (de
550 1304 694 1369 densetis
716 1303 823 1372 eedem
869 1307 1045 1369 ascensione
1069 1307 1101 1367 in
1121 1307 1254 1381 eoelum,
1284 1307 1395 1386 inque
1416 1317 1447 1368 et
1468 1307 1570 1369 Luete

124 1389 225 1468 rotie),
248 1394 307 1454 nisi
322 1413 388 1454 eum
402 1409 419 1452 ο
434 1414 528 1474 pervo
552 1395 663 1456 tertiae
684 1391 822 1472 syllabus
868 1392 1069 1473 Evangelium
1084 1413 1172 1455 suum
1186 1392 1344 1456 concludit

125 1478 236 1560 legitur
250 1479 331 1560 epud
346 1489 475 1542 sutoreu
508 1480 639 1556 Deinde,
655 1480 681 1540 ei
694 1501 714 1542 ο
728 1477 821 1543 verbo
911 1478 1041 1542 Sensum
1056 1500 1143 1554 vero,
1170 1499 1259 1562 quem
1271 1480 1410 1543 Rudinus
1431 1492 1462 1541 et
1478 1482 1568 1542 Eres-

125 1566 236 1656 pmpp's
270 1565 485 1642 deduceretur,
521 1566 714 1631 scribendum
741 1574 822 1627 esset
868 1586 935 1633 mue
963 1566 1034 1629 illue
1064 1568 1243 1642 intulerunt,
1279 1569 1376 1629 minus
1402 1588 1570 1648 eongruere

125 1648 348 1743 πληροφωρρῖν,
369 1653 474 1715 eedem
488 1656 715 1717 terminatione:
739 1652 821 1734 quod
869 1655 985 1729 sentiet,
999 1654 1053 1736 qui
1067 1663 1199 1716 mentem
1214 1654 1433 1734 Evangelietee
1449 1676 1486 1716 eo
1503 1656 1568 1717 loeo

125 1759 226 1822 neque
241 1740 369 1802 alienum
385 1751 431 1802 est
446 1762 465 1801 u
487 1742 689 1822 scriptoribus.
723 1740 821 1814 Adde,
868 1744 993 1823 propius
1015 1741 1245 1821 introspexerit:
1268 1749 1302 1800 nt
1323 1762 1384 1803 non
1405 1742 1464 1803 hoe
1479 1744 1568 1803 etism

127 1828 209 1908 quod
224 1850 285 1890 non
296 1828 411 1910 ubique
422 1831 561 1910 congruit
576 1828 821 1910 illoeignifieetio
869 1827 984 1903 ditum,
1012 1827 1126 1889 nullius
1142 1829 1249 1891 Greeoi
1265 1829 1419 1908 scriptoris
1434 1831 1568 1891 testimo

125 1913 236 1995 plenae
251 1936 287 1977 ee
298 1927 398 1979 oertae
409 1918 597 1996 cognitionis,
611 1924 645 1977 ut
656 1922 676 1980 2
688 1915 820 1978 Timotle
868 1917 918 1979 nio
933 1915 1044 1986 doeeri
1059 1914 1142 1994 quod
1157 1906 1455 1993 πεπληροφορημένοι
1466 1916 1567 1977 οἰοιο-

126 2001 156 2061 4.
179 2003 396 2066 Ministeriom
406 2011 498 2065 tunm
514 2005 622 2081 imple.
643 2003 688 2065 lit
702 2005 822 2065 iterum:
870 2015 917 2065 tur
929 2024 976 2075 ee,
991 2022 1119 2083 quorum
1129 2001 1221 2082 plenu
1233 2003 1314 2062 itote
1325 2001 1407 2064 tides.
1432 2004 1489 2063 Usi
1500 2010 1570 2064 eunt

124 2095 162 2147 ot
173 2108 236 2165 per
249 2109 300 2150 me
312 2091 512 2168 praedicatio
527 2093 724 2168 impleretur.
870 2097 900 2153 et
921 2088 1022 2150 LXX.
1044 2088 1224 2168 interpretes
1249 2087 1342 2150 verbo
1368 2091 1491 2169 peseivo
1515 2090 1569 2149 Ee·

170 2174 321 2253 Qnoeiron
346 2177 442 2256 magis
464 2176 513 2239 hie
534 2177 683 2239 assentior
708 2174 824 2238 Jounni
870 2176 1031 2239 elesisstee
1054 2178 1082 2237 8.
1117 2174 1180 2255 Qui
1203 2176 1288 2236 loeus
1312 2175 1395 2255 epod
1415 2176 1568 2255 Hierony·

124 2260 295 2327 Heseelouo
312 2271 342 2324 et
356 2263 520 2324 Eleneiseo
535 2263 675 2336 Rrieree,
696 2281 824 2344 quorum
869 2283 951 2325 mum
976 2262 1071 2323 lotine
1092 2263 1136 2322 sie
1162 2261 1286 2341 legitur:
1322 2263 1407 2340 (lesio
1432 2281 1503 2324 non
1530 2269 1570 2323 eet

124 2346 177 2411 ille
191 2348 224 2408 in
239 2349 553 2428 commentoriohujm
567 2348 642 2422 loei,
656 2368 747 2432 quem
760 2369 822 2409 me·
870 2349 1080 2413 eentredietio
1115 2346 1310 2426 foetentibus
1338 2349 1461 2410 molum
1493 2351 1569 2411 etto:

125 2435 285 2515 nueoriptis
300 2435 383 2517 spud
403 2455 452 2496 me
472 2434 585 2510 habeo,
614 2437 671 2498 iste
685 2455 758 2497 vero
773 2455 820 2496 ex·
870 2436 942 2498 ideo
964 2435 1120 2510 repletum
1149 2443 1195 2496 eet
1223 2425 1490 2513 (ἔπληροφορήθη)
1518 2453 1570 2498 eor

124 2541 241 2602 ponens
263 2521 340 2584 illud
361 2522 456 2583 Hebe.
481 2524 519 2596 6.,
548 2520 592 2582 od
614 2524 824 2599 expletionem
872 2522 1014 2600 {itionem
1041 2522 1208 2583 hominnm
1234 2524 1270 2582 in
1293 2523 1354 2595 eie,
1384 2528 1422 2581 ut
1442 2523 1570 2600 foetent

124 2612 191 2685 epei
211 2626 312 2685 neque
334 2613 370 2670 in
392 2608 508 2684 tinem,
536 2606 646 2671 doeeut
669 2630 730 2671 non
754 2605 824 2689 plue
871 2609 1003 2671 molum.
1038 2605 1100 2667 Ubi
1126 2616 1207 2669 eerte
1229 2627 1290 2668 non
1315 2605 1399 2668 eliud
1422 2610 1454 2669 in
1476 2608 1569 2671 verbo

125 2692 297 2774 significare
322 2693 448 2757 verbum
473 2690 702 2772 πληροφορεῖν,
733 2714 824 2775 quem
872 2713 995 2777 greeeo,
1018 2711 1108 2774 quem
1131 2693 1214 2775 quod
1235 2692 1331 2755 latine
1345 2691 1500 2755 redditum
1516 2703 1568 2767 est.

124 2778 342 2862 plenitudinem
363 2780 443 2842 ferre
464 2781 531 2860 sive
554 2778 689 2853 adferre,
716 2779 747 2843 id
769 2787 824 2854 est,
872 2779 1000 2860 intelligi
1013 2786 1166 2859 oportere,
1181 2788 1269 2860 petet
1284 2798 1322 2841 ex
1337 2778 1491 2843 Hebraeo.
1521 2781 1569 2843 sie

125 2886 185 2929 uno
201 2867 366 2940 vocabulo,
395 2867 546 2943 implerer
575 2866 824 2948 quemadmodum
872 2868 950 2929 enim
964 2865 1143 2927 adverbum
1158 2866 1266 2927 hebet:
1290 2867 1414 2927 ideireo
1434 2867 1569 2943 plenum

125 2961 156 3016 et
170 2948 448 3031 πληροφορεῑσθαι,
467 2952 690 3035 plenitudinem
704 2952 823 3025 hebere,
873 2963 917 3015 eet
931 2970 986 3015 eor
996 2952 1137 3028 tiliorum
1146 2954 1284 3014 hominis
1291 2955 1327 3014 in
1339 2955 1381 3014 eie
1389 2953 1432 3013 od
1441 2954 1569 3033 sacien-

44 3105 50 3117 ,
124 3039 232 3113 idest,
255 3042 400 3117 impleri,
425 3039 603 3115 abundare,
621 3035 823 3118 eenlppepo·
872 3041 950 3102 dom
964 3041 1106 3112 molum,
1122 3041 1154 3100 id
1169 3048 1232 3110 est,
1250 3038 1340 3119 pleno
1356 3047 1387 3098 et
1401 3048 1465 3100 teto
1482 3039 1569 3101 eorde

124 3121 203 3204 ρίαν,
213 3127 461 3202 plenitudinem,
474 3127 718 3190 abundantiam.
735 3124 823 3188 (lom-
871 3126 988 3187 dedunt
1002 3145 1035 3185 ee
1048 3127 1135 3186 melis
1157 3125 1291 3205 agendis.
1321 3124 1411 3204 Quod
1434 3147 1492 3189 sue
1506 3147 1569 3189 ven

124 3220 279 3294 ponuntur
292 3213 368 3275 haee
379 3232 397 3274 u
408 3212 502 3274 verbo
518 3204 618 3291 pipin
631 3214 729 3291 ferre,
746 3214 824 3273 siout
871 3215 956 3275 sione
970 3215 1015 3274 sie
1039 3214 1188 3291 expressit
1201 3212 1423 3292 Hieronymus:
1445 3213 1569 3291 sieque

125 3298 221 3360 multe
236 3299 298 3360 elie
312 3300 417 3361 similis
432 3300 554 3375 formae,
570 3307 605 3359 ut
619 3295 822 3377 δωροφορεῖν,
872 3302 985 3361 timore
1006 3297 1074 3359 nllo
1104 3299 1165 3375 filii
1187 3299 1353 3361 hominnm
1376 3306 1570 3377 perpetrant

124 3385 205 3446 done
220 3383 313 3460 ferre,
328 3387 508 3482 κυοφορεῖν,
531 3393 645 3446 uterum
660 3384 749 3460 ferre,
765 3376 822 3443 itt·
870 3386 969 3447 mele.
1005 3383 1188 3446 Deeleretnr
1208 3392 1309 3446 eutem
1330 3405 1369 3446 ex
1391 3385 1457 3447 loeo
1482 3387 1570 3448 simili

125 3467 282 3549 λοφορεῖν,
294 3493 377 3533 orme
389 3467 823 3551 ferre‚pufidopopsis,virgem
872 3470 947 3533 Gen.
965 3473 1004 3545 6.,
1018 3471 1069 3532 ubi
1083 3471 1186 3535 floribit
1198 3471 1309 3544 Moses,
1332 3470 1446 3533 vidisse
1460 3472 1569 3543 Deum,

124 3558 213 3618 ferre.
235 3555 366 3638 Sinergo
374 3556 593 3638 πληροφορεῖν,
605 3559 824 3640 plenitudinem
872 3556 954 3640 qnod
980 3566 1095 3619 ennete
1117 3560 1268 3634 eepitotio
1287 3558 1391 3623 eorde
1412 3559 1568 3621 hominnm

125 3642 253 3705 adferre
363 3711 365 3714 Α
871 3649 995 3707 intento
1011 3652 1086 3705 estet
1100 3646 1144 3705 od
1158 3644 1291 3706 molum.

168 3729 264 3809 eujus
290 3739 390 3790 eutem
415 3729 650 3811 plenitudinem,
676 3730 707 3792 id
730 3750 768 3791 ex
790 3749 824 3790 re
913 3731 958 3792 Ut
972 3733 1067 3810 igitur
1079 3731 1119 3792 ed
1135 3740 1269 3793 nostrum
1281 3731 1450 3792 institutum
1464 3731 1568 3794 redet·

127 3817 279 3898 subjecte,
305 3817 343 3877 de
359 3837 420 3898 que
435 3838 529 3878 sermo
545 3817 687 3893 hebetur,
714 3815 823 3878 intelli·
870 3837 951 3892 mus,
967 3817 1107 3897 -quod
1128 3817 1241 3878 Paulus
1264 3817 1397 3880 Greeeue
1423 3818 1483 3879 hoe
1504 3817 1568 3879 loeo

123 3902 264 3985 gendum.
285 3902 364 3965 Nem
378 3903 526 3966 interdum
540 3903 662 3985 quidem
678 3904 821 3984 cognitio·
871 3903 952 3978 dieit,
968 3905 1011 3965 ite
1023 3913 1124 3965 sonet:
1154 3907 1370 3982 Unusquisque
1381 3906 1417 3965 in
1430 3908 1569 3982 proprio

123 3992 170 4052 nis
186 4011 221 4051 ee
236 3989 323 4068 fidei;
339 3990 489 4052 interdurn
504 3992 587 4070 spei3
608 4010 822 4071 nonnunquam
870 3999 973 4052 mente
985 3991 1220 4068 plenitudinem
1235 3991 1358 4052 nolent.
1380 3989 1441 4051 Sed
1453 3991 1568 4072 quoesi-

124 4078 228 4150 offioii,
255 4078 305 4139 vel
320 4078 490 4158 cujuspiam
505 4077 651 4157 ejusmodi
667 4076 821 4158 plenitudo
870 4087 933 4152 tur,
961 4098 1052 4158 quem
1075 4085 1129 4138 eut
1150 4079 1239 4156 eujus
1261 4079 1306 4139 rei
1328 4076 1569 4157 plenitudinem?

123 4165 315 4243 significetur.
338 4163 537 4245 Cognitionis,
552 4173 586 4223 ut
597 4165 689 4242 hujus
704 4165 821 4243 Episto·
869 4165 974 4240 Multi,
990 4163 1029 4225 de
1045 4165 1154 4245 quibus
1169 4173 1255 4237 ente,
1278 4164 1412 4226 referunt.
1427 4163 1469 4226 nd
1483 4163 1569 4225 liber

126 4249 184 4322 loe,
203 4271 269 4332 esp.
286 4257 325 4327 4.,
337 4251 520 4330 plenissime
535 4254 645 4328 eeiene,
661 4259 690 4311 et
705 4249 821 4312 Colone.
869 4261 961 4312 tatem
977 4249 1122 4331 opinandi
1134 4270 1187 4311 sen
1200 4249 1368 4329 judicandi,
1383 4251 1473 4328 qussi
1488 4250 1571 4312 diest

123 4338 168 4410 2.,
193 4341 229 4397 in
252 4358 360 4400 omnen
385 4340 516 4400 divilias
532 4338 747 4414 plenitudinis
769 4339 822 4396 in·
869 4337 1051 4418 Apostolus:
1068 4334 1569 4418 Cuiqueplenenepleneliberum

123 4424 270 4484 telleetne.
293 4425 389 4500 Fidei,
399 4435 434 4486 ut
444 4424 539 4487 Hebr.
554 4426 603 4484 10.
627 4423 823 4487 Aceedomne
870 4423 1265 4502 eitmentieeusejudieinm.
1278 4423 1568 4501 Cujusootnmentn·

123 4529 196 4571 eum
221 4529 298 4571 vero
324 4513 418 4574 eorde
450 4514 486 4573 in
508 4512 714 4589 plenitudine
738 4510 821 4587 fidei.
869 4508 1568 4589 riisunumintelleetumitidemeupredodimue.

123 4597 211 4679 Spei,
232 4596 325 4659 Hebe.
342 4603 369 4661 6.
393 4598 445 4660 Ad
461 4599 671 4676 expletionem
685 4599 754 4673 spei
767 4615 821 4657 ne·
913 4597 975 4659 Alii
991 4616 1064 4658 vero
1079 4596 1295 4678 plenitudinem
1310 4595 1490 4676 intelligunt
1503 4590 1568 4678 per·

121 4687 239 4761 quein
263 4685 370 4766 finem.
407 4682 517 4762 offleii,
538 4694 573 4747 ut
596 4682 770 4747 l'Ilnessel.
793 4688 822 4744 1.
869 4685 1035 4760 suesionis,
1070 4683 1129 4745 lsoo
1157 4701 1262 4749 sensu:
1293 4683 1515 4773 Unusquisque
1538 4684 1569 4745 is

682 4960 703 5039 l.
