3254 5190
133 296 206 363 490
242 317 245 322 -
635 287 869 344 mammenus
888 289 919 344 u
938 289 1005 343 cir.
1026 288 1074 343 vn.

131 464 307 546 religionem
320 483 380 524 non
395 482 460 524 esse
474 465 692 540 necessarium,
712 474 748 526 ut
761 467 828 547 quis
875 466 1008 530 reddidit
1022 467 1179 566 interpres.
1216 464 1295 527 Nam
1317 464 1439 526 Graece
1460 470 1570 524 unnn

132 561 241 614 statum
270 559 380 626 mutet,
409 571 465 612 nec
494 571 566 613 vero
596 550 626 612 id
656 552 827 613 faciendum
875 563 922 614 est
936 547 978 631 μὴ
994 547 1195 627 ἐπισπασθω,
1219 572 1259 612 ne
1275 554 1436 627 auraici,
1457 550 1508 611 vel
1521 570 1569 631 po
1605 586 1608 593 ·

131 648 252 700 temere.
873 643 948 713 tius,
963 660 1004 701 ne
1018 643 1217 714 attrahatur,
1235 638 1265 699 id
1281 648 1345 713 est,
1359 658 1399 700 ue
1416 637 1571 698 wattrsbi

150 722 153 726 ⁴
175 725 208 787 si
223 728 290 806 quis
304 723 427 804 objiciat
446 724 485 784 de
506 732 588 785 statu
610 727 751 806 quopiam
774 735 828 785 aut
873 728 972 788 faciat
994 730 1035 788 ut
1050 748 1153 788 sensus
1168 735 1229 787 est:
1246 747 1284 786 ne
1296 725 1354 786 sibi
1366 733 1455 786 curet
1469 724 1572 784 attralh

130 813 254 874 artificio
269 812 360 891 turpi,
383 812 432 872 vel
454 813 585 890 injusto,
612 813 662 873 vel
685 813 760 872 alias
784 814 826 873 in·
873 817 1069 896 praeputium.
1106 812 1189 895 Quid
1203 815 1244 873 sit
1257 812 1426 885 attrahere,
1443 813 1510 872 sive
1524 811 1569 871 ad·

131 900 271 973 honesto,
294 897 386 978 quale
410 900 597 958 meretricum
613 907 644 959 et
657 899 825 960 foenerato-
874 901 991 975 ducere,
1018 903 1081 962 sive
1107 910 1139 960 ut
1161 900 1213 960 alii
1232 907 1371 972 vertunt,
1395 898 1569 970 munusue

131 1006 211 1060 rum,
237 985 328 1066 quale
355 986 445 1045 etiam
464 984 661 1058 histrionum,
687 1005 760 1066 quos
786 986 826 1045 ad
873 1006 1027 1049 accersere
1042 991 1241 1067 praeputium,
1253 988 1358 1066 quaeri
1368 986 1467 1047 solet:
1484 1006 1568 1065 quau·

131 1073 364 1134 communionem
387 1070 505 1133 admitti
527 1074 623 1133 vetuit
643 1074 677 1132 B.
699 1070 824 1152 Cypria·
873 1073 1166 1154 doquidemccnstet,
1174 1074 1365 1153 praeputium
1373 1074 1469 1134 semel
1477 1091 1567 1151 ampu-

129 1179 185 1219 uus
200 1161 285 1239 epist.
303 1161 362 1230 61.,
387 1157 520 1220 breviter
540 1157 722 1240 respondeo,
748 1160 824 1218 Pau·
872 1169 966 1220 tatum
980 1163 1085 1240 reponi
1107 1181 1166 1220 non
1180 1179 1278 1241 possa
1317 1156 1412 1220 Certe
1433 1157 1515 1239 quod
1529 1158 1565 1217 hic

129 1246 191 1305 lum
207 1264 297 1327 agere
319 1244 358 1304 de
380 1254 459 1305 matu
481 1266 517 1306 ac
537 1246 626 1306 modo
646 1246 728 1305 vitae
743 1247 824 1305 licito
872 1246 989 1321 dicitur,
1005 1250 1163 1328 aiproprie
1178 1257 1209 1308 et
1224 1248 1288 1307 siue
1304 1257 1393 1326 tropo
1416 1244 1563 1324 intelliges,

130 1341 160 1392 st
175 1332 340 1413 inculpato,
363 1332 469 1412 quales
490 1334 611 1414 plurimi
633 1334 722 1393 etiam
744 1331 825 1412 apud
872 1334 1057 1414 impossibile
1066 1354 1141 1410 esse,
1150 1330 1561 1411 cenaeutOrigeueslib.4.da
1615 1342 1619 1369 ¹

129 1418 274 1481 infideles.
313 1417 473 1479 Caeterum
488 1420 582 1481 lector
597 1421 751 1493 observet,
776 1418 825 1479 hic
872 1422 1034 1501 principiis,
1043 1422 1167 1481 Hieron.
1180 1421 1270 1482 lih.1.
1283 1428 1387 1480 contra
1396 1419 1502 1481 Jovin.
1510 1439 1560 1498 cap
1613 1421 1619 1457 ¹

129 1515 161 1567 et
176 1508 209 1568 in
224 1506 418 1586 sequentibus
441 1526 606 1568 sermonem
629 1526 697 1568 esse
712 1526 771 1568 uon
786 1505 825 1565 de
872 1507 1495 1585 eesinconment.Jessiseomiigust
1507 1504 1559 1565 libr.
1615 1516 1619 1545 ¹

129 1601 219 1669 statu,
234 1592 272 1653 ad
289 1611 379 1672 quem
401 1596 470 1673 quis
489 1602 617 1653 vocatus
642 1602 703 1668 est,
725 1593 776 1653 sed
794 1594 824 1652 iu
871 1592 1078 1655 demandacio
1091 1615 1154 1676 cap.
1167 1597 1194 1654 ὁ.
1207 1604 1238 1656 et
1251 1593 1418 1673 Gajetanus
1430 1592 1557 1654 hocloco.
1609 1592 1619 1631 ¹

130 1701 189 1763 quo
215 1687 358 1753 vocatus,
384 1680 501 1742 scilicet
524 1679 564 1741 sd
588 1680 677 1741 fidem
703 1679 823 1740 Christi.
915 1681 1029 1755 Verum
1045 1681 1098 1742 alii
1112 1682 1224 1743 rectius
1243 1681 1308 1741 lieri
1322 1699 1417 1761 possa
1434 1679 1557 1741 faunus
1608 1679 1619 1715 ²

129 1766 217 1848 Quae
233 1766 292 1828 duo
308 1766 397 1827 video
412 1786 431 1827 a
444 1768 594 1828 nonnullis
609 1769 665 1830 hoc
678 1769 743 1827 loco
756 1786 824 1826 con·
873 1769 946 1848 Agit
969 1789 1004 1828 ea
1027 1767 1065 1829 de
1087 1789 1120 1829 re
1135 1769 1328 1848 Epiphanius
1353 1787 1453 1829 rerum
1467 1765 1555 1828 Judsi·
1606 1762 1619 1801 ¹

128 1854 226 1927 fundi,
249 1863 370 1934 praeter
384 1864 514 1916 mentem
528 1855 674 1935 Apostoli.
706 1853 824 1934 Signifi-
872 1875 972 1916 carum
986 1858 1113 1936 peritus,
1130 1856 1181 1916 lib.
1197 1854 1236 1915 de
1249 1855 1339 1936 pond.
1356 1863 1389 1914 et
1402 1873 1504 1929 mens,
1517 1850 1557 1911 ubi
1605 1850 1619 1889 Ι

130 1944 191 2004 cari
205 1961 278 2003 vero
292 1943 481 2002 vocatiouem
497 1942 661 2017 efficacem,
683 1945 736 2004 vix
751 1958 826 2021 opus
873 1963 940 2004 cum
956 1942 1121 2017 retulisset,
1137 1943 1350 2023 Symmachum
1363 1943 1477 2002 vetaris
1495 1940 1555 2003 scri·
1603 1934 1619 1971 ²

128 2038 162 2091 ut
176 2028 360 2091 admoneam.
873 2038 983 2110 pturae
997 2031 1193 2110 interpretem
1216 2029 1349 2090 secundo
1369 2030 1557 2091 circumcisam
1601 2022 1619 2097 ‚¹

172 2120 216 2180 Et
237 2120 318 2177 sinet
342 2119 379 2176 in
399 2115 544 2176 omnibns
566 2116 700 2177 ecelesiis
723 2115 825 2175 doceo.
873 2117 983 2190 tuisse,
1013 2116 1103 2178 docet
1132 2115 1382 2198 quemadmodum
1414 2115 1447 2176 id
1476 2116 1556 2176 saeue
1600 2106 1619 2187 ζ·

129 2203 262 2266 Graece:
290 2206 334 2266 Et
347 2205 391 2263 eie
405 2207 441 2263 in
464 2204 596 2263 ecclesiis
611 2202 757 2264 omnibus
772 2220 826 2262 or-
874 2205 991 2264 soleant
1005 2203 1065 2277 illi,
1086 2206 1137 2284 qui
1153 2223 1192 2263 ex
1207 2204 1231 2264 J
1233 2200 1338 2263 udaeis
1354 2195 1556 2264 transibautsd
1600 2196 1619 2231 ³

130 2292 225 2367 dine,
252 2292 318 2351 sive
336 2290 491 2366 dispono,
519 2280 724 2366 διατάσσομαι
730 2312 743 2366 ;
770 2289 826 2367 Sy·
874 2291 1055 2363 Samaritae,
1071 2299 1124 2351 aut
1139 2298 1258 2365 contra,
1278 2290 1419 2350 nimirum
1434 2299 1497 2350 arte
1510 2304 1555 2349 ne·
1602 2284 1619 2315 ³

129 2380 227 2453 risos,
239 2380 415 2454 praecepio.
438 2377 569 2437 Sensus:
596 2377 663 2437 Neo
678 2377 765 2437 vobis
780 2393 825 2436 so·
874 2377 943 2438 dica
958 2385 989 2437 et
1003 2376 1182 2458 quibusdam
1203 2378 1407 2438 instrumentis
1426 2375 1557 2438 residuam
1601 2386 1619 2399 ·

129 2465 205 2540 lum,
230 2464 285 2525 sed
308 2462 446 2524 omnibus
469 2462 604 2525 ecclesiia
630 2463 708 2524 hanc
729 2481 826 2522 msam
874 2466 1028 2545 praeputii
1043 2464 1214 2545 pelliculam
1231 2463 1424 2538 attrahentes,
1436 2462 1556 2524 eandem
1602 2450 1619 2488 ²

129 2554 309 2614 sententiam
325 2569 460 2632 propono
483 2558 512 2609 et
526 2550 714 2630 praescribo:
741 2549 825 2610 Obri-
876 2570 936 2631 que
951 2569 1053 2611 rursus
1068 2560 1270 2630 amputantes.
1301 2548 1394 2629 Quod
1418 2559 1450 2611 et
1463 2551 1556 2612 cone
1603 2536 1619 2573 ¹

130 2640 383 2701 stiauismumnon
396 2635 550 2715 cogeread
563 2635 826 2697 mutandumvitae
876 2637 935 2698 lius
957 2636 1064 2699 Celsus
1086 2657 1176 2716 posse
1197 2637 1261 2698 fieri
1281 2636 1371 2696 docet
1393 2635 1444 2697 liti.
1466 2639 1494 2697 7.
1508 2654 1558 2714 cap

129 2730 254 2801 suun,
275 2723 402 2784 neaniai
416 2741 526 2800 magna
547 2723 623 2783 ratio
638 2730 740 2802 cogat,
761 2742 824 2783 mu·
877 2727 926 2786 25.
955 2723 1094 2786 Meminit
1116 2726 1206 2786 etiam
1228 2723 1317 2802 hujus
1343 2723 1426 2784 modi
1448 2722 1560 2784 Photiu
1605 2706 1619 2743 ¹

130 2810 253 2873 tandum
269 2828 346 2871 osae.
384 2809 491 2870 Merito
508 2807 671 2870 doctrinam
688 2808 765 2871 hanc
780 2830 825 2871 eo·
876 2832 915 2872 ex
944 2811 1131 2891 Epiphanio:
1167 2811 1303 2871 meminit
1333 2818 1365 2870 et
1401 2806 1560 2890 'l'boophyi
1610 2814 1619 2831 ¹

133 2897 234 2959 elesiis
256 2895 440 2969 inculcabat,
464 2914 502 2955 ne
525 2893 697 2957 Christiana
718 2896 826 2977 religio
877 2900 1059 2980 Quanquam
1080 2896 1159 2979 quod
1182 2895 1373 2976 Epiphanius
1392 2905 1427 2958 et
1448 2898 1561 2958 Photiu
1610 2882 1619 2921 ¹

128 3002 177 3046 rea
191 2984 334 3044 humanas
346 2981 467 3043 turbare
478 2981 635 3043 videretur.
658 2983 760 3062 Atque
775 2983 826 3044 vel
875 2984 1025 3057 scribunt,
1048 2986 1193 3063 originem
1208 2983 1280 3043 facti
1298 2981 1448 3063 quosdam
1464 2983 1562 3045 roiam
1612 2968 1619 3005 ⁴

128 3070 199 3132 hinc
228 3071 301 3131 uus
329 3068 508 3148 intelligitur
537 3068 612 3129 illud
645 3068 728 3150 quod
757 3078 827 3131 ante
875 3070 914 3131 ad
929 3072 1028 3144 Esau,
1051 3072 1103 3151 qui
1119 3071 1162 3130 od
1185 3069 1431 3144 coaequationem
1446 3072 1508 3132 Dei
1514 3073 1563 3146 ,et
1614 3050 1619 3090 ¹

129 3156 220 3218 dixit:
243 3158 279 3218 et
292 3158 363 3232 quis
375 3158 481 3233 frater
495 3173 628 3216 numam
642 3156 735 3217 habet
742 3201 752 3233 ,
770 3167 824 3217 etc.
875 3157 919 3218 od
933 3157 1120 3218 deletionem
1133 3159 1303 3217 coroneris
1317 3163 1455 3229 patrum
1464 3160 1561 3234 ipsine,

129 3260 197 3306 non
212 3244 352 3303 dimittat
365 3243 474 3319 tltom,·
495 3243 649 3323 praecepti
664 3262 746 3316 esse,
766 3262 826 3303 non
874 3243 949 3304 illud
960 3246 1075 3324 primus
1084 3245 1250 3316 invenerit,
1263 3243 1312 3302 cui
1319 3251 1484 3324 propterea
1490 3245 1562 3304 Deus
1616 3318 1619 3329 1

129 3329 255 3392 consilii.
279 3328 356 3390 Nam
372 3329 521 3410 proiecto,
540 3330 566 3389 si
581 3329 696 3390 consilii
711 3337 826 3390 tantum
875 3330 1001 3391 dixerit:
1034 3333 1124 3391 Esou
1154 3329 1227 3389 odio
1256 3329 1373 3403 habui,
1405 3329 1561 3391 fabulosum
1616 3340 1619 3354 '

129 3424 224 3491 esset,
240 3414 373 3477 licuisset
387 3415 544 3476 dimittere.
582 3415 670 3496 Quae
684 3434 732 3475 res
747 3415 826 3478 haud
875 3436 943 3478 esse
957 3419 1012 3477 vix
1027 3415 1140 3476 dubito.
1163 3415 1241 3475 Nam
1252 3414 1334 3494 apud
1345 3414 1506 3479 Idumaeos
1518 3417 1560 3476 cir·
1615 3420 1619 3441 ¹

128 3503 238 3565 leviter
251 3501 460 3580 perturbasset
475 3510 565 3583 atque
581 3500 753 3562 offendisset
768 3515 825 3563 sta·
875 3504 1016 3564 cumcisio
1031 3522 1050 3563 a
1064 3503 1199 3584 patribus
1214 3512 1357 3581 accepta,
1380 3502 1558 3584 quemadmc
1614 3496 1619 3528 ¹

127 3597 190 3650 urm
206 3587 367 3669 publicum.
389 3588 544 3669 Deinceps
561 3607 645 3648 suam
660 3587 826 3651 doctrinam
875 3589 944 3650 dum
957 3600 987 3650 et
997 3588 1079 3671 apud
1091 3589 1166 3650 alias
1177 3588 1324 3669 quasdam
1339 3598 1458 3668 gentes,
1468 3589 1562 3652 maurit
1612 3576 1619 3615 ¹

130 3675 265 3738 declarat
286 3675 404 3755 aliquot
425 3674 591 3753 exemplis,
616 3676 714 3754 iisque
729 3674 768 3735 ad
783 3677 825 3736 in-
875 3678 905 3736 iu
920 3694 990 3749 usu,
1006 3684 1085 3737 teste
1099 3674 1289 3756 Hieronymo
1312 3694 1406 3755 super
1419 3677 1558 3738 Jeromist
1609 3684 1619 3759 J

130 3761 321 3824 structionem
335 3760 467 3825 fidelium
482 3759 574 3822 valde
588 3760 759 3823 commodis.
875 3781 940 3842 cap.
958 3765 986 3823 9.
1009 3762 1104 3824 Porro
1120 3762 1144 3822 J
1146 3761 1263 3836 ndaeos,
1279 3763 1333 3842 qui
1349 3760 1390 3821 ad
1401 3764 1493 3824 ritum
1503 3781 1560 3843 geu
1611 3758 1619 3787 ¹

174 3853 223 3910 18.
248 3847 457 3912 Oinoumclsna
479 3849 598 3925 oliqnta
616 3857 745 3910 cosmus
759 3851 825 3909 est?
873 3849 955 3910 tilem
971 3869 1005 3909 se
1020 3848 1248 3922 transferebant,
1261 3847 1379 3929 aliquid
1394 3849 1559 3911 taletsoeu
1608 3837 1619 3875 ¹

128 3936 236 3997 idest:
252 3936 399 4017 quispiam
411 3936 495 4014 priua
507 3936 708 4010 circumcisus,
720 3943 826 4016 utpote
874 3937 986 4009 solere,
1001 3937 1074 3997 satis
1090 3945 1216 4016 apparet
1231 3956 1269 3997 ex
1284 3941 1300 3995 1
1313 3935 1456 3998 hlachsb.
1474 3941 1510 4010 1,
1522 3932 1560 3997 uli
1611 3922 1619 3975 ⁵

129 4020 267 4084 Judaeus
289 4030 342 4082 aut
363 4021 549 4102 proselytus,
575 4031 699 4083 vocatus
722 4031 768 4084 eat
785 4022 825 4083 ad
874 4021 913 4082 de
927 4025 972 4083 eis
988 4023 1112 4084 dicitur:
1135 4024 1179 4084 Et
1192 4025 1341 4101 peomne
1355 4023 1417 4083 sibi
1429 4038 1559 4103 praepe-
1611 4006 1619 4045 ²

128 4107 226 4170 tidem.
248 4108 315 4170 Nec
328 4108 420 4169 refert
432 4110 497 4169 sive
508 4108 591 4188 legas
603 4109 825 4189 interrogative,
874 4111 939 4184 tio,
955 4117 985 4170 et
999 4117 1193 4171 recesserunt
1208 4128 1229 4170 a
1242 4116 1449 4187 testamento,
1475 4109 1561 4178 idest
1613 4116 1619 4167 ·.“

129 4194 378 4276 quemadmodum
392 4194 546 4276 plerique,
565 4197 630 4258 sive
644 4216 713 4255 non.
751 4195 826 4257 Sen-
874 4196 1031 4257 al'oedere
1047 4197 1290 4269 circumcisionis,
1305 4195 1391 4277 quod
1402 4197 1490 4258 Dour
1504 4216 1559 4260 sau·

129 4301 180 4342 sus
195 4284 274 4343 enim
288 4282 370 4343 idem
386 4282 518 4343 efficitur.
555 4280 645 4361 Quod
667 4284 757 4343 etiam
774 4282 824 4342 ob·
874 4282 946 4343 civit
961 4303 997 4343 ac
1011 4285 1128 4364 pepigit
1142 4302 1210 4344 cum
1225 4283 1378 4346 Abraham
1399 4292 1430 4344 et
1445 4284 1561 4365 peusin

129 4388 218 4429 serva
242 4371 273 4429 iu
298 4368 504 4449 sequentibus.
542 4366 701 4448 Quomodo
727 4367 824 4429 locum
873 4369 949 4448 ejus.
960 4370 1029 4430 Hoc
1040 4370 1161 4452 quidem
1173 4370 1299 4431 Hieron
1312 4371 1345 4430 iu
1357 4370 1485 4433 Jeaaiaa
1496 4389 1562 4434 cou·

128 4455 208 4517 hunc
228 4464 322 4516 totum
344 4475 441 4537 usqne
461 4457 501 4518 ad
523 4455 613 4517 illud:
635 4456 740 4517 Nolite
754 4456 825 4532 fieri
872 4463 963 4516 ment.
979 4457 1018 4516 de
1029 4459 1228 4519 nmoentihns
1242 4457 1317 4534 liliis
1328 4465 1360 4517 et
1373 4475 1445 4520 non
1458 4460 1499 4521 de
1510 4475 1564 4536 po·

129 4545 212 4603 servi
226 4543 402 4620 hominnm,
419 4553 552 4624 exponat
566 4544 596 4604 S.
611 4542 825 4623 Hieronymus,
873 4542 974 4604 mbo:
989 4542 1099 4604 dictum
1121 4563 1188 4606 esse
1202 4544 1278 4605 vult.
1311 4542 1351 4604 Id
1365 4544 1449 4605 euim
1463 4545 1564 4606 habaet

129 4626 209 4690 inira
225 4628 367 4691 dicemus.
872 4629 923 4690 lex
938 4631 1079 4691 Antiochi
1092 4629 1219 4692 Judaeia
1234 4628 1322 4705 data,
1339 4627 1379 4691 ds
1394 4632 1563 4712 qusoodeu

173 4717 246 4779 Non
272 4716 416 4778 adducat
442 4717 658 4794 prospectione.
696 4712 824 4779 Sensum
873 4717 973 4798 capit,
994 4719 1174 4796 rdtnqnere
1196 4717 1282 4795 filios
1303 4735 1378 4780 suos
1398 4720 1563 4782 inom-
