3254 5190
98 306 172 376 tlt
519 290 532 323 ·’
595 272 1041 356 consummaremur.
1084 314 1087 323 =
1134 312 1137 319 ·

95 498 176 539 more
206 485 236 537 et
261 476 418 539 honestate
448 476 666 539 committerent
686 478 792 537 ‘filiaet
844 471 966 555 γνώμην
978 479 1177 537 renuntiem.
1199 470 1340 537 ilocnon
1353 486 1405 538 est
1417 476 1543 539 releren-

95 566 204 644 partim
221 566 316 645 ipsius
331 564 407 711 lepis
421 564 681 645 interpretatione,
703 566 793 624 certle
844 564 913 625 dum
929 562 969 623 ud
983 563 1058 623 illud
1082 563 1203 623 beatior
1218 567 1296 623 erit.-
1318 564 1375 625 sed
1397 562 1439 624 ad
1452 565 1538 626 verbs

96 652 216 712 casibus
241 670 301 713 non
327 652 506 731 ohiguutle3
537 648 621 731 qnod
648 650 792 731 stampiis
843 653 994 731 proximu,
1024 653 1050 710 ei
1075 652 1119 710 sie
1142 654 1368 727 pemomerit.
1408 651 1488 712 Num
1514 662 1539 713 et

96 746 266 798 sauctorum
292 740 424 798 virorum
449 746 479 797 et
500 738 656 798 mulierum
678 738 792 798 veteris
843 737 1024 819 supradixit
1042 754 1074 797 ee
1097 736 1255 797 consilium
1271 736 1344 799 dare
1367 737 1537 818 virginibus,

95 826 286 899 testamenti,
313 826 365 909 qui
388 826 533 905 conjuges
555 835 735 905 acceperunt
749 827 792 885 in·
841 828 876 885 ut
900 825 944 884 sle
969 832 1182 904 permaneant:
1212 832 1305 905 atque
1332 822 1442 886 entiam
1470 845 1536 887 nuuc

96 910 214 987 fideles,
231 912 392 973 ostendere
406 920 576 992 promptum
592 918 647 971 est.
841 912 972 991 respicit.
992 910 1104 991 'Itaque
1116 930 1220 972 sensus
1232 922 1293 972 est:
1309 914 1335 972 sl
1346 920 1471 973 moneat
1483 912 1535 973 sinc

139 1000 189 1061 40.
212 1000 346 1061 Bedtior
371 1008 477 1059 autem
500 1003 576 1075 erit,
602 1002 629 1058 ei
651 1000 695 1058 eie
714 1014 792 1075 per·-
841 1000 921 1069 viro,
945 996 1093 1077 quomodo
1115 997 1296 1059 manendum
1314 1014 1371 1078 ego
1388 1008 1533 1060 cenaeoat

95 1090 254 1147 manserit.
278 1085 409 1148 Graece:
426 1088 558 1147 Beotior
573 1092 680 1146 autem
696 1093 748 1161 est,
766 1088 794 1145 si
842 1084 983 1160 consul03
1000 1086 1106 1163 etjam
1122 1094 1191 1144 ante
1207 1084 1352 1162 coushlui,
1365 1084 1487 1167 quondo
1506 1084 1532 1147 de

95 1178 137 1233 etc
153 1182 290 1235 moneat.
320 1174 389 1247 Sic,
416 1170 520 1247 idest,
549 1173 613 1233 sine
629 1175 705 1233 viro.
742 1172 792 1232 Sic
840 1170 1010 1252 virginibus
1027 1169 1161 1251 agebam

96 1260 439 1321 monentembeatiorem
454 1266 557 1335 vocet,
578 1279 638 1319 non
653 1258 691 1319 ob
706 1276 790 1339 prae·
885 1260 966 1319 Puto
989 1264 1113 1333 eutem,
1144 1258 1230 1337 qaod
1255 1266 1284 1318 et
1310 1276 1368 1335 epo
1392 1262 1526 1337 spiritua

95 1348 186 1408 sentis
201 1348 283 1409 vitae
297 1344 550 1420 commoditatem,
563 1348 634 1427 qnia
647 1346 792 1406 molestiis
841 1348 902 1407 Dei
917 1345 1057 1405 labeum.
1071 1346 1166 1421 Puto,
1180 1344 1296 1406 Grecos
1308 1341 1393 1404 δοκῶ
1406 1348 1525 1425 opinor,-

95 1436 228 1517 conjugii
251 1444 372 1509 careat,
393 1444 427 1496 ut
447 1432 512 1495 volt
527 1434 672 1495 Erasmus
696 1436 725 1494 iu
741 1454 791 1493 an·
840 1435 917 1494 miti
932 1432 1046 1493 videor
1060 1438 1089 1491 et
1104 1450 1159 1508 epo
1175 1434 1324 1509 spirltum
1339 1433 1404 1493 Dei
1417 1434 1523 1494 dabre.

94 1530 197 1596 notat,
213 1521 295 1603 qood
311 1530 411 1583 tamen
426 1522 457 1581 in
468 1521 645 1602 paraphrasi
659 1519 791 1603 quedeu·
840 1520 939 1580 Minus
955 1519 1030 1580 dicit
1044 1519 1112 1600 plue
1128 1519 1232 1579 voleus
1247 1519 1396 1600 intelligi3
1418 1520 1525 1581 relutrl

94 1617 181 1670 tenus
197 1608 335 1688 cortigit,
358 1608 536 1689 Apostolum
558 1610 602 1667 ita
620 1606 733 1669 faciens
748 1608 790 1666 lo·
840 1616 926 1688 pater
949 1606 1012 1666 filio
1037 1612 1143 1687 pu'rnm
1165 1600 1311 1686 morigero
1337 1606 1434 1668 dicat:
1459 1608 1525 1668 Puto

95 1704 254 1777 quantem:
292 1694 481 1757 Feliciorem
514 1695 671 1769 arbitror,
709 1710 792 1771 quoe
840 1714 887 1753 me
901 1700 1016 1774 patrem
1032 1703 1114 1753 tunm
1126 1713 1201 1765 esse,
1218 1695 1266 1753 cui
1279 1692 1394 1755 debeas
1406 1694 1521 1755 obedire.

94 1778 198 1844 studio
214 1784 355 1845 vacandi
371 1782 493 1844 Christo
509 1790 617 1842 tuetur
631 1780 791 1842 redditam
841 1780 939 1861 Saepe
962 1780 1093 1861 loquitur
1114 1780 1154 1840 sd
1179 1780 1257 1840 hune
1283 1779 1403 1842 modum
1427 1781 1523 1842 Paulae

94 1870 285 1931 libertatem:
307 1871 362 1931 'sed
385 1889 421 1929 ea
443 1868 627 1930 beatitudine
642 1868 731 1948 hujus
747 1871 792 1928 vi·
839 1866 1004 1928 modestiae·
1017 1886 1116 1942 cansa,
1126 1876 1156 1926 et
1164 1875 1200 1926 ut
1211 1870 1402 1947 arrogantiae
1412 1872 1523 1951 speciem

93 1968 155 2030 tae,
179 1977 267 2038 qnam
287 1958 441 2039 Scriptura
462 1958 574 2037 passim
595 1950 792 2031 commendat,
840 1956 924 2015 vitet.
963 1955 1011 2014 Ita
1027 1972 1118 2034 supra
1133 1973 1212 2014 vers.
1231 1956 1279 2016 26.
1294 1998 1297 2003 >
1312 1957 1524 2017 Existimetur

94 2053 125 2107 et
139 2062 219 2127 quae
233 2048 354 2127 proprie
377 2042 416 2103 ad
432 2038 548 2103 Christi
561 2042 709 2102 beneficis
723 2046 790 2122 p'er·
841 2043 958 2102 bouum
984 2059 1061 2116 esee,
1089 2052 1119 2101 et
1144 2058 1209 2120 cap.
1233 2042 1262 2100 i.
1301 2044 1387 2103 Pa'to
1417 2034 1522 2117 (δοκῶ),

94 2134 183 2193 tinet:
208 2130 357 2212 quomodo
381 2132 464 2190 beati
482 2130 620 2189 dicuntur
633 2122 792 2207 pddpeies
841 2128 926 2206 qrrod
950 2128 1042 2189 meua
1070 2147 1129 2188 noe
1158 2128 1329 2204 Apostolos
1356 2132 1523 2191 acroama

92 2221 226 2299 spiritu,
247 2227 277 2279 et
290 2218 415 2281 mundo
431 2216 543 2291 corde,
559 2224 614 2276 etc.
629 2216 737 2276 Matth.
755 2216 791 2292 5,
841 2216 992 2289 ostendit,
1010 2223 1065 2275 etc.
1089 2215 1203 2275 Sensus
1220 2222 1282 2275 est:
1298 2214 1449 2278 E'xlttimo
1465 2226 1523 2275 sana

91 2306 229 2367 nimirum
250 2304 443 2368 beatitudine
468 2301 619 2383 spirituali
646 2302 792 2378 inchoati,
841 2321 888 2363 ure
905 2321 1033 2382 quoque,
1049 2300 1175 2381 perinde
1188 2310 1224 2360 ut
1243 2300 1317 2362 alios
1331 2301 1446 2363 Olriistl
1461 2302 1524 2383 Apo

93 2401 123 2453 et
137 2402 332 2475 promovente
355 2391 394 2452 ad
410 2388 511 2463 illam,
536 2398 615 2469 quae
639 2391 670 2449 in
692 2389 792 2450 inturo
841 2386 1111 2469 stoice,'Splriturn
1126 2388 1185 2448 Dei
1199 2387 1331 2462 hebere,
1351 2402 1413 2469 quo
1427 2389 1525 2471 possin

93 2478 215 2542 se'eculo
227 2477 412 2559 perficiendo
424 2484 569 2556 speratur.
586 2474 710 2537 Beatior
721 2482 791 2558 ergo
840 2476 919 2536 bona
935 2480 966 2534 et
981 2480 1086 2534 sancta
1100 2470 1240 2535 fidelibus
1251 2494 1425 2557 suggerere.
1448 2470 1525 2559 Quod

92 2566 186 2627 vidua
201 2566 280 2628 sisio
292 2575 426 2640 maneat3
442 2565 515 2643 quia
525 2572 587 2624 uon
594 2564 659 2642 jam
671 2564 791 2643 cogitat,
841 2562 924 2634 dieo,
945 2566 987 2620 rre'
1007 2563 1075 2642 quis
1096 2563 1155 2643 hoo
1170 2566 1268 2621 meunt
1279 2560 1438 2623 consillum·
1453 2560 1526 2645 pst'vl

92 2666 171 2737 qu'ae
186 2652 289 2713 mundi
304 2662 388 2723 sunt,
410 2648 558 2733 quomodo
573 2650 695 2729 placeat
709 2653 792 2724 viro3
840 2648 960 2730 pendat.
985 2647 1074 2722 Sunt,
1089 2651 1148 2729 piri·
1159 2646 1233 2707 illud
1247 2656 1277 2707 et
1291 2662 1348 2724 epo
1361 2646 1470 2711 dictum
1483 2652 1526 2731 pu*

92 2738 145 2800 sed
165 2758 219 2821 per
241 2734 629 2800 continentiam':'tldualem
645 2756 662 2797 e
678 2735 790 2797 carnali
839 2743 903 2797 tent
931 2742 1055 2814 propter
1086 2733 1360 2815 Pseudapostolos,
1396 2737 1448 2819 qui
1473 2732 1527 2805 stt,

91 2828 247 2906 voluptate
258 2835 380 2893 remota,
392 2826 459 2885 Deo
471 2841 504 2881 se
515 2824 638 2903 propius
650 2822 791 2905 applicat,
838 2822 933 2883 Panlo
950 2824 1135 2901 contempto,
1159 2820 1305 2903 Spiritum
1319 2821 1380 2883 Dei
1396 2822 1526 2884 vendier

91 2915 244 2995 servitque
250 2912 373 2985 liberius
382 2921 414 2971 et
421 2906 602 2989 expeditius.
611 2908 692 2971 Hinc
699 2910 792 2989 igitur
838 2908 920 2970 bant.
944 2906 1005 2968 Sed
1020 2910 1151 2989 priorem
1167 2926 1288 2969 aeneum
1301 2908 1432 2971 arbitror
1442 2910 1526 2971 verto

92 3005 210 3061 constat
223 2997 373 3060 vidualem
390 2998 558 3059 castitatem
570 2995 725 3076 conjugali
739 3016 791 3076 po·
837 3000 909 3056 re‘m.
945 2992 1026 3053 liam
1053 3013 1118 3054 cum
1143 2996 1222 3055 veria
1246 2992 1359 3057 christi
1384 2994 1528 3077 Apostoll·

92 3082 202 3147 tiorem'
214 3102 289 3158 ease,
305 3091 336 3145 et
345 3084 467 3164 majoris
479 3082 559 3163 opud
569 3083 669 3143 Deutn
681 3083 789 3144 meriti.
838 3101 906 3142 sese
917 3082 1033 3142 confert
1044 3082 1132 3142 etlam
1145 3081 1233 3157 inira,
1243 3090 1335 3162 atque
1347 3100 1388 3143 ex
1399 3080 1526 3167 prolem

134 3170 315 3237 Semadum
331 3172 435 3232 meam
458 3170 634 3233 comitiam.
673 3166 790 3230 (lusca
839 3189 903 3249 cap.
920 3173 947 3231 9.

591 3460 751 3547 tsttt
793 3446 1043 3552 tillidi

194 3612 246 3681 De
273 3615 314 3681 iis
342 3617 473 3697 autem,
502 3630 586 3703 quae
614 3612 713 3679 ldolls
741 3614 985 3699 sacrificantur,
1014 3614 1151 3700 scimus,
1181 3613 1258 3704 quio
1286 3632 1401 3679 omncs
1428 3614 1523 3680 scicn-

91 3721 172 3787 tiam
198 3716 370 3787 hebemus.
407 3712 556 3789 Seieutla
582 3716 685 3804 lullat,
714 3716 859 3785 chorites
887 3738 965 3783 vcro
994 3714 1160 3785 aedificat.
1198 3716 1231 3783 2.
1261 3714 1298 3783 Si
1325 3719 1400 3807 quis
1427 3723 1523 3784 auten

91 3842 127 3889 sc
155 3825 324 3893 existimat
358 3819 445 3885 scire
485 3821 627 3907 aliquid,
667 3821 812 3889 noudum
852 3823 1026 3906 coguovit,
1067 3821 1345 3908 quemadmodum
1383 3822 1523 3908 oportest

90 3947 165 3993 eum
202 3928 299 3993 scira.
355 3925 388 3988 3.
417 3921 453 3988 Si
488 3925 561 4011 quie
597 3931 710 3991 autem·
744 3925 855 4011 diligit
887 3924 1012 4010 Deum,
1048 3925 1104 3990 hic
1140 3926 1292 4011 cognitus
1325 3930 1380 3991 est
1415 3924 1458 3991 ab
1481 3940 1522 3989 ct.

90 4033 125 4096 4.
152 4031 205 4097 Dc
235 4030 319 4095 cecis
347 4032 474 4111 autem,
504 4048 588 4115 quac
616 4028 714 4095 idolis
740 4030 970 4113 immolentur,
999 4030 1137 4115 scimus,
1167 4029 1245 4117 quie
1271 4029 1355 4095 nihil
1382 4034 1436 4095 est
1461 4026 1522 4095 ido·

89 4136 156 4202 lum
183 4134 216 4201 in
243 4128 385 4216 mundo,
415 4137 448 4197 ct
477 4131 565 4221 quod
591 4132 701 4200 nullus
729 4137 781 4199 cst
807 4132 910 4219 Deus,
938 4133 1001 4198 nisl
1029 4150 1122 4199 unus.
1179 4134 1212 4199 5.
1240 4132 1324 4199 Nam
1359 4133 1425 4201 etei
1452 4130 1521 4215 sunl,

90 4240 146 4327 qui
173 4237 325 4305 dicuutur
353 4234 418 4322 dii,
452 4234 584 4303 sivein
612 4237 726 4323 coelo,
761 4235 831 4304 sive
859 4238 892 4302 in
920 4243 1011 4303 terre
1045 4235 1223 4324 (siquidem
1249 4245 1327 4304 sunt
1356 4236 1404 4305 dii
1431 4232 1520 4317 not

89 4349 124 4409 et
151 4342 275 4409 domiui
302 4336 427 4419 multilz
467 4342 500 4405 6.
523 4337 620 4405 nobie
643 4346 755 4409 tamen
777 4362 861 4409 uuus
884 4348 936 4407 est
958 4341 1063 4425 Deus,
1084 4340 1195 4425 Pater,
1224 4361 1267 4407 ex
1290 4363 1356 4429 quo
1380 4330 1519 4419 omuit¹l

90 4452 124 4511 ct
149 4464 211 4511 uos
237 4447 270 4510 iu
297 4445 409 4511 illum:
437 4449 472 4509 et
499 4463 583 4509 unus
609 4443 771 4511 Dominus
798 4444 898 4511 Jesus
924 4444 1094 4529 Christus,
1126 4464 1188 4530 per
1216 4464 1313 4532 quem
1342 4446 1518 4531 omnia,st

87 4570 148 4615 nos
173 4566 234 4637 per
262 4548 379 4637 ipsum.
436 4550 468 4612 t.
497 4544 565 4612 Sed
598 4566 665 4613 nun
700 4550 733 4613 in
769 4547 921 4615 omni-bus
957 4554 1009 4614 est
1045 4549 1195 4614 scientie.
1250 4546 1396 4633 Quidam
1425 4554 1516 4617 astu

191 4738 323 4808 otoni.
344 4742 366 4805 t,
383 4740 409 4793 t.
443 4736 496 4792 cot
515 4740 540 4803 t,
560 4740 600 4793 ts.
616 4748 671 4803 aas.
