3254 5190
436 285 600 341 mulctes
617 287 657 342 AD
675 287 826 341 uultures.
862 286 946 341 rme.
963 289 987 340 7.
1005 289 1029 341 8.
1420 297 1490 364 125

62 464 195 524 bominem
216 472 309 523 voest
331 470 510 523 venantem
532 471 564 523 et
584 464 748 543 corruptio·
798 465 947 543 quemvis,
963 475 995 525 ut
1010 465 1087 539 dixi,
1104 463 1236 543 perfecte
1251 463 1414 524 destructio
1429 485 1492 525 cor·

61 570 113 611 reru
127 551 248 630 peccem
270 552 302 609 in
323 549 458 621 bomine,
484 570 575 629 quem
595 570 634 611 ex
654 552 750 610 reteri
796 552 876 630 poris
892 554 1009 629 peccati
1024 573 1084 612 nou
1100 551 1187 629 hujus
1203 553 1242 609 sit
1256 553 1345 623 vitoe,
1372 550 1426 612 sed
1449 551 1493 611 iu·

58 637 140 696 eidem
156 640 332 710 contruxit,
357 637 408 695 vel
430 637 530 716 potius
545 637 641 716 ipsum
657 637 748 696 botui-
797 646 887 709 turae,
897 658 974 698 nuno
986 649 1083 697 lernen
1096 639 1214 696 interim
1227 639 1269 699 its
1277 639 1492 699 destruendum

57 726 165 793 semin
182 735 338 802 quantum
353 723 524 800 hujusmodi
540 732 691 783 vetustate
707 723 749 782 el·
797 734 853 795 est,
868 737 901 782 ut
915 725 1020 785 saltem
1036 726 1094 796 liat,
1111 724 1191 803 quod
1208 727 1360 806 sequitur:

56 809 139 870 iectus
154 819 215 869 est
240 808 749 890 Opponitnreutembomininovo.
840 812 986 871 Etultra
1002 830 1069 871 nou
1085 815 1258 873 serviamus
1277 820 1417 888 peceato.
1433 812 1490 871 Le·

56 898 140 976 Quen
155 906 325 975 utrumque
340 896 471 955 meminit
486 916 522 954 sc
536 896 749 958 notissuisde·
797 896 942 975 gendum:
970 907 1007 958 ut
1032 899 1121 957 ultra
1146 916 1214 957 non
1240 902 1424 959 serviamus.
1455 898 1492 960 In

55 983 143 1043 seribit
157 982 333 1063 Apostolus
350 981 428 1062 Eph.
445 984 473 1040 4.
798 983 874 1043 benc
900 987 977 1044 enim
1003 985 1164 1044 lectionem
1188 1005 1290 1044 ornnes
1312 985 1376 1045 lere
1401 987 1494 1046 nostri

87 1068 179 1129 Putat
196 1071 393 1148 Augustinus
408 1088 527 1148 propos.
545 1074 604 1140 32,
620 1069 748 1129 Paulum
798 1069 924 1142 codices,
940 1082 972 1130 et
987 1079 1234 1131 commentatores
1250 1056 1429 1151 con'spirant
1446 1091 1494 1131 ee·

56 1157 96 1216 bic
109 1158 268 1237 respicere
282 1156 322 1215 ed
346 1155 422 1214 illud
445 1156 533 1214 Dent.
558 1159 624 1215 21.:
646 1156 749 1215 llale-
798 1155 925 1235 demque
934 1168 978 1217 est
989 1155 1286 1236 epudAugustinum.
1299 1160 1364 1218 Nec
1376 1157 1494 1218 Grecos

55 1243 145 1302 dietus
160 1262 184 1302 a
201 1244 275 1304 Deo
291 1250 353 1316 est,
380 1245 436 1318 qui
454 1243 572 1317 pendet
592 1246 628 1302 in
651 1243 749 1317 liano
798 1242 948 1304 diversam
964 1243 1131 1304 admittunt
1155 1245 1407 1324 Servitpeecsto,
1437 1245 1491 1323 qui

55 1329 121 1389 b'em
135 1330 256 1390 veteris
272 1329 412 1402 bominis,
428 1328 457 1388 id
473 1338 526 1401 est,
538 1332 704 1408 peccatoris
713 1349 749 1389 ec
797 1333 913 1409 peccati
930 1330 1099 1403 desideriis,
1115 1338 1160 1402 et,
1176 1340 1210 1390 ut
1225 1334 1266 1390 itu
1281 1331 1385 1407 dicem,
1401 1332 1491 1410 impe·

56 1415 201 1477 mledieri
229 1415 458 1476 similitudinem
488 1418 581 1495 gessit
610 1415 749 1476 Christus
799 1418 849 1475 riis
872 1419 1058 1499 obsequitur3
1085 1419 1136 1497 qui
1152 1418 1206 1477 sub
1223 1420 1338 1498 peccati
1360 1418 1490 1478 dominio

58 1512 169 1584 propter
184 1524 245 1563 nos
265 1503 373 1563 affixus
387 1503 475 1560 cruci.
499 1501 588 1562 Unde
611 1503 749 1562 etinctus
798 1512 852 1563 est.
888 1505 966 1564 Nom
992 1514 1145 1584 peccatum
1173 1506 1260 1585 lingit
1277 1515 1312 1565 ut
1337 1524 1494 1584 personum

59 1610 102 1669 pro
113 1591 204 1650 nobis
218 1590 333 1649 dicitnr
344 1596 508 1665 peecatum
533 1593 551 1649 2
568 1588 636 1648 Cor.
654 1590 696 1662 5..
718 1597 750 1647 et
798 1589 1015 1664 dominantem,
1039 1610 1117 1670 quse
1133 1592 1277 1671 subjectis
1293 1594 1387 1652 servis
1401 1593 1492 1671 imps-

59 1677 259 1737 ssaledietum
272 1675 341 1736 Gal
357 1676 385 1734 3.
409 1676 469 1734 llic
484 1676 575 1754 igitur
589 1684 674 1736 retus
696 1697 747 1736 no·
797 1685 851 1736 ret.
875 1677 937 1737 Sed
951 1677 982 1736 id
998 1679 1167 1758 expressius
1184 1680 1214 1737 in
1230 1680 1433 1757 sequentibus.

59 1774 108 1824 ster
121 1765 212 1825 bomo
225 1763 315 1823 simul
326 1782 393 1823 cum
406 1761 524 1822 Christo
536 1763 692 1823 cmcifixus
705 1773 750 1822 est
843 1766 870 1822 7.
895 1767 956 1844 Qui
973 1768 1056 1823 enim
1071 1771 1216 1824 mortuus
1232 1773 1274 1825 est
1282 1810 1292 1841 ,
1304 1766 1494 1842 iustificetur

60 1851 308 1922 otmortfficstns,
334 1870 408 1915 non.
433 1852 590 1909 utstatim
614 1859 748 1910 vetustas
798 1859 841 1910 est
856 1869 876 1908 a
890 1859 1028 1925 peccate.
1051 1851 1135 1911 Inest
1155 1851 1202 1910 his
1217 1853 1317 1913 verbis
1341 1853 1431 1911 tscite
1446 1871 1493 1910 sr-

60 1941 140 1998 onnis
155 1937 299 2004 ututur,
315 1935 397 2017 quod
413 1956 473 1995 non
488 1936 634 2015 contingit
648 1937 679 1995 iu
694 1936 750 1997 hec
797 1939 978 2016 gumentatio
994 1937 1033 1996 ab
1049 1939 1155 1997 effectu
1164 1958 1216 1997 seu
1226 1940 1409 2019 proprietate
1416 1958 1490 1997 mor-

60 2029 124 2100 rits;
140 2024 208 2098 sed,
223 2022 475 2104 quemadmodum
491 2024 638 2102 sequitur:
797 2025 843 2095 tis,
859 2023 897 2083 ed
914 2024 992 2084 huuc
1004 2025 1125 2084 modum
1139 2024 1332 2104 explicanda:
1353 2025 1490 2084 Mortuus

96 2115 132 2173 L't
144 2114 460 2186 destruaturcorpus
471 2112 602 2185 peccati.
613 2111 749 2170 Destru·
797 2110 883 2168 homo
898 2111 971 2170 nibil
986 2112 1048 2189 agit
1069 2111 1175 2180 ritule,
1198 2112 1251 2172 sed
1273 2111 1426 2174 absolutus
1446 2117 1493 2171 est

58 2208 129 2275 sne,
156 2197 281 2258 Graece
297 2193 495 2274 καταργηθῇ,
518 2196 683 2255 aboleatur
698 2197 748 2255 rel
796 2195 833 2254 ab
850 2197 953 2256 officiis
968 2199 1064 2269 vites,
1088 2218 1146 2278 que
1160 2199 1243 2274 prius
1258 2199 1390 2258 vivebat
1413 2197 1492 2258 Nem

58 2286 240 2347 rbelmtur.
278 2283 339 2343 Pro
370 2303 430 2362 quo
454 2284 556 2361 legunt
579 2282 696 2341 'l'ertul
720 2293 749 2341 ct
796 2303 873 2340 mors
889 2282 990 2342 abolet
1006 2304 1106 2343 omnes
1122 2286 1202 2344 vitae
1217 2287 1359 2346 actiones.
1375 2285 1426 2344 Sic
1436 2304 1489 2364 sgr

58 2376 195 2453 Δημὼ
231 2379 452 2430 evacuaretur.
484 2367 602 2448 Corpus
631 2370 748 2447 peccati
795 2377 843 2427 tur
872 2382 901 2427 et
930 2390 998 2442 nos,
1028 2371 1167 2449 quoniam
1197 2371 1374 2431 conformati
1402 2372 1491 2429 morti

58 2469 134 2519 mest
173 2461 277 2538 ipsum
307 2464 440 2516 veterem
470 2455 632 2526 hominem,
663 2455 748 2533 cujus
796 2454 908 2514 Christi
918 2458 948 2514 in
960 2475 1056 2528 cruce,
1070 2458 1177 2516 mortui
1190 2477 1290 2517 sumus
1303 2466 1427 2535 peccato
1439 2473 1493 2516 seu

57 2546 178 2605 nembro
195 2542 272 2604 slibi
287 2551 450 2613 enumeret,
463 2541 580 2601 dicens:
607 2540 747 2617 Mortifi-
797 2543 875 2600 ritae
892 2544 999 2614 veteri,
1012 2543 1169 2620 justificati
1184 2564 1301 2618 snmus,
1319 2543 1348 2603 id
1364 2552 1424 2616 est,
1439 2543 1490 2602 nb·

57 2641 114 2692 ecte
134 2630 283 2691 membra
308 2636 411 2688 vestra
420 2674 430 2702 ,
456 2648 536 2706 quae
559 2635 633 2686 sunt
653 2646 748 2703 super
796 2628 886 2686 soluti
902 2649 1022 2707 prorsus
1037 2650 1055 2688 e
1071 2640 1203 2708 peccato,
1219 2640 1252 2690 ut
1267 2631 1294 2689 ei
1309 2629 1424 2689 nullum
1439 2629 1490 2689 ds·

57 2726 185 2793 mmm,
207 2718 479 2793 fornicationem,
506 2715 747 2774 immunditiam
796 2716 898 2794 inceps
914 2717 1088 2775 servitutem
1106 2715 1278 2789 debeamus,
1292 2726 1433 2796 tunquam
1448 2718 1493 2775 ni·

58 2818 105 2865 etc
125 2805 193 2867 eol.
218 2808 249 2864 3.
280 2802 341 2861 L'bi
364 2803 436 2861 setis
457 2800 621 2879 significet,
639 2799 747 2860 'eedem
796 2800 836 2859 hil
853 2800 979 2880 surplius
995 2802 1138 2862 babentes
1155 2823 1221 2862 cum
1236 2823 1272 2862 eo
1294 2804 1406 2882 negotii
1428 2804 1493 2862 sire

56 2889 119 2951 isse
133 2911 205 2953 esse
219 2887 356 2948 membre
370 2889 479 2948 veteris
495 2887 621 2947 bominis
636 2907 671 2946 uc
685 2896 744 2945 ter·
795 2890 969 2947 commercii.

57 2979 117 3049 reni,
130 2996 244 3056 nempe
256 2976 286 3034 in
298 2994 343 3046 eo,
355 2974 436 3053 quod
448 2973 528 3045 dicit,
540 2973 680 3032 membra
696 2993 747 3033 ee·
839 2972 928 3050 Quod
940 2976 991 3045 eit,
1002 2975 1195 3052 justificatus
1207 2983 1259 3048 est,
1277 2985 1394 3055 sumpte
1405 2974 1490 3054 pbrs·

57 3070 131 3138 stra,
159 3081 246 3140 quae
271 3068 346 3120 sunt
372 3079 467 3137 super
489 3068 608 3119 terram
616 3105 626 3134 ,
649 3057 678 3118 id
703 3068 749 3119 est
796 3061 836 3117 sis
848 3081 866 3119 e
877 3060 998 3137 judiciis
1014 3059 1189 3133 forensibus,
1204 3062 1271 3130 ubi,
1287 3063 1339 3142 qui
1354 3060 1490 3121 absolve·

57 3151 178 3211 nombre
202 3148 332 3208 bominis
346 3149 439 3207 vestri
452 3149 571 3206 terreni.
795 3145 890 3217 betur,
901 3148 1060 3223 justificari
1070 3147 1230 3219 dicebatur,
1241 3149 1298 3208 hoc
1307 3156 1353 3207 est
1364 3147 1492 3219 liberari,

11 3304 14 3311 ,
92 3237 265 3296 Destruitur
292 3253 363 3310 ergo
390 3243 420 3293 et
446 3232 585 3292 aboletur
610 3235 641 3292 in
663 3231 748 3291 nobis
797 3231 860 3291 sive
876 3234 1026 3293 acrimine
1039 3234 1094 3293 sibi
1107 3235 1254 3312 imposito,
1267 3233 1491 3294 siveadomino

58 3343 158 3404 eorpus
173 3322 302 3402 peccati,
318 3319 437 3398 quondo
454 3320 586 3378 membra
598 3319 662 3396 ejus
675 3339 748 3377 mor·
796 3318 915 3377 volente
931 3339 997 3378 eum
1018 3320 1074 3378 sibi
1089 3319 1242 3379 vindicare
1265 3341 1390 3380 serrum
1419 3319 1492 3380 Jem

58 3410 206 3479 mensus,
218 3406 250 3467 id
262 3416 317 3477 est,
330 3405 448 3486 qusndo
465 3404 620 3466 desideriis
631 3405 749 3484 peccati
796 3424 835 3462 ex
850 3405 907 3464 huc
923 3425 1044 3484 quoque
1061 3406 1186 3465 Paulina
1203 3409 1351 3467 sententia
1376 3405 1491 3484 colligit

58 3517 105 3556 nou
118 3494 334 3565 consentimus,
352 3491 405 3551 sed
420 3492 588 3563 resistimus,
605 3512 701 3572 euque
718 3494 747 3550 in
795 3490 953 3568 Augustin.
969 3492 1063 3551 Encb.
1081 3496 1131 3552 42.
1148 3501 1185 3551 et
1201 3494 1259 3564 43,
1271 3492 1409 3572 parvulos
1421 3501 1491 3553 ente

57 3583 131 3643 nobis
145 3598 359 3661 expugnemus
376 3587 405 3637 et
420 3578 590 3638 occidimus.
795 3576 971 3656 baptismum
988 3578 1099 3637 bebere
1115 3588 1284 3656 peccatum,
1301 3582 1443 3659 quoniam
1460 3588 1490 3638 et

91 3671 183 3739 Sunt,
204 3668 259 3747 qui
283 3684 389 3744 corpus
412 3667 527 3744 peccati
549 3665 744 3743 interpreten-
795 3664 851 3742 ipsi
868 3662 986 3723 Christo
1002 3666 1176 3724 commortui
1191 3677 1259 3726 sunt
1280 3667 1310 3726 in
1333 3667 1490 3745 baptismo.

8 3770 10 3831 j
57 3766 96 3815 tur
107 3774 217 3835 eorpus
234 3764 376 3822 nostrum,
391 3762 539 3831 quatenus
549 3751 745 3829 peceatosub·
839 3753 867 3808 u,
889 3752 925 3815 St
939 3759 1047 3810 autem
1062 3755 1180 3810 mortui
1195 3772 1302 3813 sumus
1313 3772 1383 3813 cum
1398 3755 1490 3814 Obri-

58 3840 138 3903 ditum
164 3852 229 3911 est,
256 3859 345 3918 quum
370 3857 488 3898 curnem
514 3840 631 3919 peccati
658 3847 747 3896 vocet
794 3844 851 3910 sto,
868 3838 1337 3914 eredimus,quiaeimuletiam
1352 3845 1492 3901 vivemus

58 3928 210 4008 Apostolos
227 3925 305 3985 infra
320 3945 384 4003 esp.
402 3926 431 3983 8.
446 3928 544 4006 Atque
560 3926 636 3984 banc
657 3943 746 4002 expo·
794 3942 865 3982 eum
882 3924 1014 3983 Christo.
1031 3924 1157 3998 Graece,
1173 3927 1346 3999 eredimus,
1370 3930 1491 4002 uuiaet

56 4016 182 4076 titionem
198 4015 262 4072 late
277 4015 468 4092 prosequitur
484 4011 648 4090 Origenes,
672 4010 744 4069 libe·
794 4013 997 4070 convivemus
1019 4014 1055 4070 ei.
1089 4009 1243 4090 Chrysost.
1268 4013 1380 4092 aliique
1408 4013 1491 4072 multi

57 4121 109 4162 rum
124 4112 227 4162 temen
248 4099 354 4159 lectori
370 4098 498 4169 iaciens,
521 4108 556 4157 ut
579 4097 629 4157 rel
652 4098 745 4169 istum,
794 4095 905 4156 dictum
917 4097 974 4156 hec
986 4098 1135 4177 accipiunt
1147 4098 1255 4157 devite
1266 4099 1387 4176 gloriae,
1400 4118 1490 4176 quem

57 4188 97 4248 rel
115 4190 249 4269 priorem
273 4187 375 4264 eliget.
400 4184 495 4244 Nobis
521 4185 641 4264 quidem
666 4185 745 4261 prior
794 4191 1001 4261 exspectemus
1010 4205 1062 4263 per
1074 4187 1337 4258 resurrectionem,
1352 4193 1385 4243 ut
1393 4184 1489 4244 simile

7 4314 9 4337 ÷
57 4271 193 4336 buicloco
208 4275 308 4352 magis
324 4271 545 4331 accommodate
560 4271 686 4330 videtur.
793 4271 830 4328 sit
846 4270 896 4340 illi,
923 4269 1003 4349 quod
1028 4271 1105 4330 site
1130 4270 1261 4330 Timoth.
1288 4273 1332 4328 2.:
1348 4271 1382 4331 Si
1402 4288 1488 4330 com·

89 4360 177 4442 Quod
193 4381 267 4422 vero
284 4359 425 4419 neoterici
441 4358 561 4438 quidam
574 4376 680 4436 corpus
693 4375 744 4435 pro
792 4359 913 4416 mortui
924 4376 1030 4416 suerrus
1037 4402 1048 4431 ,
1071 4364 1100 4416 et
1115 4361 1331 4417 concinemus:
1354 4360 1486 4416 sieusts'·

7 4500 9 4509 .
57 4447 149 4511 robore
160 4448 295 4530 positum
311 4445 488 4515 existiment,
505 4465 539 4504 ec
555 4444 668 4505 destrui
680 4463 742 4502 cor·
792 4443 946 4518 nebimus,
964 4451 993 4502 et
1008 4445 1282 4518 conreynabs'mus.

57 4553 101 4612 pus
115 4537 230 4618 pseusti
245 4533 367 4605 dicunt,
394 4550 483 4610 quum
500 4531 588 4590 robur
604 4540 634 4589 et
649 4531 744 4589 virtus
834 4532 876 4588 At
891 4539 971 4590 certe
986 4540 1145 4591 contextus
1160 4531 1207 4591 bic
1222 4532 1331 4609 exigit,
1355 4540 1387 4590 ut
1403 4530 1488 4589 intel·

56 4626 155 4699 moreti
181 4629 362 4687 enervetur,
390 4617 422 4677 id
444 4638 463 4677 s
489 4626 630 4677 consueto
656 4615 744 4676 Psuli
792 4617 902 4696 ligatur
917 4613 954 4676 de
970 4619 1032 4676 rita
1046 4637 1100 4697 per
1115 4619 1278 4677 novitatem
1295 4616 1415 4677 Christo
1441 4637 1486 4676 re-

56 4725 176 4774 mmono
211 4716 338 4770 constet
365 4725 432 4766 esse
461 4705 599 4765 slienmn.
637 4703 741 4774 Porro,
792 4704 924 4783 surgenti
936 4703 1129 4776 conformata,
1145 4724 1221 4785 quse
1233 4706 1348 4765 estvits
1356 4706 1488 4782 gestium
