3254 5190
445 258 608 314 tPlSiottE
625 258 665 314 so
680 255 836 313 1101111108.
869 258 942 312 vers.
960 259 985 311 s.
1014 260 1054 313 10.
1083 260 1123 313 11.
1452 266 1497 335 15

51 439 221 514 Christum
246 437 328 520 quod
351 438 440 497 etiam
463 456 500 503 ex
515 437 571 496 hoc
587 437 653 497 loco
670 436 755 496 docet
802 436 1135 512 vestrtfaciosemper
1149 436 1398 496 morationibus
1413 441 1498 497 meis.

51 528 184 607 Prosper
207 536 316 585 contra
338 525 405 585 coll.
436 544 500 604 cap.
524 525 574 584 36.
598 532 628 583 et
650 523 699 584 lib.
727 529 753 582 1.
802 524 877 582 Sine
892 525 1135 598 intermissione,
1153 523 1371 582 admemoriam
1387 523 1498 583 iacien-

50 615 88 673 de
108 633 178 672 voc.
204 622 289 691 gent
312 632 378 691 cap.
404 615 452 672 23.
802 608 884 684 dam,
907 628 1040 685 semper,
1065 610 1104 668 ad
1127 613 1276 671 orationes
1290 610 1498 688 referendum,

94 704 122 761 9.
151 701 256 760 Testis
272 703 357 758 caim
371 699 450 757 mibi
466 706 509 758 eet
520 700 615 758 Deus.
639 696 755 758 Graece
802 697 845 755 sic
866 697 945 755 enim
969 697 1056 755 etiam
1079 696 1118 755 ad
1135 698 1212 757 Tim.
1237 696 1339 756 scribit
1359 700 1386 755 2.
1411 700 1498 775 epist.

52 807 109 846 non
131 789 227 863 mibi,
251 785 307 847 sed
328 804 424 845 amas.
456 785 583 864 Propter
599 783 679 865 quod
702 804 754 842 ne·
804 787 831 840 1.
857 783 985 842 Gratias
1008 802 1069 858 ayo
1091 785 1172 859 Dea,
1198 784 1283 861 quod
1306 787 1374 845 siae
1397 788 1499 844 iater-

52 884 101 952 gat
130 872 305 952 OaJetanus
333 872 461 931 Paulum
491 872 540 931 hic
570 872 687 949 jurare,
718 890 753 930 eo
801 871 947 929 missione
962 870 1095 928 habeam
1111 873 1159 929 tui
1174 874 1360 930 memoriam
1372 875 1407 931 ire
1424 891 1500 931 ora·

52 959 129 1041 qnod
145 981 209 1021 non
226 959 455 1031 invocationem,
478 957 534 1017 sed
555 959 754 1019 narrationem
802 957 941 1017 tionibus
962 959 1040 1015 meis
1055 965 1145 1016 nacte
1168 977 1205 1016 aa
1228 958 1287 1015 die.
1316 959 1384 1017 Nou
1404 959 1500 1018 solum

53 1055 145 1119 sonet
169 1048 257 1107 Deus
281 1056 327 1105 est
342 1047 428 1106 testis
449 1065 541 1104 meus.
565 1045 628 1106 Sed
649 1044 754 1103 melius
802 1062 873 1121 ergo
896 1043 1044 1121 significat
1058 1062 1100 1116 se,
1122 1045 1238 1124 quoties
1263 1054 1369 1117 oraret,
1392 1046 1499 1105 Roma-

55 1136 82 1194 S.
105 1133 247 1193 Thomas
279 1130 389 1213 aliique
417 1133 523 1192 Patres
555 1134 584 1191 in
607 1151 753 1192 commen·
802 1150 907 1189 norum
934 1128 1015 1208 apud
1043 1129 1142 1190 Deum
1172 1132 1356 1205 meminisse,
1387 1151 1500 1212 eosque

55 1220 149 1294 ariis,
180 1229 213 1280 et
237 1219 269 1279 S.
293 1219 372 1299 hug.
396 1218 446 1277 lib.
472 1223 498 1276 1.
523 1218 561 1277 de
583 1238 668 1279 serm.
692 1218 754 1277 Do·
802 1217 868 1275 Deo
890 1215 1105 1290 commendare,
1129 1220 1336 1276 verumetiam
1354 1217 1498 1297 juxtaid,

55 1310 121 1367 mmi
142 1307 177 1366 in
199 1314 303 1366 monte
319 1305 537 1366 invocationem
556 1305 652 1365 divini
672 1305 755 1364 testi·
803 1302 884 1384 quod
907 1301 978 1361 alibi
1000 1305 1146 1383 praecipit
1163 1310 1178 1364 1
1197 1305 1304 1364 Thess.
1322 1309 1359 1376 5,
1383 1325 1500 1383 sempor

58 1396 151 1466 nonii,
175 1403 208 1452 et
223 1392 351 1472 proinde
370 1392 570 1470 juramentum
586 1393 634 1451 hic
649 1411 755 1470 agnos·
804 1408 897 1449 orare.
921 1389 997 1449 Sunt
1011 1398 1110 1449 autem
1126 1391 1231 1451 eadem
1245 1392 1400 1471 Apostolo,
1419 1413 1499 1453 sem·

59 1489 128 1539 cunt.
158 1480 273 1560 Neque
296 1479 374 1537 enim
398 1480 530 1551 interest,
553 1480 618 1538 sive
641 1477 756 1538 dicatur
800 1495 875 1553 per,
899 1479 967 1537 siae
990 1479 1241 1554 intermissione,
1266 1489 1356 1539 nocte
1379 1498 1417 1539 ac
1440 1480 1499 1538 die.

61 1586 143 1639 neus,
168 1567 237 1626 sive
259 1566 332 1625 mihi
353 1566 438 1625 Deus
462 1573 508 1625 est
529 1567 621 1639 testis,
645 1573 697 1624 aut
718 1567 756 1625 sit
847 1563 941 1622 Porro
964 1583 1083 1643 semper
1106 1574 1178 1639 orat,
1197 1566 1286 1644 juxta
1301 1567 1500 1645 Augustinum

10 1692 12 1697 -
62 1656 151 1714 testie:
174 1652 267 1712 modo
280 1654 318 1711 sit
331 1653 470 1712 voluntas
485 1651 647 1713 adhibendi
656 1653 756 1712 Deum
803 1650 924 1709 haeresi
940 1653 989 1711 57.
1006 1652 1058 1730 qui
1073 1652 1154 1712 nullo
1171 1652 1221 1712 die
1236 1655 1405 1713 intermittit
1420 1663 1500 1713 certa

63 1750 168 1800 testem.
804 1736 908 1796 orandi
922 1745 1066 1817 tempora.
1089 1739 1158 1812 Aut,
1173 1740 1336 1800 secundum
1350 1740 1435 1814 alios,
1450 1741 1501 1821 qui

96 1826 216 1887 Eodem
240 1844 364 1905 prorsus
387 1824 474 1884 modo
496 1825 625 1906 loquitur
643 1825 756 1885 Paulus
803 1822 975 1904 frequenter
998 1833 1028 1883 et
1051 1827 1138 1903 qnasi
1160 1826 1278 1887 assidue
1299 1836 1372 1901 orat,
1396 1828 1500 1887 sireis

65 1912 159 1995 Philip.
179 1918 207 1973 1.
233 1910 298 1972 Sed
321 1932 376 1971 nec
392 1911 435 1970 ibi
457 1912 624 1993 quisquam,
646 1932 684 1972 ne
700 1912 756 1973 Oa·

64 2000 170 2076 jetsnns
194 1998 329 2080 quidem,
352 2006 443 2077 negat
462 2018 530 2058 eum
547 2000 676 2078 jurasse.
700 2000 754 2060 Ju-

66 2096 100 2146 ut
120 2107 193 2167 ergo
218 2085 335 2144 Paulus
365 2106 426 2145 non
454 2094 578 2161 temere,
608 2107 664 2147 nec
693 2088 757 2147 sine

65 2174 133 2250 justa
154 2173 343 2233 necessitate
374 2169 467 2251 (qnod
490 2172 585 2232 solum
604 2174 755 2251 juramen·

68 2272 116 2319 tum
130 2259 273 2322 Christus
287 2257 427 2337 prohibet
443 2258 548 2318 Matth.
566 2260 593 2318 5.
626 2261 676 2320 De
698 2280 756 2341 quo

68 2347 122 2406 ride
144 2345 393 2406 commentarium
415 2354 548 2404 nostrum
571 2345 677 2407 Jacob.
698 2343 756 2420 5.):

69 2432 110 2493 sed
131 2431 216 2513 quod
247 2431 353 2503 sciret,
384 2430 423 2490 ad
450 2430 657 2492 stabiliendam
685 2452 757 2491 suae

68 2519 274 2598 praedicationi
307 2517 397 2576 fidem
420 2526 450 2576 et
483 2520 671 2580 autoritatem
692 2519 757 2600 plu·

68 2608 158 2665 rhnum
180 2604 306 2676 referre,
329 2605 355 2663 si
378 2602 547 2679 Christiani,
571 2608 622 2686 qui
643 2606 757 2665 Romae

69 2701 148 2761 aaut,
170 2710 301 2772 qnorum
323 2690 408 2749 multi
424 2690 543 2765 Judaei,
565 2691 663 2752 Paulo
683 2692 755 2752 alio·

69 2781 108 2857 qui
128 2797 237 2858 parum
259 2779 362 2857 aequi,
394 2775 432 2836 de
461 2778 554 2857 ipsius
581 2780 632 2859 pia
661 2779 756 2840 solici-

69 2864 167 2937 tudine,
190 2883 283 2944 qnam
299 2883 372 2943 erga
388 2882 438 2922 eos
455 2863 588 2942 gerebat,
610 2866 688 2926 bene
712 2884 757 2925 es·

69 2962 124 3011 sent
144 2950 293 3031 persuasi
338 2948 477 3010 Refertur
500 2951 577 3009 enim
600 2951 656 3012 hoc
674 2953 757 3031 jura·

68 3046 186 3097 uentum
203 3034 244 3096 ad
259 3034 336 3095 illud
351 3055 493 3116 sequens:
517 3039 607 3116 Quod
622 3042 690 3098 siae
704 3041 758 3098 ia·

69 3127 255 3183 musione
274 3125 461 3181 memoriam
479 3126 575 3183 vestri
595 3126 682 3201 facio
702 3133 757 3185 etc.

804 1920 884 1971 certa
914 1919 945 1971 et
968 1913 1127 1970 constituta
1155 1913 1265 1973 habeat
1293 1914 1397 1975 orandi
1427 1922 1498 1974 tem·

803 2017 885 2078 pora,
909 1999 973 2057 sive
995 2017 1063 2057 non.
1108 2000 1196 2078 Quas
1219 2003 1367 2081 expositio
1391 2001 1499 2081 simpli·

804 2086 865 2143 cior
887 2093 935 2143 est
958 2092 989 2144 et
1010 2086 1118 2144 verior.
1164 2088 1242 2146 Nam
1270 2087 1406 2149 Christus
1428 2090 1500 2148 Luc.

806 2174 855 2232 18.
879 2171 997 2231 dicens:
1027 2174 1158 2246 Oportet
1186 2194 1308 2250 semper
1331 2194 1442 2235 orare:
1471 2183 1501 2234 et

803 2256 965 2337 Apostolus
997 2260 1012 2316 1
1037 2259 1145 2319 Thess.
1169 2262 1197 2319 5.
1242 2263 1317 2321 Sine
1340 2265 1500 2322 intermis-

803 2348 892 2405 sioae
915 2352 1018 2419 orate,
1049 2345 1211 2425 loquuntur
1234 2347 1273 2406 ad
1296 2369 1413 2409 omnes:
1443 2367 1501 2408 nec

803 2439 905 2490 tamen
928 2450 1030 2490 omnes
1058 2439 1197 2493 tenentur
1227 2433 1267 2493 ad
1295 2443 1374 2494 certa
1396 2434 1502 2494 orandi

804 2526 947 2596 tempora.
970 2518 1028 2575 Est
1050 2519 1142 2597 igitur
1164 2520 1336 2600 hyperbole,
1360 2541 1420 2601 qua
1441 2520 1499 2582 ire·

805 2604 926 2684 quentia
953 2624 1018 2664 cum
1047 2605 1145 2666 studio
1177 2608 1373 2687 significatur:
1404 2609 1501 2689 qualis

804 2693 876 2751 Luc.
893 2692 921 2749 2.
939 2689 977 2750 de
1000 2692 1090 2751 Anna
1112 2694 1307 2773 prophetissa,
1331 2713 1411 2772 quae
1433 2714 1500 2755 aon

806 2777 985 2836 discedebat
1008 2778 1045 2836 de
1069 2781 1187 2854 templo
1205 2785 1339 2856 jejuniis
1362 2789 1391 2841 et
1414 2783 1500 2843 obse·

805 2863 1000 2924 erationibus
1029 2870 1169 2927 serviem
1198 2877 1287 2928 nocte
1310 2888 1348 2928 ac
1371 2869 1439 2945 die,
1472 2878 1501 2929 et

806 2971 870 3030 cap.
894 2951 943 3009 27.
967 2948 1005 3010 de
1021 2949 1133 3013 Christi
1151 2952 1320 3035 discipulis:
1343 2958 1386 3017 Et
1409 2964 1502 3016 eraut

805 3055 926 3112 semper
947 3040 983 3095 in
1006 3040 1139 3114 templo,
1163 3043 1333 3103 laudantes
1356 3051 1385 3102 et
1407 3044 1501 3103 oeae·

806 3125 945 3182 dicentes
967 3125 1080 3185 Deam.

101 3211 161 3272 Cui
182 3211 291 3269 servio
306 3212 342 3268 ia
357 3212 473 3284 spirita
488 3229 567 3286 meo,
591 3215 627 3272 ia
642 3214 757 3272 Evan—
852 3211 899 3269 10.
924 3210 1096 3270 Obsecraas
1126 3217 1152 3271 si
1181 3217 1339 3290 quomodo
1370 3216 1501 3276 tandem

67 3296 135 3368 aelio
150 3297 214 3372 {ilii
230 3299 304 3369 ejas.
337 3297 398 3356 Oai
412 3299 525 3371 servio,
550 3298 661 3357 scilicet
676 3298 771 3358 cultu'
806 3296 984 3372 aliquando
1012 3315 1203 3372 prosperum
1226 3305 1287 3360 iter
1308 3302 1442 3362 babeam
1463 3306 1500 3363 ia

67 3380 174 3455 divino,
197 3401 286 3463 quem
309 3382 457 3460 significat
479 3381 595 3443 Graeca
618 3405 677 3445 vox
700 3380 757 3442 λα·
805 3384 972 3442 voluntate
994 3383 1057 3442 Dei
1079 3387 1230 3445 veniendi
1253 3389 1296 3446 ad
1318 3408 1380 3449 vos.
1415 3390 1501 3449 Haec

66 3463 143 3543 τρεία
174 3471 206 3528 in
234 3467 384 3548 plerisque
416 3469 579 3547 scripturae
607 3471 696 3543 locis,
727 3480 758 3530 et
806 3471 961 3548 congeries
972 3467 1407 3550 adverbiorumsiquomodo,
1425 3484 1500 3535 tan·

66 3556 185 3614 maxime
210 3555 240 3613 in
256 3553 308 3614 illo
324 3563 502 3634 praecepto:
524 3557 592 3617 Soli
607 3558 675 3617 Deo
691 3576 757 3616 ser·
805 3556 886 3631 dem,
910 3556 1099 3631 aliquando,
1124 3559 1272 3636 significat
1293 3561 1401 3622 ardens
1424 3562 1500 3624 desi·

66 3643 128 3700 ries.
153 3640 301 3700 Similiter
322 3641 452 3720 loquitur
472 3643 539 3700 Act.
564 3644 614 3702 27.
649 3647 758 3703 Astitit
805 3641 919 3702 derium
942 3662 977 3700 ac
1008 3650 1108 3702 votum
1129 3645 1218 3705 Pauli
1246 3645 1284 3704 ad
1315 3668 1500 3728 consequen·

65 3730 132 3786 mibi
156 3727 304 3802 Anactes
326 3729 397 3804 Dei,
421 3731 472 3786 cai
495 3728 645 3789 deservio.
675 3731 755 3789 Lati·
805 3728 874 3787 dum
897 3728 926 3787 id
951 3728 1031 3807 quod
1052 3730 1162 3802 scribit,
1185 3731 1241 3791 hoc
1264 3741 1317 3805 est,
1340 3734 1378 3793 ad
1400 3737 1499 3796 visen·

66 3815 122 3874 nius
146 3814 315 3887 diceretur,
340 3833 432 3890 quem
455 3815 530 3875 colo.
575 3816 617 3877 Ia
640 3820 757 3892 spiritu
805 3815 875 3874 dum
896 3815 1055 3875 Romanos.
1101 3818 1143 3877 Ia
1172 3820 1338 3879 voluntate
1359 3822 1438 3896 Dei,
1470 3822 1501 3884 id

64 3919 135 3977 meo,
160 3899 193 3960 id
218 3909 280 3973 est,
304 3899 385 3961 cultu
408 3902 522 3961 interno
547 3910 576 3962 et
599 3904 755 3983 spirituali,
806 3909 866 3972 est,
889 3922 943 3980 per
965 3903 1150 3963 voluntatem
1173 3906 1248 3978 Dei,
1280 3906 1346 3965 Deo
1370 3909 1500 3970 volente.

63 3989 105 4067 qui
133 3987 275 4047 consistit
304 3989 335 4047 in
365 3985 436 4061 lide,
467 4008 520 4067 spe
544 3997 574 4048 et
597 3989 755 4066 charitate,
804 3991 934 4050 Sensus:
959 3986 1127 4052 Obsecrans
1149 3992 1247 4051 Deum
1270 3996 1346 4053 inter
1369 3994 1445 4068 alia,
1468 4005 1502 4056 ut

63 4083 165 4135 elnon
189 4082 306 4133 tantum
322 4074 404 4134 cultu
427 4076 575 4148 exteriori,
598 4083 630 4133 ut
646 4078 757 4136 iaciunt
800 4076 891 4153 juxta
922 4075 1084 4137 vehemens
1113 4079 1203 4138 animi
1223 4080 1289 4157 ,mei
1320 4079 1501 4141 desiderium

63 4161 187 4221 carnales
217 4161 341 4221 «ludaei.
385 4160 443 4222 Vel
474 4163 532 4221 sic:
566 4164 608 4222 ln
639 4166 756 4238 spiritu
804 4163 861 4240 ipsi
884 4162 1002 4240 placeat
1024 4164 1080 4223 iter
1101 4185 1198 4223 meum
1221 4168 1438 4246 quamprimum
1461 4168 1500 4228 ad

63 4267 133 4323 neo,
155 4247 189 4309 id
212 4256 272 4320 est,
296 4267 365 4307 cum
387 4249 477 4308 animi
499 4249 617 4308 sincera
638 4270 755 4328 promp·
805 4268 858 4307 vos
871 4247 997 4327 dirigere
1011 4259 1040 4308 et
1050 4271 1234 4331 prosperare.
1251 4253 1339 4313 Unde
1351 4256 1499 4333 sequitur:

63 4334 180 4396 titudine
196 4344 227 4394 et
242 4333 411 4394 alacritate.
445 4336 486 4394 In
502 4337 681 4411 Eeaaaelio
695 4338 755 4414 filii
850 4338 897 4393 11.
921 4337 1074 4397 Desidere
1090 4342 1175 4398 enim
1191 4341 1297 4399 videre
1314 4358 1379 4415 vos,
1401 4339 1430 4399 id
1447 4349 1500 4416 est,

63 4425 130 4497 dus,
150 4421 289 4493 subaudi,
308 4421 525 4495 annunciando,
544 4421 754 4502 praedicando,
803 4421 889 4483 vobis
912 4423 1028 4482 adesse.
1059 4427 1097 4485 Ut
1112 4426 1236 4501 aliquid
1258 4429 1427 4502 impertiar
1441 4447 1499 4489 vo·

62 4507 256 4589 propagando.
287 4507 347 4568 Vel
370 4526 474 4568 sensus
497 4518 558 4569 est:
580 4511 612 4569 in
632 4511 753 4588 negotio
804 4509 849 4568 bis
871 4512 996 4583 pretias
1021 4513 1206 4587 spiritualis.
1230 4512 1353 4588 Graeca,
1376 4521 1413 4572 at
1435 4516 1499 4574 ali·

63 4596 210 4676 evangelii.
804 4596 889 4672 quod
911 4597 1043 4656 tradam
1071 4599 1192 4658 dorium
1214 4600 1301 4660 vobis
1323 4603 1498 4677 spirituale.

98 4685 184 4763 Quod
204 4685 280 4745 sine
301 4682 540 4743 marmoream
562 4684 754 4743 memoriam
802 4683 860 4742 Est
883 4683 961 4743 enim
988 4675 1140 4763 χάρισμα,
1172 4686 1251 4767 qnod
1271 4674 1319 4748 'de
1345 4689 1382 4748 iis
1412 4688 1498 4750 donis
