3254 5190
504 289 669 347 dimidii
684 291 725 357 iii
741 291 894 361 nouenos.
923 291 1008 347 md.
1027 292 1067 345 14.
1429 297 1501 383 301

68 462 203 525 norom
217 465 435 549 nbundnbuttt
453 468 637 546 frumento,
660 468 713 530 nbi
727 469 760 530 in
808 488 888 550 qnne
903 469 935 530 in
949 467 1002 531 illo
1019 467 1105 529 velut
1119 467 1218 548 sepite
1231 467 1444 547 perientiseime
1457 486 1503 528 re-

65 548 201 611 Hebrneo
211 560 272 615 est:
283 552 468 616 tennerunt
478 574 510 617 ee
519 558 626 634 eampo·
633 574 759 633 potore,
808 554 967 617 firleernnt.
1010 554 1101 617 Hune
1130 555 1207 616 enim
1234 574 1357 617 sensum
1386 563 1506 616 eastern

65 637 203 699 etoolla
218 647 418 718 opomerum
431 659 462 702 se
475 640 649 720 inserente.
688 642 760 722 Qui·
808 639 875 703 loos
897 663 935 704 ex
957 643 1104 722 Apostolo
1131 643 1240 716 ritate,
1266 643 1443 724 praesertim
1465 659 1505 702 ex

63 723 114 783 bns
127 724 235 787 verbis
257 726 476 789 abunduntiam
492 729 653 810 significari
669 737 759 790 teste·
808 728 873 807 ejus
885 729 984 810 Epist.
995 727 1035 790 sd
1047 728 1171 805 coloss,
1187 728 1238 788 ubi
1250 730 1376 790 virtutes
1390 727 1506 809 aliquot

63 819 105 870 tur
127 812 259 873 verbum
283 814 499 877 abundabunt
503 859 515 891 ,
553 815 634 897 quod
659 815 759 877 LXX.
806 815 894 876 nobis
909 816 1085 891 induendos,
1101 814 1227 895 ehjeetis
1242 817 1322 878 vitiis
1338 816 1503 890 coneum

62 896 269 977 reddiderunt,
290 901 495 983 metaphoram
511 902 708 985 explicantes.
808 903 914 965 ordine
936 912 1087 976 reuenset,
1121 903 1246 982 exigere
1271 903 1421 966 videntur.
1462 902 1504 963 At

100 982 169 1065 Quo
191 985 300 1049 referri
321 998 465 1068 possunt,
490 1009 569 1071 quus
591 992 623 1050 in
645 989 760 1051 Judsm
807 990 873 1051 sive
894 992 995 1071 priore
1017 989 1115 1065 modo,
1141 989 1207 1051 sive
1228 992 1392 1070 posteriore
1413 1007 1505 1069 expo·

61 1068 238 1152 proditorem
253 1077 365 1156 seriptn
375 1083 446 1137 eunt
460 1077 571 1137 Peelm.
591 1077 677 1137 108.:
699 1078 759 1138 In·
807 1097 871 1145 nes.
882 1077 986 1158 liquet,
999 1097 1088 1157 quem
1100 1075 1172 1138 nihil
1186 1073 1279 1137 insist
1293 1077 1341 1139 hie
1352 1075 1436 1137 loeus
1447 1094 1503 1156 pro

63 1159 126 1219 dreit
146 1159 411 1224 maledictionem
433 1167 514 1224 norst
527 1167 760 1226 vestimentum.
803 1163 931 1242 justitie,
954 1183 1041 1245 quem
1054 1164 1213 1225 commenti
1227 1174 1298 1225 sunt
1316 1164 1388 1224 novi
1403 1162 1504 1223 heere-

61 1245 111 1306 ἢκ
133 1246 216 1308 Μ
230 1251 261 1308 ei
274 1253 507 1326 vestimentum,
525 1270 587 1328 quo
603 1253 758 1327 operitur,
807 1252 868 1324 tiei,
884 1251 1066 1331 imputetive
1081 1260 1113 1313 et
1127 1256 1259 1310 externe.

62 1341 88 1392 et
99 1335 184 1394 sieut
198 1352 295 1413 sonu,
313 1355 379 1415 qno
393 1356 518 1415 temper
528 1341 758 1415 proeoinottnr.
849 1337 1024 1399 Notandum
1032 1348 1079 1400 eet
1089 1345 1202 1411 sutem,
1213 1339 1363 1419 respicere
1373 1335 1505 1398 Psulum

60 1419 97 1481 n
120 1419 206 1482 inire
231 1421 272 1485 de
293 1423 440 1487 Judeeie:
468 1425 677 1503 Indeontrer,
703 1427 759 1503 qui
806 1423 846 1485 sd
861 1424 901 1497 id,
920 1425 1002 1505 quod
1017 1425 1103 1500 dixit,
1118 1426 1184 1485 dies
1199 1432 1306 1487 entem
1321 1425 1503 1501 appropin-

60 1506 233 1571 termene
246 1512 343 1588 mitti,
357 1512 483 1588 pudore
490 1557 501 1589 ,
524 1520 555 1572 et
569 1517 760 1591 operiantur
805 1518 926 1588 quovit.
957 1511 1027 1592 Qun
1042 1513 1158 1574 scilieet
1179 1513 1442 1593 appropinquante
1456 1531 1503 1573 eo·

59 1597 133 1657 teo
147 1595 296 1673 diploide
311 1599 500 1678 confusione
514 1618 582 1660 ruo.
616 1599 759 1662 Adfertnr
805 1597 870 1659 lent
885 1599 1021 1660 homines
1032 1599 1159 1662 honeste
1174 1619 1208 1659 se
1221 1598 1354 1661 induere.
1376 1599 1426 1659 iix
1440 1616 1501 1680 quo

60 1692 85 1743 et
98 1679 177 1743 illud
193 1682 290 1765 Apes.
309 1688 368 1760 19„
394 1687 478 1767 quod
499 1686 538 1748 de
558 1707 671 1769 sponse
687 1685 758 1768 egui
806 1695 915 1763 monet,
939 1695 971 1748 ut
987 1706 1173 1748 assumemus
1187 1686 1392 1748 indumentum
1410 1685 1503 1747 hone·

60 1767 179 1832 dieitur:
204 1770 329 1833 Datum
346 1780 389 1833 eet
403 1775 471 1851 ttlt,
494 1782 531 1835 nt
548 1777 714 1851 cooperiet
727 1791 759 1834 se
806 1773 892 1834 stetis
918 1775 1017 1856 ipsum
1044 1772 1207 1848 Christum,
1234 1773 1266 1834 id
1291 1782 1351 1848 est,
1375 1774 1505 1834 virtutes

60 1857 177 1932 testim
208 1858 392 1936 splendenti
421 1868 451 1922 et
480 1861 637 1938 candido,
677 1878 758 1938 quoe
807 1859 928 1921 Christi.
962 1860 1313 1941 throniamloqeitur
1334 1859 1442 1922 dedis
1456 1879 1504 1921 ss·

58 1944 298 2023 isdiflemioner
328 1956 403 2010 sont
431 1956 623 2012 sannorum.
660 1949 760 2028 Igitur
807 1947 889 2022 lutis,
912 1967 990 2030 quse
1013 1947 1118 2009 eedem
1141 1950 1197 2009 erit
1218 1947 1285 2009 dies
1309 1948 1505 2023 aeternitatis,

62 2033 232 2096 uistirnnnt
245 2053 285 2094 ex
299 2035 449 2096 sententie
464 2035 552 2098 Penii
566 2056 619 2098 eos
634 2035 758 2098 induere
807 2037 856 2096 oni
870 2055 931 2097 nox
945 2035 1029 2096 nullu
1043 2033 1200 2112 suecedet3
1225 2043 1447 2116 consequenter
1460 2035 1504 2097 in·

62 2116 225 2194 Christum,
248 2121 302 2202 qni
323 2122 483 2183 virtutibus
506 2121 686 2185 Christianis
709 2141 757 2182 ee·
806 2120 904 2200 telligi
918 2121 991 2198 vult,
1004 2123 1048 2182 its
1060 2119 1211 2183 Christum
1223 2122 1308 2183 nobis
1321 2120 1504 2183 induendum

62 2204 213 2286 quirendis
236 2207 282 2268 ite
296 2207 434 2283 student,
459 2217 493 2269 nt
513 2210 549 2270 iis
571 2210 661 2292 quusi
677 2217 757 2269 totos
807 2227 883 2282 esse,
899 2216 933 2268 ut
946 2228 1102 2288 nunquam
1117 2207 1262 2289 deinceps
1278 2215 1416 2270 exuetur.

62 2311 120 2356 tue
144 2294 340 2375 oooperinnt:
367 2294 618 2376 quemadmodum
645 2305 675 2357 et
700 2315 757 2356 nsn
849 2296 1142 2356 acarasseorum
1156 2315 1198 2356 ne
1210 2297 1350 2374 feeeritis
1368 2299 1405 2357 tn
1420 2294 1505 2357 deri·

62 2379 176 2461 inpune
190 2378 304 2442 letinae
325 2380 476 2443 hominem
497 2382 619 2464 flagitiis
634 2402 757 2463 oooper-
807 2382 912 2442 deriis.
944 2384 1073 2456 Ortrnm,
1090 2400 1200 2461 mosee
1214 2374 1367 2459 πρόνοιαν,
1390 2382 1504 2459 prooi·

63 2475 115 2528 tun
128 2466 261 2529 dieimus
272 2486 349 2543 eum,
365 2472 508 2549 quitotns
519 2470 689 2550 flagitiosus
701 2477 757 2531 est.
807 2469 958 2531 tentione.
988 2471 1032 2530 In
1047 2468 1210 2531 desideriis
1232 2488 1340 2549 mese
1362 2469 1406 2528 od
1421 2470 1504 2533 dest·

97 2554 161 2615 elii
175 2562 279 2617 temen
294 2573 332 2617 en
346 2555 449 2636 phrasi
473 2577 534 2618 non
556 2556 626 2638 plus
641 2555 756 2637 signifi-
798 2557 910 2632 ,der-to,
926 2575 980 2617 seu
995 2558 1274 2633 consupinentiae.
1305 2555 1377 2617 Non
1391 2555 1504 2637 simpli-

65 2649 155 2701 esem
167 2649 296 2722 putent,
319 2661 410 2723 quem
425 2646 672 2725 assumptionem,
695 2663 757 2725 que
805 2644 881 2703 oiter
906 2643 1049 2724 prohibet
1074 2662 1175 2703 eurem
1209 2661 1262 2703 sen
1286 2640 1504 2746 providentiam

65 2725 118 2802 ist,
128 2736 163 2789 nt
179 2726 254 2811 quid
270 2737 355 2790 erote
369 2730 409 2790 eit
419 2729 532 2791 homini
547 2732 755 2811 oonjnnetum3
805 2731 913 2806 earnis,
928 2730 958 2790 id
974 2739 1026 2805 est,
1043 2730 1185 2810 eorporis,
1207 2748 1275 2790 enm
1288 2749 1358 2810 rpee
1373 2728 1447 2790 alibi
1462 2726 1504 2790 di·

64 2814 204 2894 quomodo
234 2815 345 2889 vestis,
374 2834 434 2898 qne
462 2818 530 2898 quis
557 2836 624 2879 sese
648 2817 755 2893 induit,
804 2825 869 2878 eet:
891 2816 991 2879 lieno
1010 2832 1138 2878 oannem
1154 2834 1246 2876 ersom
1268 2834 1414 2893 unquam
1429 2814 1503 2877 odio

65 2910 136 2962 nete
151 2903 181 2963 ei
195 2901 358 2980 sonjnnetr
372 2910 429 2976 est,
452 2913 485 2965 et
498 2923 554 2984 per
567 2912 661 2964 totum
676 2904 756 2965 diem
803 2903 925 2979 hobnit,
948 2904 1004 2965 sed
1018 2905 1123 2965 nutrit
1137 2910 1168 2962 et
1180 2904 1271 2981 fovet
1289 2922 1369 2979 eam,
1386 2903 1501 2983 Ephee'

66 2986 217 3051 edisseret:
237 2997 270 3049 nt
286 2987 438 3051 Christum
461 2990 587 3053 induere
609 2990 755 3065 ditentur,
805 2994 833 3054 ὁ.
856 2989 970 3052 Verum
984 2991 1134 3071 prohibet,
1149 2991 1300 3055 normis
1315 3008 1418 3052 eurem
1432 3008 1503 3069 rges

65 3075 107 3154 qui
119 3072 275 3137 Christum
290 3075 348 3136 sibi
368 3086 524 3137 essumum
545 3085 578 3140 ot
591 3078 755 3159 applicent,
801 3095 869 3137 mus
884 3079 921 3138 in
937 3077 1112 3153 desideriis,
1134 3076 1165 3137 id
1181 3085 1237 3151 eet,
1263 3075 1303 3137 ed
1318 3074 1503 3139 utieieoien·

64 3177 146 3243 teque
165 3161 194 3223 ei
216 3160 417 3238 conforment,
440 3161 579 3246 adeoque
598 3164 755 3226 Christum
802 3162 1499 3246 dumoonoupiseentiisetvolnptetibusoernis.

65 3245 133 3309 inse
148 3246 371 3329 qnodsmmodo
394 3257 629 3330 repraesentent,
654 3251 753 3311 imite-
803 3248 894 3331 Quod
907 3250 1029 3326 ieeinnt,
1053 3250 1106 3331 qui
1120 3257 1283 3331 praetextu
1297 3248 1422 3312 onrnndi
1438 3269 1499 3311 eor

64 3328 135 3396 titus
146 3337 294 3396 virtutum
309 3335 377 3415 ejus
389 3357 425 3397 so
437 3336 581 3398 bonerum
594 3338 753 3412 notionum,
800 3337 884 3419 poris
894 3334 1021 3401 delicies
1033 3346 1063 3399 et
1073 3335 1247 3416 voluptutee
1259 3335 1319 3398 ribi
1330 3334 1498 3416 indulgent.

376 3612 554 3697 tetur
592 3612 851 3698 stultiut!
888 3610 1167 3700 tutem

152 3744 324 3815 Infirmum
351 3751 464 3813 nutem
490 3748 525 3813 in
552 3746 616 3815 fide
643 3749 814 3834 assumite,
840 3767 907 3815 non
923 3746 968 3837 in
991 3743 1292 3834 disceptationibus
1319 3746 1500 3835 cogitatio·

63 3868 131 3915 unm
146 3840 184 3933 ¹).
240 3851 275 3916 2.
302 3851 400 3917 Alius
427 3851 513 3916 enim
542 3851 650 3919 eredit
677 3871 712 3919 se
739 3851 942 3919 manduesre
968 3851 1096 3936 omniu
1136 3850 1191 3938 qui
1218 3856 1329 3917 nutem
1356 3852 1502 3918 infirmus

64 3960 123 4039 eet,
151 3953 228 4023 otus
252 3953 442 4021 manducet.
498 3956 532 4021 3.
560 3956 605 4042 Is,
634 3957 690 4044 qui
716 3955 912 4040 manducet,
940 3975 1006 4022 non
1031 3953 1286 4023 manducantem
1312 3974 1377 4023 non
1405 3974 1500 4040 eper-

61 4064 120 4143 nst,
149 4064 188 4126 et
213 4060 271 4146 qui
296 4078 362 4125 non
389 4057 580 4146 manducet,
608 4059 863 4127 manducantem
876 4079 943 4125 non
965 4057 1096 4145 judicet
1104 4049 1148 4141 ²):
1175 4058 1268 4124 Deus
1296 4060 1381 4125 enim
1408 4059 1500 4126 illum

63 4163 243 4250 resumpsit.
298 4165 334 4228 4.
350 4162 403 4228 Tu
431 4164 503 4250 quis
532 4184 577 4250 es,
607 4164 663 4251 qni
686 4164 819 4250 judione
833 4160 975 4230 alienum
1002 4164 1157 4229 servum?
1183 4162 1325 4229 Domino
1353 4181 1412 4229 suo
1433 4167 1501 4229 stet

63 4271 112 4332 rut
135 4254 282 4348 oedit³):
311 4264 416 4332 stabit
444 4272 572 4353 eutem3
600 4272 720 4353 potens
748 4275 800 4335 eet
827 4269 912 4335 enim
927 4266 1019 4335 Deus
1047 4272 1194 4335 statuere
1222 4265 1325 4333 illum.
1367 4266 1400 4334 ὖ.
1416 4266 1499 4334 Nem

62 4367 136 4437 sites
161 4368 292 4456 indicet
319 4368 406 4436 diem
434 4372 521 4437 inter
548 4371 635 4438 diem
647 4360 688 4456 ἃ);
718 4371 803 4439 nlius
831 4377 941 4438 eutem
951 4370 1083 4457 judicet
1111 4388 1239 4436 omnem
1263 4369 1368 4456 diem3
1395 4362 1499 4438 unus·

63 4474 189 4565 queque
217 4475 253 4543 in
279 4492 340 4542 suo
369 4493 467 4541 sensu
495 4467 691 4558 nbundet⁶).
748 4478 783 4542 6.
811 4474 877 4561 Qui
904 4478 992 4563 sepit
1019 4474 1118 4561 diem,
1145 4474 1288 4543 Domino
1316 4476 1414 4563 sepit.
1456 4475 1500 4541 nt

64 4666 262 4802 ⁵munatius.
283 4669 329 4732 tt,
350 4670 372 4719 t.
408 4667 498 4721 teor.
517 4669 547 4730 8,
566 4670 590 4721 t.
624 4663 650 4734 ²)
668 4668 720 4721 coi.
739 4664 769 4735 2,
790 4669 830 4722 lt.
865 4664 1041 4733 ⁸)iers10.
1075 4667 1210 4732 iteum,
1230 4669 1254 4720 1.
1292 4663 1389 4732 ⁴)col.
1407 4671 1438 4734 2,
1459 4669 1498 4721 te
