3254 5190
512 318 676 379 erutum
692 323 733 378 tl>
750 320 903 378 ιιοιιιιιοι
935 320 1021 378 ms
1037 325 1062 378 s.
1434 331 1507 401 009

66 504 160 556 monta
173 514 232 557 sua
246 495 341 577 plene
354 494 517 577 persna'ms
532 498 579 569 sit,
594 497 686 561 licere
700 497 761 559 eibi
808 499 902 579 gatio,
934 517 1013 580 quae
1034 499 1228 579 praecedenti
1253 500 1440 562 affirmationi
1460 520 1507 563 re·

66 580 91 640 id
104 580 189 662 qnod
202 581 296 657 fecit,
312 582 493 644 nihil-iaciat
505 593 695 664 repugnante
709 592 762 646 eut
808 584 978 666 sponderet
1015 584 1131 666 Sapere
1152 585 1246 661 diem,
1269 587 1349 668 qnod
1365 590 1509 662 Erasmus

65 666 221 729 dubitante
235 670 431 743 conscientia,
453 688 493 729 ne
507 679 622 750 peccet
661 671 761 753 Quem
808 673 899 733 vertit
918 689 1033 733 curare
1056 673 1140 733 diem
1146 717 1157 749 ,
1182 671 1298 734 Graece
1312 675 1437 751 φρονιῖν
1453 667 1508 752 τὴν

65 771 180 814 sensum
201 755 311 817 volunt
333 755 460 817 eliorum
482 756 670 836 quorundam
692 776 760 818 ver
807 749 942 836 ἡμέραν,
960 766 1021 831 eet,
1037 756 1096 818 diei
1110 758 1223 821 habere
1237 760 1401 832 rationem,
1427 760 1506 821 diem

65 840 175 913 dones,
194 848 230 900 ιιι
243 842 379 904 Drasrni:
408 845 585 922 Unicuique
599 862 659 904 esea
673 861 761 904 meos
808 843 996 905 observando
1011 842 1195 905 discerneret
1211 847 1333 906 tametsi
1346 854 1434 926 putat
1450 844 1508 906 Oa·

65 927 248 1004 Μυσίαι.
280 926 388 990 Fabri:
417 929 636 1008 Unusquisque
650 932 688 991 ite
701 948 760 990 acea
804 931 937 1009 jetanus,
960 929 1075 991 nullum
1097 929 1352 991 exstareverhum
1374 932 1508 1006 latinum,

65 1015 526 1093 mntiqaoiffldentenii:
542 1018 761 1093 Unusquisque
808 1015 889 1097 quod
917 1017 988 1077 huic
1016 1035 1127 1095 gruem
1164 1019 1284 1098 proprie
1317 1017 1507 1099 respondeat

63 1103 329 1178 propriusmmtt'
341 1103 528 1179 emisfaciut
562 1103 632 1163 Huc
643 1109 761 1183 spectat
808 1101 899 1165 Osrte
913 1101 1062 1182 ejusmodi
1077 1111 1137 1178 est,
1161 1103 1243 1185 quod
1265 1105 1297 1163 in
1318 1104 1426 1165 bonam
1440 1123 1507 1185 par·

65 1187 147 1247 amn
160 1184 297 1266 Syrium·
307 1188 462 1249 translatio
478 1187 572 1249 latine
586 1187 706 1249 reddita
720 1185 761 1249 ad
807 1197 869 1250 tem
891 1191 989 1270 accipi
1007 1188 1122 1266 soleat3
1148 1199 1183 1250 ut
1202 1189 1241 1250 ad
1263 1191 1508 1253 extenuationem

66 1272 135 1333 banc
157 1272 301 1336 modum:
330 1274 550 1352 Unusquisque
571 1279 607 1337 tn
628 1277 760 1335 edentia
807 1275 986 1336 infirmitatis
1007 1274 1134 1336 henum
1156 1277 1296 1338 videatur
1311 1276 1360 1338 hic
1376 1298 1394 1337 a
1409 1275 1507 1338 Paulo

66 1376 111 1418 ser
120 1362 307 1435 comittens
318 1364 447 1422 unimus
458 1380 533 1423 neae
544 1362 759 1440 centimeter.
807 1370 991 1443 usurpatum.
1015 1363 1147 1424 Secuta:
1162 1362 1224 1444 Qui
1238 1363 1282 1423 ita
1294 1365 1384 1443 sapit,
1399 1371 1433 1423 ut
1447 1362 1506 1424 dis·

66 1444 138 1506 llsie
144 1447 331 1527 expositioni
338 1446 580 1527 probabilitatem
587 1448 759 1522 conciliant
807 1458 910 1510 cernat
925 1447 1006 1509 diem
1021 1468 1040 1507 e
1054 1447 1120 1522 die,
1141 1448 1213 1510 dum
1228 1448 1320 1511 aliurn
1335 1448 1416 1510 diem
1431 1468 1507 1529 prae

10 1546 12 1553 '
67 1550 136 1610 quaa
166 1532 249 1594 inira
274 1534 424 1608 dicuntur,
455 1534 507 1595 ubi
532 1537 759 1614 persuasionem
807 1535 867 1596 alio
890 1535 1053 1596 secundum
1075 1534 1174 1616 legem
1196 1535 1354 1612 observat,
1380 1534 1412 1597 id
1434 1534 1509 1595 iecit

67 1617 206 1696 emnerii
220 1619 426 1694 meotidem,
441 1621 591 1702 docetque
602 1629 759 1703 peecatum
807 1620 846 1683 ad
861 1620 1004 1683 honorem
1021 1618 1136 1682 Christi
1150 1623 1286 1697 Domini,
1302 1630 1409 1703 utpote
1419 1619 1504 1682 Obri-

67 1722 139 1778 tsss,
153 1706 305 1787 quicquid
318 1727 359 1768 ex
372 1705 434 1769 fide
448 1728 509 1769 non
518 1707 561 1767 fit
806 1708 937 1782 stinnns,
964 1709 1018 1789 qui
1045 1706 1185 1770 didicerit
1207 1717 1237 1771 et
1258 1711 1378 1770 noverit
1397 1709 1506 1783 omniu,

10 1796 13 1855 ὲ
101 1788 180 1852 (lum
201 1811 265 1874 qua
287 1795 393 1876 utique
414 1794 563 1856 sententia
584 1793 675 1857 velde
689 1813 760 1855 eon·
807 1812 886 1874 quse
900 1793 982 1869 iacit
998 1795 1030 1854 in
1045 1795 1382 1858 nemineDominiJeeu
1394 1792 1507 1856 Christi

67 1878 572 1960 gruitquodjuxttexpositionem
580 1882 646 1962 jam
656 1879 759 1940 datam
806 1879 944 1942 iacienda
959 1898 1027 1941 csse
1042 1878 1106 1942 col.
1122 1882 1151 1941 3.
1183 1882 1242 1943 Vel
1258 1891 1341 1944 certe
1355 1881 1395 1942 ad
1414 1881 1506 1942 hono·

68 1962 320 2046 hemadpitur,
335 1974 369 2030 ut
383 1970 601 2047 unusquisque
614 1972 651 2028 tn
665 1984 759 2028 sensu
804 1985 868 2027 ram
895 1964 1009 2027 Christi
1033 1965 1157 2029 Domini
1183 1967 1214 2028 id
1240 1968 1327 2043 iecit,
1357 1986 1445 2049 quern
1471 1976 1507 2028 ut

67 2067 113 2110 ese
138 2051 300 2130 abundet,
326 2053 544 2135 plenitudinem
570 2054 696 2127 hebeat,
725 2051 759 2113 id
805 2053 918 2126 Deum,
942 2054 1033 2113 etiem
1048 2055 1202 2116 Moesicae
1224 2055 1299 2134 legis
1315 2056 1455 2134 agnoscit
1470 2074 1507 2114 sc

67 2144 118 2210 sat,
142 2139 176 2197 in
198 2140 300 2201 anime
331 2159 385 2202 suo
410 2140 501 2220 plene
520 2158 683 2221 persuasus
709 2140 756 2213 sit,
804 2147 967 2200 veneretur
980 2150 1141 2202 auctorem.
1172 2140 1214 2200 Et
1229 2140 1340 2222 quiite
1355 2142 1448 2221 sepit,
1471 2147 1507 2200 ut

67 2223 223 2286 ubilisere
243 2225 326 2307 qnod
348 2226 423 2307 agit,
439 2227 555 2307 elioqni
570 2234 758 2309 peccaturus,
805 2245 866 2287 non
881 2224 1031 2287 discernet
1052 2227 1132 2300 dies,
1155 2226 1212 2288 sed
1234 2225 1437 2295 indifferenter
1450 2226 1514 2291 ha·.

68 2308 192 2390 eoquod
213 2321 288 2394 agat
312 2321 418 2374 contra
441 2313 663 2376 conscientiam.
700 2311 759 2373 Det
804 2311 879 2373 beat
903 2331 1019 2374 omnem
1044 2312 1138 2376 diem:
1169 2312 1199 2375 id
1222 2331 1348 2394 quoque
1367 2312 1441 2375 lacit
1466 2310 1506 2372 ad

68 2395 148 2474 igitur
172 2394 248 2459 haee
274 2399 431 2461 instructio
460 2408 522 2460 tam
551 2399 757 2474 discernentia,
804 2397 947 2458 honorem
962 2396 1092 2476 Christi,
1107 2407 1194 2462 utens
1210 2399 1349 2461 libertste
1363 2400 1505 2477 hisenge-

67 2500 145 2560 qusrn
160 2503 224 2544 non
238 2483 450 2561 discernentis,
470 2505 550 2566 quas
572 2484 614 2548 ed
627 2486 684 2547 hoc
699 2484 757 2545 sul·
804 2484 861 2545 lica
885 2483 944 2545 sibi
964 2503 1020 2564 per
1042 2484 1192 2548 Christum
1219 2505 1370 2547 nonomen.
1407 2483 1506 2546 Sentit

67 2580 114 2627 ιιιιι
127 2568 248 2643 valeat,
263 2581 299 2633 ut
313 2583 419 2634 neuter
433 2574 539 2653 peccet
553 2575 660 2635 sciens.
696 2570 757 2633 Ne·
804 2571 981 2651 Apostolus,
995 2571 1040 2634 ita
1059 2581 1218 2657 utrumqne
1231 2571 1270 2633 de
1285 2574 1380 2639 altero
1397 2571 1502 2648 prieti·

67 2656 210 2732 queenim
225 2657 442 2730 discernentem
463 2660 584 2721 omnino
600 2666 757 2740 apeocato
803 2677 887 2719 mare
907 2655 1032 2734 debere,
1059 2661 1140 2742 quod
1163 2661 1301 2722 nimirum
1327 2659 1368 2720 ad
1391 2656 1504 2720 Christi

67 2738 170 2802 libarat.
193 2742 298 2820 Porro,
313 2765 393 2828 quae
406 2753 579 2827 sequuntur,
591 2746 757 2807 doctrinam
802 2744 927 2805 Domini
948 2743 1061 2806 iaciant
1082 2745 1226 2808 honorem
1252 2745 1399 2826 idipsum,
1421 2741 1504 2825 quod

68 2829 209 2890 satuens
224 2849 262 2892 eo
277 2834 493 2914 pertinentem,
518 2839 552 2892 ut
571 2841 698 2914 uterque
717 2832 756 2894 ah
803 2829 934 2892 iaciunt:
950 2831 1068 2893 etiamsi
1081 2834 1113 2894 in
1129 2833 1233 2908 altero,
1251 2832 1283 2893 id
1298 2838 1352 2907 est,
1368 2833 1506 2913 sapiente

67 2912 146 2976 eltere
161 2915 215 2976 vel
230 2918 403 2998 spernendo
425 2919 476 2979 vel
493 2917 657 2999 judicando
673 2918 756 2980 dein·
803 2917 901 2993 diem,
923 2917 1007 2979 selue
1029 2919 1069 2980 sit
1083 2939 1143 2981 non
1158 2918 1322 2982 secundum
1338 2918 1504 2991 scientiam,

67 3001 302 3079 tspsabstineat
804 3003 932 3085 ideoque
946 3004 1056 3065 iactum
1071 3006 1137 3084 ejus
1158 3013 1284 3087 peccato
1307 3026 1368 3067 non
1390 3010 1501 3067 cuent

99 3091 214 3168 &Qui
240 3096 326 3170 sopit
352 3092 453 3168 diem,
491 3093 633 3153 Domino
662 3094 755 3170 sapit.
846 3092 891 3153 n't
911 3090 1504 3171 quemaedacat,1)omtncmccda·

10 3248 16 3261 ι
65 3174 214 3252 Domino,
246 3176 383 3260 intellige
405 3177 541 3241 Christo:
571 3178 704 3239 similiter
724 3181 755 3239 in
803 3184 863 3238 cot.
899 3177 938 3238 ld
961 3185 1020 3253 est,
1054 3179 1107 3259 qui
1128 3181 1194 3241 sine
1223 3178 1345 3241 delectu
1373 3178 1505 3240 vescitur

63 3262 259 3342 sequentibus,
277 3266 421 3326 Domine
436 3266 622 3342 manducat,
639 3267 756 3326 Domi·
803 3263 1008 3344 quibuslibet,
1035 3264 1254 3327 existimandus
1274 3265 1331 3327 tibi
1352 3274 1399 3326 est
1414 3263 1446 3324 id
1460 3261 1504 3323 fe-

62 3352 376 3428 commendaret,
385 3353 522 3413 Domini
531 3371 646 3414 sumas.
662 3352 755 3413 Hunc
803 3369 871 3411 cere
882 3349 921 3411 sd
933 3350 1057 3412 Domini
1066 3352 1202 3431 gloriam.
1226 3352 1336 3413 Tacite
1348 3350 1504 3441 significat,

10 3452 13 3483 =
62 3435 128 3496 cuim
154 3436 341 3500 intellectum
367 3438 500 3520 postulet
526 3440 573 3513 id,
596 3437 678 3519 quod
701 3459 754 3518 pro
802 3436 834 3497 id
849 3436 931 3518 quod
945 3437 1035 3518 paulo
1050 3448 1121 3518 poet
1135 3441 1270 3520 apertius
1290 3438 1392 3512 docet,
1420 3437 1504 3516 quic·

61 3522 169 3583 ratione
182 3522 356 3606 subjungit:
379 3528 421 3588 In
441 3527 497 3586 hoc
513 3528 597 3588 setim
614 3527 755 3588 Christm
803 3522 875 3603 quid
889 3526 1015 3604 agimus,
1030 3543 1122 3605 egere
1136 3546 1192 3587 nos
1207 3526 1318 3588 debere
1333 3545 1395 3586 non
1405 3523 1504 3598 nobie,

60 3616 199 3671 mertum
212 3619 258 3672 ast
272 3619 302 3672 ct
315 3614 499 3688 remearit,
514 3619 552 3674 ιιι
567 3620 596 3672 et
609 3620 754 3674 mortuo·
802 3609 858 3670 sed
868 3612 1008 3672 Domino.
1032 3610 1122 3672 Unde
1133 3612 1224 3674 Zach.
1238 3612 1267 3671 7.
1279 3610 1504 3692 reprehendun·

61 3712 122 3755 ruer
137 3701 170 3756 ct
184 3700 336 3760 mustum
351 3700 543 3761 dominetur.
576 3698 619 3758 Dt
633 3699 754 3781 quidem
802 3706 851 3757 tur
866 3697 994 3772 Judeei,
1016 3697 1099 3778 quod
1114 3698 1182 3773 eibi,
1197 3720 1258 3761 non
1272 3698 1412 3772 Domino,
1423 3697 1504 3777 jeju·

60 3783 163 3858 pessim
179 3785 212 3844 in
229 3784 367 3866 epistolis
377 3785 689 3867 ApostolicisDomini
700 3807 753 3847 vo·
801 3792 938 3859 nassent,
954 3783 1155 3847 comedissent
1169 3793 1262 3866 atque
1275 3786 1433 3848 bibissent.

60 3866 160 3929 cabulo
186 3868 330 3932 Christus
356 3872 555 3952 significatur,
580 3879 615 3932 ut
639 3873 693 3953 qui
715 3875 755 3936 sit
847 3869 975 3934 &atius
990 3873 1076 3933 enim
1091 3875 1160 3950 opit
1173 3875 1253 3934 Deo.
1276 3872 1401 3933 Scilicet
1418 3890 1500 3930 man·

60 3955 181 4016 omnium
195 3964 330 4018 nostrum
344 3959 504 4031 Dominus,
520 3978 637 4038 nosque
649 3977 754 4023 serves
802 3956 978 4039 ducaturus3
1000 3961 1091 4039 juxta
1112 3957 1189 4020 illud
1212 3957 1347 4039 ejusdem
1370 3956 1502 4037 apostoli

60 4059 120 4101 snos
139 4040 252 4104 iecerit
272 4045 342 4125 jure
366 4044 595 4126 redemptionis.
628 4045 755 4108 Addunt
804 4045 971 4107 lTimoth.
992 4048 1020 4106 4.
1055 4047 1144 4107 Ntttl
1166 4045 1392 4121 reficiendum,
1417 4042 1504 4120 quod

60 4124 452 4211 Gseseiflyriqueeodices:
473 4135 755 4212 thuireonecps't
801 4136 1199 4209 temptatiorttmacts'onc
1204 4134 1392 4210 percipitur.
1403 4130 1502 4193 Sanc-

60 4213 152 4290 diem,
191 4218 336 4279 Domino
365 4238 433 4280 nott
461 4223 556 4296 sapit.
602 4219 694 4300 Quod
723 4229 755 4282 et
801 4218 943 4295 &fleatur
965 4222 1051 4281 enim
1070 4239 1131 4297 pcc
1151 4219 1283 4281 verbam
1296 4219 1359 4279 Dei
1381 4224 1411 4278 ct
1425 4234 1502 4278 oro-

61 4297 160 4363 (imcei
175 4303 356 4382 interpretes
368 4303 600 4386 chrysostomus
612 4313 644 4365 et
654 4315 753 4388 poste
799 4307 928 4367 tionem.
965 4306 1118 4388 Adeoque
1147 4327 1186 4369 ex
1211 4303 1382 4385 Evangelio
1409 4304 1502 4364 meni·

60 4386 144 4449 riores
159 4399 322 4471 exponunt
362 4392 475 4454 Verum
494 4393 578 4474 apud
592 4391 753 4474 Origenem
800 4389 908 4453 leetnm
920 4394 1133 4465 estOhristum
1145 4393 1321 4455 selerecum
1332 4394 1500 4473 gratiarum

60 4493 109 4535 uon
130 4474 264 4557 legitur,
285 4497 342 4539 nee
359 4477 440 4560 apud
463 4500 680 4562 quemcumque
693 4482 752 4543 Le·
800 4482 919 4542 audone
930 4481 1030 4542 cibum
1041 4501 1078 4542 ao
1089 4490 1193 4563 potum
1203 4478 1396 4555 benedicere,
1405 4479 1501 4563 prius·

60 4560 188 4624 morum.
800 4577 1030 4650 quamsumeret
1041 4577 1094 4630 aut
1105 4565 1281 4629 sumendum
1292 4566 1385 4643 daret,
1393 4564 1501 4627 Mettis

92 4646 160 4711 Nec
169 4653 469 4733 temereauspicstur
480 4655 632 4728 Erasmus,
647 4673 751 4735 aquo·
802 4654 851 4716 15.
873 4663 905 4716 et
927 4657 977 4716 hd.
1012 4655 1105 4717 hiare
1121 4656 1151 4716 8.
1174 4661 1205 4717 et
1228 4656 1277 4716 14.
1312 4655 1387 4715 Luc.
1404 4658 1454 4716 22.
1472 4662 1503 4714 et

59 4735 132 4813 rien
145 4735 284 4801 additam
296 4737 377 4803 benc
392 4747 525 4822 purtem,
546 4750 583 4804 ut
605 4749 684 4804 ssset
698 4762 751 4806 na·
799 4744 891 4807 Joam
904 4743 932 4804 6.
956 4740 1048 4826 Quod
1058 4749 1091 4805 et
1099 4741 1352 4826 hsbstperpetua
1362 4738 1497 4802 fidelium
