3254 5190
95 316 175 385 ite
503 326 506 331 ·
598 306 832 360 comminue
852 306 886 361 u
902 306 967 360 cn.
984 306 1023 359 n.

139 486 200 564 Qui
230 484 336 544 o'ntcm
371 481 573 560 fornicatur,
610 484 646 541 in
678 500 793 559 corpus
841 483 902 543 lum
923 501 1004 561 pene
1027 480 1216 541 adulterium.
1242 479 1331 561 Quod
1356 498 1392 560 qu

95 590 187 633 auum
201 578 318 647 peccat.
356 569 399 629 In
413 588 528 646 corpus
549 587 659 644 suum,
684 588 793 647 graece
842 571 898 629 cile
913 571 1117 630 concesserint
1131 566 1345 628 Tertullianus
1365 574 1392 627 at

96 651 142 726 alc
156 650 192 715 τὸ
209 650 290 716 ἴδιον
306 657 396 734 σῶμα
401 699 411 730 ,
434 659 470 716 in
483 658 654 733 proprium
669 673 792 732 corpus.
842 675 913 726 nus,
929 657 980 736 qui
996 655 1061 715 loc'o
1077 655 1163 716 verbi
1176 656 1383 732 fornicatur,

97 743 187 826 Quod
213 733 460 821 ἐμφατικώτερον
487 751 543 803 est.
583 743 624 801 ut
650 744 693 802 ita
719 742 794 821 legit
843 742 1057 816 adulteratur,
1074 744 1328 802 sntmoccltatur.
1351 739 1392 800 Iu

95 832 284 911 Augustinus
299 828 378 909 apud
395 828 518 890 Bedsm.
557 827 649 888 Valla
671 829 793 907 quidem
843 827 1392 908 affirmatCyprianualibrodebonop

95 917 212 977 mavult
225 917 399 987 ablativum,
414 920 450 976 in
465 933 598 993 corpore
618 933 695 992 suo,·
718 916 796 974 sicut
842 917 944 976 solum
956 916 1140 976 adulterum
1161 916 1197 975 in
1220 933 1336 991 corpus
1356 932 1392 974 cu

95 1004 186 1084 paulo
201 1016 274 1064 aute
289 1002 368 1063 dixit
381 1004 536 1083 interpres,
550 1007 586 1063 in
601 1020 697 1064 came
707 1019 795 1078 uua,·
843 1021 923 1062 carc.
946 1001 1058 1063 Verum
1074 1012 1108 1060 ut
1123 1001 1197 1061 haec
1213 1003 1334 1062 illorum
1350 999 1392 1060 ier

96 1091 170 1151 licet
193 1092 223 1151 in
238 1088 357 1151 Graeco
378 1090 440 1151 sint
461 1091 560 1169 quarti
581 1108 679 1151 casus
716 1088 795 1147 Nam
843 1099 888 1149 ter
903 1097 1022 1149 textum
1038 1095 1092 1161 est,
1108 1090 1148 1147 ita
1162 1107 1268 1150 sensns
1280 1093 1392 1168 praeter

96 1178 139 1237 ita
153 1185 315 1257 congruet,
337 1177 452 1257 inquit,
476 1195 542 1236 cum
562 1174 615 1235 ille
638 1176 795 1256 sequenti:
844 1175 990 1256 Apostoli,
1006 1177 1057 1255 qui
1074 1194 1173 1253 supra,
1186 1176 1243 1237 hoe
1255 1173 1392 1234 eodemc

96 1264 227 1324 Portare
243 1265 347 1325 Deum
360 1266 398 1323 iu
414 1281 546 1340 corporo
561 1268 673 1323 oestro.
703 1261 796 1342 Atqui
844 1283 909 1323 sum
939 1282 958 1321 a
987 1261 1154 1321 fornicariis
1184 1262 1338 1323 adulteros
1367 1280 1392 1319 n<

96 1349 170 1411 nihil
187 1370 260 1431 opus
275 1358 309 1409 nt
323 1359 469 1430 congrunt
491 1351 627 1409 incaene
653 1350 728 1429 quin
744 1368 795 1427 po·
844 1351 910 1410 Nec
936 1368 1007 1409 vero
1036 1348 1113 1407 solet
1135 1349 1340 1410 fornicationis
1363 1364 1392 1405 vr

96 1437 158 1497 tius
173 1435 326 1498 diversum
342 1455 442 1497 casum
464 1456 513 1497 res
527 1436 679 1516 postulat,
704 1455 794 1515 quem
845 1436 885 1497 cd
900 1435 1076 1497 adulterium
1099 1437 1246 1516 restringi.
1283 1432 1392 1495 Deindc

97 1522 376 1604 osticnponoln,
396 1532 426 1583 et
440 1521 571 1583 reddunt
585 1541 690 1583 omnes
705 1523 794 1582 inter·
845 1532 922 1584 stum
938 1531 986 1583 est
1001 1540 1039 1583 ex
1051 1531 1114 1582 toto
1126 1530 1268 1587 contextu
1282 1521 1393 1599 hujual

96 1619 207 1692 pretet
236 1610 396 1670 Caeterum
418 1609 494 1670 baec
508 1629 579 1689 pars
595 1610 737 1689 exceptio
752 1617 796 1669 est
844 1611 904 1670 lnm
919 1610 1003 1691 loqui
1018 1609 1057 1669 de
1072 1613 1194 1689 proprio
1217 1627 1342 1688 corpore
1359 1605 1391 1668 io

96 1696 136 1758 ab
150 1697 312 1757 universali
327 1695 544 1776 praeceleres,
560 1706 701 1776 tunquam
716 1695 797 1756 dicat
844 1718 881 1758 eo
892 1698 1039 1770 nimirum,
1056 1716 1115 1776 quo
1127 1697 1333 1758 fornicationis
1344 1704 1392 1756 aet

96 1784 277 1865 Apostolus:
292 1781 389 1843 Omne
403 1791 567 1863 peccatum,
583 1784 796 1863 quodcumque
844 1794 899 1844 cet.
935 1786 1073 1860 Corpus,
1096 1785 1210 1864 inquit,
1231 1800 1298 1844 non
1317 1783 1392 1859 forn

97 1873 163 1950 quis
178 1869 299 1943 iecerit,
326 1878 455 1950 excepta
475 1869 687 1944 fornicatione,
709 1877 795 1930 extre
843 1873 896 1932 secl
907 1872 1049 1932 Domino
1057 1894 1069 1947 ,·
1086 1877 1115 1930 et
1127 1873 1285 1932 Dominus
1297 1887 1392 1947 corpo

97 1977 207 2039 eorpus
227 1966 426 2039 perpetratur.
463 1956 541 2017 Nam
566 1957 648 2017 solus
674 1957 717 2031 is,
744 1957 797 2036 qui
845 1960 985 2025 Nescitis,
1003 1961 1156 2035 quoniam
1172 1974 1309 2033 corpora
1324 1965 1392 2017 vest

95 2044 275 2116 fornicatur,
304 2045 336 2104 iu
364 2045 518 2124 proprium
548 2062 654 2125 corpus
681 2050 794 2122 peccat
845 2046 903 2104 bra
917 2045 1150 2106 meretricii?
1169 2046 1387 2120 Tollenscrpo

96 2130 147 2196 Sic
166 2139 267 2192 eutem
291 2129 427 2190 Hebraei
451 2133 662 2210 exceptionem
685 2128 795 2209 signifi·
844 2133 976 2206 Christi,
993 2140 1050 2192 etc.
1074 2134 1113 2192 Et
1130 2132 1221 2192 infre:
1238 2135 1291 2191 Aa
1306 2130 1392 2192 uesci

96 2238 168 2280 aare
183 2220 297 2291 solent,
312 2227 347 2277 ut
362 2216 465 2277 Metth.
485 2222 533 2280 12.
568 2218 668 2278 Omne
680 2234 795 2293 pecca·
843 2223 934 2280 rciam
962 2219 1108 2278 membro
1145 2226 1249 2279 vestro
1287 2217 1392 2294 tempti

96 2312 163 2366 tum
187 2313 216 2366 ct
234 2305 431 2381 otnpucmio
455 2306 634 2365 remittetur
655 2304 795 2364 bomini·
842 2306 1118 2383 Spiritussaucti?
1133 2307 1174 2365 Et
1186 2303 1392 2365 adextremun

97 2390 172 2469 bur,-
201 2394 342 2469 Spiritus
366 2397 473 2451 asctrm
501 2391 698 2467 biaspbcrnia
727 2407 796 2450 non
843 2392 933 2469 ficato
946 2393 1392 2468 etportatheumincorpoc

95 2483 293 2555 remittetur3
320 2498 373 2557 pro
396 2497 432 2537 eo
448 2476 529 2557 quod
547 2477 714 2548 diceretur,
741 2494 794 2535 ex·
843 2479 961 2558 Quibus
979 2480 1009 2538 iu
1026 2478 1182 2539 sententiis
1197 2476 1386 2539 nullomodo

95 2574 184 2645 cepta
213 2563 401 2645 blasphemie
429 2563 566 2644 Spiritus.
613 2561 796 2624 Obseruauit
842 2586 897 2646 per
912 2584 1019 2644 corpus
1034 2585 1158 2626 uxorem
1175 2564 1310 2643 intelligi.
1336 2562 1392 2626 Sed

95 2651 173 2711 hunc
187 2651 307 2711 modum
320 2649 479 2710 locutionis
490 2651 618 2730 August.
631 2658 747 2731 quaest.
764 2649 793 2707 8.
844 2656 905 2731 Qui
930 2652 1082 2712 adtineret
1104 2655 1276 2725 meretrici,
1302 2670 1392 2711 unun

94 2755 189 2818 super
201 2738 300 2799 Lerit.
322 2734 494 2796 Notandum
510 2755 648 2817 qnoque,
670 2737 725 2797 snb
741 2754 793 2795 no·
843 2740 990 2816 efficiturr,
1006 2758 1060 2818 per
1075 2757 1182 2818 corpus
1194 2737 1392 2817 intelligitnrr

96 2824 176 2884 mins
189 2824 396 2884 fornauonis
412 2843 500 2884 omne
520 2840 616 2902 genua
639 2821 793 2902 impudici·
843 2826 935 2884 multo
946 2825 1044 2885 minus
1054 2844 1139 2884 uxor.
1156 2824 1268 2885 Sensus
1281 2833 1381 2884 antem

94 2911 157 2970 tiae
173 2912 204 2971 in
219 2910 275 2970 bac
292 2911 444 2971 mutantia
458 2908 683 2990 comprehendi.
723 2909 792 2968 Non
844 2910 987 2973 dedimus.

93 2998 173 3057 anim
189 2995 325 3071 dubium,
348 2996 422 3076 quin
445 3005 551 3077 peccet
572 2999 603 3057 in
625 3016 710 3056 suum
732 3015 793 3055 cor·
893 2997 1005 3059 Valent
1033 2999 1108 3057 haee
1139 2996 1245 3057 eedem
1275 2996 1314 3056 sd
1345 2996 1393 3057 rei

92 3102 166 3164 pus,
183 3085 236 3163 qui
251 3086 412 3164 quicquam
432 3082 580 3164 ejusmodi
595 3085 793 3142 commiserit:
842 3086 1087 3144 commentarium
1104 3083 1305 3164 quorundam,
1325 3085 1379 3163 qui

93 3171 159 3231 sive
185 3170 261 3230 illud
286 3173 325 3232 sit
352 3169 515 3230 secundum
545 3180 698 3243 naturam,
727 3169 793 3228 sire
843 3190 950 3252 corpus
979 3173 1212 3250 interpretentur
1238 3189 1292 3229 nos
1319 3168 1392 3229 Obri

94 3266 197 3318 contra
210 3265 357 3318 naturam.
838 3260 961 3337 junctos
976 3267 1121 3337 tunquam
1138 3275 1205 3315 cum
1222 3276 1257 3316 eo
1274 3276 1392 3315 unnmr

137 3341 227 3423 Quod
243 3343 282 3403 acl
297 3342 484 3404 intellectum
498 3345 608 3404 attinet
619 3342 710 3423 hujus
725 3340 792 3413 loci,
843 3364 953 3424 eorpus
970 3347 1194 3404 constituentes.
1225 3343 1384 3422 Nusquam

94 3431 148 3510 qni
165 3449 204 3493 ex
219 3449 256 3490 eo
272 3430 476 3490 difficultatem
491 3429 597 3505 babet,
613 3427 696 3511 quod
712 3427 793 3489 diest
844 3432 916 3491 locis
932 3451 1040 3511 eorpus
1056 3450 1091 3490 eo
1114 3428 1202 3491 modo
1223 3430 1358 3488 sumitur.
1383 3472 1392 3487 .

93 3516 189 3578 solum
216 3535 302 3588 eum,
332 3518 384 3596 qui
413 3517 589 3588 fornicatur,
620 3519 651 3577 in
681 3533 791 3594 eorpus
843 3537 944 3579 verum
968 3536 1086 3577 sensum
1107 3517 1179 3577 lecit
1198 3513 1375 3594 hujusmodi

92 3623 177 3664 suum
203 3623 345 3683 peccare,
372 3611 457 3664 tanta
483 3605 617 3665 venetas
642 3612 688 3663 est
711 3598 792 3681 apud
842 3606 946 3665 tarius.
970 3603 1049 3663 Nem
1065 3614 1098 3664 ut
1114 3603 1173 3664 elia
1187 3611 1313 3683 peccate
1328 3610 1392 3663 tace

93 3698 356 3767 commentatores,
374 3699 408 3750 ut
422 3710 461 3752 ex
476 3690 549 3751 solis
565 3688 690 3751 Graecis
706 3696 790 3749 auto·
842 3693 899 3753 bus
923 3691 975 3751 iile
997 3699 1097 3750 nostre
1126 3708 1194 3750 cum
1218 3688 1338 3749 Christo
1370 3708 1392 3750 e

91 3777 174 3839 ribus
187 3796 294 3838 sensus
307 3795 400 3857 supra
412 3777 516 3839 decem
528 3776 685 3858 collegerit
696 3774 791 3836 Occu·
841 3778 969 3839 laeditur
985 3797 1021 3837 ac
1038 3778 1185 3838 violetur:
1209 3797 1248 3835 en
1270 3797 1331 3836 non
1348 3795 1392 3855 pe

90 3865 213 3926 menius.
842 3867 927 3925 triam
951 3865 983 3926 in
1006 3863 1085 3925 illius
1107 3864 1240 3944 corporis
1266 3862 1392 3942 digniter

133 3951 202 4013 Una
216 3953 307 4032 igitur
321 3952 470 4030 expositio
495 3960 539 4011 est
554 3951 593 4013 ab
609 3949 790 4013 Oscumenio
840 3953 965 4012 tissime
979 3949 1146 4033 peccetur?

89 4057 163 4119 prae
185 4041 312 4099 caeteris
331 4038 476 4118 probata,
503 4058 564 4115 qua
585 4040 704 4099 nomine
727 4055 788 4096 cor·
882 4038 960 4099 Sunt
975 4038 1044 4109 elii,
1069 4039 1121 4117 qni
1143 4039 1391 4116 interpretentur,

89 4126 173 4204 poris
188 4144 265 4186 uxor
278 4125 463 4205 intelligitur.
494 4124 544 4185 sic
566 4126 645 4185 enim
661 4127 787 4205 Aposto·
838 4128 912 4186 rium
930 4127 959 4185 in
983 4145 1090 4204 corpus
1112 4143 1197 4185 snum
1219 4142 1363 4202 peccare,

90 4209 271 4291 lnspr.b.
303 4212 390 4286 Viri,
407 4213 518 4291 inquit,
534 4211 646 4272 debent
658 4211 789 4286 dilipere
838 4211 965 4273 nicando
991 4211 1131 4272 debilitet
1157 4230 1279 4289 eorpus,
1311 4220 1342 4269 et
1368 4212 1392 4267 ul

88 4313 203 4358 uxores
217 4316 308 4373 nias,
323 4308 360 4359 ut
375 4316 513 4375 corporo
528 4316 597 4358 rua.
620 4296 682 4359 Sed
696 4297 788 4359 facile
838 4300 983 4361 exhaurit.
1022 4300 1064 4358 At
1078 4298 1136 4357 hoe
1150 4295 1237 4358 modo
1265 4315 1321 4355 nec
1336 4294 1392 4355 soli

89 4383 239 4444 refellitur
253 4384 301 4445 hic
316 4403 429 4453 sensns.
446 4387 520 4464 quis
534 4385 621 4445 mirlti
636 4383 788 4447 iornicsn·
838 4406 906 4459 nes,
922 4385 975 4466 qui
990 4384 1181 4454 fornicantur,
1197 4385 1227 4442 in
1244 4402 1353 4461 corpus
1369 4401 1392 4442 n

89 4481 138 4530 tur
151 4490 211 4531 non
227 4473 362 4531 uxorati:
389 4474 442 4552 qui
465 4470 591 4552 proinde
612 4471 788 4533 fornicando
838 4482 915 4533 cunt.
940 4471 1018 4531 Nem
1032 4481 1066 4531 ut
1081 4470 1117 4531 de
1129 4468 1239 4530 invidis
1255 4479 1285 4528 ct
1299 4469 1392 4530 iracur

88 4559 334 4638 nonpeceentin
355 4577 466 4619 uxores
489 4578 567 4619 suus.
606 4557 789 4636 Sanejnxts
839 4558 988 4632 dicemus,
1004 4577 1082 4637 ques
1098 4557 1273 4617 affectiones
1291 4558 1321 4615 in
1337 4575 1392 4635 cor

88 4642 165 4705 hanc
181 4645 404 4724 expositionem
420 4653 513 4706 totum
528 4664 626 4727 genua
641 4644 789 4725 simplicis
839 4652 1007 4706 cementum
1020 4643 1188 4705 redundare
1200 4645 1273 4704 satis
1283 4661 1392 4723 compe

88 4731 296 4793 fornicationis
318 4731 376 4793 bne
398 4751 458 4793 nou
472 4734 648 4815 pertineret,
674 4731 727 4795 aed
743 4753 788 4794 so·
839 4741 920 4794 carte
939 4731 1035 4794 multe
1060 4732 1157 4811 nragis
1182 4729 1392 4812 pierumquep
