3254 5190
487 288 649 343 tristetur
668 288 707 342 tu
725 288 877 342 aomos.
912 287 996 341 teus.
1013 288 1055 340 21.
1428 290 1499 360 185

51 464 111 521 licis
127 461 227 522 multo
239 462 337 541 magis
350 470 398 522 est
409 474 653 524 mesentanenm.
672 463 750 524 Nam
799 465 891 524 seivit
898 463 1112 541 interpretetur
1119 459 1298 521 Ambrosius
1307 460 1499 523 catherinus.

51 547 304 630 quamadmodum
333 549 462 629 simplex
490 550 630 622 verbnm,
662 551 750 622 scire,
800 549 879 609 Nam
894 548 931 608 de
946 549 1013 626 ejus
1028 549 1059 608 in
1074 556 1169 608 totum
1192 547 1271 607 hunc
1294 546 1434 628 Apostoli
1457 545 1499 606 lo·

51 656 99 695 ssu
115 655 219 710 nosse,
242 637 334 714 juxta
343 634 476 714 phrasim
488 636 670 696 Hebraicam
685 656 750 698 sae·
800 656 866 695 cum
879 635 1091 694 commentario
1107 635 1307 713 opportunius
1323 631 1440 715 aliquid
1455 634 1500 693 in·

52 741 216 801 pennmero
240 724 273 781 in
295 722 453 800 scriptoris
476 721 515 782 ad
538 723 678 783 effectum
698 743 752 783 seu
800 722 846 782 fra
870 721 979 781 dicturi
1000 741 1112 781 sumus.
1141 720 1223 780 Illud
1245 719 1342 795 addo,
1370 738 1499 790 sensum,

50 810 238 868 voluntatem
254 807 390 879 refertur,
404 815 439 868 nt
452 807 589 881 nitidem,
605 809 687 889 quod
700 829 751 888 ap·
801 828 893 888 quem
916 805 1073 878 dedimus,
1107 806 1200 867 facile
1219 805 1326 886 colligi
1350 828 1389 867 ex
1414 813 1501 886 parte

51 896 194 975 probare,
218 894 364 975 diligere,
391 913 511 968 curare,
535 903 588 954 aut
610 906 693 957 certe
708 898 752 956 sie
799 893 1000 975 praecedeuti.
1025 892 1116 971 Quod
1132 895 1212 954 enim
1231 894 1274 954 ibi
1290 892 1501 970 dixitprepo·

50 1000 224 1061 messere,
239 991 273 1040 nt
287 981 447 1061 approbes,
463 980 582 1060 diligas,
609 992 640 1042 et
655 1002 752 1055 cures,
799 985 905 1056 atum,
921 980 969 1040 hic
984 982 1093 1059 repetit
1107 980 1199 1040 verbo
1212 983 1385 1055 praescivit
1392 1002 1404 1056 ;
1421 999 1458 1039 ae
1470 979 1499 1039 si

50 1068 128 1128 unde
153 1077 189 1128 et
211 1067 289 1126 scita
303 1088 357 1148 pro
373 1067 499 1127 decretis
515 1067 594 1148 apud
610 1070 752 1145 Latinos3
800 1067 897 1128 dicat:
913 1066 990 1127 Nam
1003 1087 1080 1146 quos
1092 1069 1177 1126 norit
1188 1068 1219 1126 in
1231 1068 1386 1146 proposito
1399 1086 1436 1125 ac
1446 1065 1497 1125 be·

50 1174 149 1216 rursus
158 1152 417 1234 quemadmodum
432 1155 550 1213 nescire
559 1157 685 1215 sumitur
697 1177 751 1234 pro
800 1153 951 1234 neplaoito
967 1173 1022 1213 suo
1034 1161 1167 1223 aeterno,
1184 1171 1236 1213 eos
1252 1153 1499 1232 praedestinavit,

52 1263 94 1311 eo,
107 1239 195 1320 qnod
206 1251 254 1299 est
266 1240 441 1320 improbare,
452 1239 559 1311 odisse,
572 1262 752 1319 nunciatura,
802 1251 833 1300 et
848 1249 974 1301 caetera.
997 1241 1273 1315 Praedeatirsavit,
1289 1239 1407 1302 Graece
1422 1252 1499 1314 προ-

52 1348 102 1407 pro
118 1347 177 1387 suo
190 1347 252 1387 nou
265 1346 444 1406 agnoscer03
461 1328 504 1386 sic
516 1336 549 1386 et
559 1330 753 1408 compositum
801 1322 911 1404 tipice,
936 1326 1017 1407 quod
1032 1327 1125 1387 latine
1141 1326 1239 1398 dicas,
1259 1326 1499 1403 praeter-mirsa-

50 1415 174 1475 rabum
192 1414 346 1493 praescire
370 1414 519 1493 significet
543 1415 754 1495 praediligere,
802 1417 859 1489 vit,
875 1433 929 1472 seu
940 1413 1262 1489 praedetermiuavit,
1278 1413 1309 1473 id
1325 1422 1385 1484 eet,
1402 1429 1500 1490 prae·

52 1501 80 1561 id
95 1510 254 1594 aatpantc
270 1499 411 1579 diligere,
432 1500 585 1560 iubenum
600 1501 753 1580 praeordi·
802 1501 925 1577 finivit,
948 1520 1002 1560 sen
1013 1500 1257 1578 praedefinivit,
1282 1509 1315 1559 ut
1329 1500 1382 1560 alii
1398 1508 1495 1561 verte·

50 1606 136 1660 aare,
162 1587 411 1666 etpraescieutia
432 1585 695 1665 praedilectionem
718 1610 754 1649 ac
802 1596 879 1649 runt
909 1588 1076 1647 Derivatur
1099 1588 1179 1647 euim
1207 1587 1264 1647 hoc
1284 1587 1411 1648 verbum
1439 1575 1499 1646 ἀπὸ

52 1672 345 1753 praeordinationem
363 1674 393 1732 in
407 1671 534 1748 bonum3
558 1675 687 1734 maxime
702 1675 753 1734 ubi
802 1676 856 1734 τοῦ
880 1664 991 1750 ὄρους,
1015 1693 1097 1753 quae
1119 1694 1180 1733 vox
1203 1675 1323 1754 proprie
1339 1674 1500 1734 terminum

52 1758 86 1820 ds
99 1759 209 1821 electis
225 1759 333 1838 agitur.
803 1760 962 1842 siguificat.

90 1844 248 1925 Exemplo
274 1844 358 1904 verbi
381 1845 524 1924 simplicis
555 1845 692 1906 affirmati
724 1855 754 1906 et
845 1847 961 1908 Sensus
978 1847 1069 1925 igitur
1084 1847 1174 1925 hujus
1185 1847 1244 1908 loci
1256 1846 1500 1908 estzPraedesti·

53 1934 154 2012 negati
165 1933 284 2012 passim
296 1930 386 1992 obvia
398 1942 475 2004 suut,
487 1941 522 1992 ut
532 1932 612 1993 Psai.
629 1937 670 1992 l.:
686 1935 753 1994 No·
802 1946 939 1995 natorum
952 1934 1079 1994 salntem
1092 1933 1182 1995 nullis
1193 1934 1433 2006 adversitatibus,
1448 1952 1499 1994 ns·

54 2023 95 2079 oa
108 2020 277 2081 Dominus
292 2021 379 2078 viam
390 2021 571 2094 jastonem
586 2018 610 2080 J
613 2040 678 2079 ean.
694 2020 753 2078 10.:
802 2042 862 2103 que
887 2021 1102 2081 tentationibus
1124 2020 1265 2100 impediri
1279 2041 1384 2101 posse3
1407 2021 1501 2099 idque

54 2107 117 2181 Bac
133 2112 335 2182 campester
350 2104 461 2179 bonus,
479 2113 507 2166 et
518 2124 669 2181 copnoseo
682 2125 753 2167 oues
802 2118 882 2170 certo
898 2107 986 2167 nobis
1001 2116 1138 2167 constare
1155 2128 1192 2168 ex
1208 2109 1335 2169 caritate
1348 2107 1424 2181 Dei,
1440 2125 1501 2186 qna

54 2210 144 2265 neas,
161 2200 193 2253 et
208 2198 460 2268 capnosarntme
471 2211 577 2268 meae;
594 2193 753 2253 ailina:
802 2216 854 2256 eos
870 2196 907 2254 ab
920 2203 1043 2256 aeterno
1054 2192 1171 2263 dilexit,
1187 2214 1250 2273 qua
1261 2197 1353 2255 etiam
1365 2191 1500 2254 tacturus

55 2279 210 2356 caneret
219 2279 753 2354 Dominus,qutsunrejus,·t1uth.
802 2283 857 2355 sit,
884 2291 919 2339 nt
933 2282 1050 2340 omnino
1062 2300 1099 2340 ea
1113 2280 1207 2353 bona,
1231 2281 1270 2342 ad
1286 2301 1363 2360 quae
1379 2279 1498 2359 praedi·

55 2367 96 2424 i:
110 2365 302 2442 Numquam
317 2369 396 2425 aovi
410 2383 482 2441 vos,
507 2375 539 2426 et
554 2366 620 2426 25.:
644 2367 754 2427 Nescio
801 2369 873 2429 lecti
889 2375 959 2426 suut
972 2387 1008 2425 ae
1022 2366 1244 2446 praeordinati,
1267 2376 1498 2447 consequantur.

54 2471 112 2514 cos
136 2450 208 2513 Nec
222 2450 334 2512 desunt
348 2452 487 2531 exempla
502 2451 587 2512 verbi
600 2453 753 2531 praescire
801 2455 897 2524 Nam,
920 2454 1036 2532 inquit,
1059 2473 1135 2533 quos
1152 2457 1330 2531 praescivit,
1347 2453 1440 2513 idest
1460 2451 1499 2512 ab

53 2539 156 2601 isthac
180 2537 410 2618 significatione.
433 2535 512 2599 Ncm
535 2547 567 2598 et
588 2537 665 2599 infra
687 2559 752 2619 cap.
801 2552 924 2602 aeterno
940 2540 1118 2618 praedilexit
1140 2548 1172 2599 et
1187 2542 1296 2600 amicos
1317 2540 1428 2602 habere
1443 2559 1496 2600 vo·

56 2631 101 2687 11.
125 2623 204 2685 dicit
225 2624 406 2706 Apostolus:
429 2625 504 2686 Non
525 2625 644 2701 repulit
667 2627 753 2687 Deus
800 2628 864 2700 luit,
891 2626 1011 2687 eosdem
1028 2624 1267 2706 praedestinavit
1282 2627 1449 2688 conformes
1464 2645 1500 2688 sc

52 2711 173 2790 plebem
189 2729 293 2785 mam,
307 2729 404 2788 pesam
413 2711 753 2788 praesdestinatus
800 2715 916 2775 similes
943 2714 1009 2773 fieri
1026 2713 1145 2773 Christo
1168 2713 1231 2773 filiu
1256 2717 1366 2796 ipsius,
1389 2712 1421 2774 id
1444 2721 1499 2787 est,

54 2808 175 2861 marne
192 2795 303 2858 dilexit
317 2818 353 2859 ac
376 2816 461 2858 snam
473 2816 541 2860 esse
551 2798 664 2874 volnit3
676 2800 753 2860 sicut
801 2812 883 2862 certo
897 2802 1022 2879 fixoque
1038 2800 1155 2861 decreto
1166 2801 1232 2878 jam
1248 2802 1318 2863 olim
1334 2811 1365 2863 et
1387 2800 1425 2861 ab
1449 2818 1499 2860 ac-

53 2893 83 2946 st
96 2884 231 2947 Tolerus
248 2886 387 2964 exponit,
409 2885 481 2945 licet
502 2883 551 2944 hic
573 2884 670 2946 aliter.
693 2885 752 2946 Eo·
800 2899 885 2950 terno
902 2890 1008 2949 statuit
1021 2885 1060 2946 ad
1076 2887 1133 2946 hoc
1148 2895 1208 2946 tem
1223 2891 1365 2949 eximium
1388 2887 1499 2948 bonum

54 2970 182 3054 demqrm
197 2990 289 3031 unsa
305 2971 415 3032 Petrus
428 2972 653 3052 praescientiam
669 2992 753 3033 acce·
801 2998 852 3039 eos
868 2973 1032 3055 aliquando
1051 2972 1224 3053 perducere.

53 3059 94 3138 pit
110 3063 138 3120 1.
155 3059 246 3139 epist·
273 3061 315 3116 1.:
340 3059 455 3119 Electis
477 3057 629 3134 advenis,
647 3059 752 3138 inquit,
845 3065 912 3124 Hos
926 3063 989 3123 lere
1005 3059 1093 3120 modo
1109 3063 1339 3139 praescientiam
1358 3064 1441 3121 istam
1455 3061 1497 3120 in·

53 3145 227 3208 madum
240 3147 486 3219 praescientiam
501 3146 564 3205 Dei
576 3147 683 3222 patris
689 3191 700 3220 ,
721 3145 752 3206 id
799 3147 1499 3232 terpretanturliielrelius,Sasboldus,Pererius

54 3240 104 3304 flii
118 3228 287 3294 Mundum
301 3229 461 3311 bsssslgmffl
478 3231 543 3310 0j¹¹⁸
560 3230 750 3311 Prflfiordhtt·
801 3249 832 3301 et
857 3239 908 3297 alii
938 3236 1095 3309 neoterici3
1126 3236 1185 3293 imo
1216 3243 1246 3293 et
1274 3235 1498 3295 vetustissimus

54 3319 171 3380 tionem.
184 3316 369 3398 Qnoeodem
381 3319 481 3397 capite
496 3318 586 3378 etiam
602 3318 751 3379 Christum
801 3325 955 3404 Origenes,
971 3321 1064 3381 multa
1079 3319 1231 3381 disserens
1246 3323 1277 3382 in
1289 3321 1365 3382 hauc
1378 3330 1496 3381 senten·

54 3415 140 3467 vocat
153 3405 380 3486 praecognitum
396 3413 467 3464 tute
489 3404 590 3464 mundi
610 3407 752 3466 constitu·
801 3414 888 3481 uam,
914 3409 984 3469 licet
1005 3408 1064 3468 alia
1088 3406 1236 3486 quaedum
1260 3409 1498 3488 subjungutnon

55 3495 182 3560 titium·
198 3489 230 3550 ῑᾶ
245 3500 309 3565 est,
324 3491 454 3570 benigna
469 3490 528 3550 Dei
543 3490 699 3552 voluntate
713 3493 752 3552 ab
802 3496 964 3576 probanda.
978 3496 1026 3554 De
1041 3493 1212 3570 hujusmodi
1229 3496 1428 3573 praescientia
1440 3494 1499 3554 Dei

53 3587 172 3640 aasrno
189 3576 441 3658 praeordinatum.
452 3577 563 3657 Neque
578 3580 657 3639 enim
668 3577 752 3639 Chri·
800 3585 916 3663 legatur
923 3579 1497 3660 Augustlibdedonopersev.cap.18.

53 3661 339 3746 stipraedestinatio
363 3671 464 3744 potest
483 3662 545 3723 ullo
567 3663 655 3724 modo
677 3665 751 3744 tingi
844 3671 943 3730 Juxta
969 3669 1046 3728 hane
1068 3668 1158 3746 igitur
1179 3670 1388 3748 acceptionem
1412 3665 1499 3728 verbi

53 3770 89 3812 tx
101 3751 218 3812 meritis
237 3750 390 3828 praevisis,
405 3750 462 3811 nisi
473 3749 637 3811 secundum
649 3751 751 3813 haere·
799 3759 986 3833 praescivit,
1011 3753 1087 3813 adeo
1111 3752 1182 3813 nihil
1204 3753 1333 3832 adjuvat
1347 3755 1397 3815 liic
1412 3753 1497 3814 locus

53 3839 106 3899 sim
116 3835 340 3898 Nestorisnam.
353 3836 456 3896 Simile
467 3844 497 3896 et
509 3836 584 3897 illud
600 3837 623 3898 J
624 3838 753 3898 eremiae
800 3842 1101 3923 praedestinationem
1116 3858 1155 3899 ex
1166 3843 1290 3911 meritis,
1305 3852 1340 3902 ut
1348 3842 1437 3900 etiam
1446 3838 1496 3899 de·

56 3929 98 3984 l.:
120 3925 317 3999 manuam
342 3929 371 3982 te
391 3923 569 4000 formarem
592 3925 625 3983 irs
646 3932 750 4000 utero,
801 3938 905 3989 struat.
922 3929 1016 3989 Recte
1032 3934 1130 3987 tumen
1144 3931 1305 4003 praescire
1335 3929 1426 3987 etiam
1442 3926 1499 3987 hoc'

54 4013 128 4072 aevi
141 4019 182 4072 te.
212 4010 307 4070 Porro
323 4009 394 4069 huic
409 4009 576 4070 intellectui
591 4009 751 4071 admodum
799 4015 888 4076 ruodo
904 4017 1086 4076 intellectum
1102 4015 1239 4093 ponitur,
1267 4013 1361 4074 veluti
1375 4031 1496 4092 praece·

54 4098 191 4158 convenit
204 4094 363 4157 absolutus
379 4116 487 4156 sermo.
498 4096 569 4157 Non
584 4099 663 4157 euim
680 4097 766 4163 dicit,
801 4102 876 4163 dens
891 4103 989 4181 ipsum
1004 4099 1239 4181 praedestinare.
1261 4098 1341 4164 Nam
1364 4097 1496 4169 dileetio.

55 4183 233 4265 Apostolus:
249 4203 327 4262 quos
342 4183 502 4264 praescivit
517 4183 750 4256 bonosianos,
800 4208 880 4269 qnae
895 4188 1043 4250 vocabulo
1060 4188 1278 4265 praescientiae
1301 4185 1496 4262 significatur,

56 4279 104 4329 act
115 4268 234 4350 aliquid
247 4270 325 4344 tale;
339 4269 393 4329 sed
406 4268 558 4330 absolute:
570 4289 648 4346 quos
659 4289 750 4346 prae·
799 4274 962 4336 secundnm
978 4273 1124 4335 rationem
1142 4273 1223 4354 prior
1234 4285 1281 4334 est
1292 4269 1497 4351 praedestina·

56 4359 152 4432 reat,
168 4357 247 4417 sieta
258 4365 291 4416 et
302 4376 367 4436 cap.
384 4361 430 4415 11.
442 4378 448 4413 :
461 4376 558 4432 quam
570 4361 749 4433 praescivit.
799 4363 896 4437 tione;
912 4359 1163 4441 quemadmodum
1177 4359 1255 4420 bene
1271 4359 1360 4420 docet
1371 4359 1400 4420 S.
1415 4357 1497 4417 Tho·

57 4441 112 4520 Qni
126 4463 223 4503 sermo
239 4462 362 4502 sensum
377 4441 522 4522 relinquit
537 4443 749 4524 imperfectum,
798 4470 861 4508 mas
880 4456 905 4509 1.
923 4470 951 4529 p.
969 4469 998 4527 q.
1016 4447 1065 4506 23.
1083 4454 1137 4504 art.
1156 4451 1184 4507 4.
1208 4445 1336 4506 Sedetsi
1348 4445 1497 4524 praescire

57 4529 109 4588 nisi
129 4532 359 4610 praenotionem
382 4548 519 4607 exponas
543 4530 749 4610 praedilectio-
798 4535 892 4594 solum
920 4545 1019 4595 actum
1045 4531 1213 4592 intellectus
1236 4533 1285 4591 hie
1299 4524 1496 4613 {significaret

58 4633 127 4674 m·
798 4642 857 4681 nou
873 4629 974 4682 tamen
986 4640 1024 4682 ex
1040 4639 1077 4680 eu
1091 4621 1184 4679 statui
1206 4631 1310 4699 posset
1332 4616 1496 4696 praedesti·

94 4697 205 4763 Omitto
221 4700 332 4774 aare,
349 4700 500 4784 quemodo
516 4703 639 4766 verbum
647 4723 748 4784 pras·
797 4709 880 4770 natio
907 4726 945 4769 ex
972 4707 1141 4769 meritorum
1168 4705 1379 4789 praescientia
1416 4702 1495 4763 Nam
