3254 5190
513 282 904 341 ururonsaso‘uossuon
937 285 1084 341 suasu.
1447 290 1526 359 m

74 461 141 521 du
156 461 256 523 stiam
270 461 310 523 sd
324 462 472 538 nonnos
488 464 627 524 nimirum
641 463 776 543 pennati
825 462 945 539 sesip'tu
965 460 1052 536 sssss't
1072 462 1116 522 sit
1137 462 1274 523 Josnnes
1295 458 1458 540 Evangelii
1471 461 1524 519 -sui

75 548 198 621 ntioae,
221 568 288 629 qua
306 550 461 628 signifieat
480 541 569 631 opem
585 558 616 609 ιι
629 550 778 610 auxilium'
826 569 891 629 esp.
908 551 967 620 20„
989 557 1027 609 ιιι
1041 551 1178 610 credatis
1197 557 1225 608 st
1247 549 1407 608 eredentes
1420 549 1525 607 vitum

76 634 205 712 slisujus
226 634 399 715 impleuere,
422 644 508 715 patet
529 655 570 696 ex
591 636 659 701 aliis
677 637 777 717 Serip-
825 636 975 695 hubmtis.
1320 680 1323 685 -

76 732 159 780 turae
183 719 274 794 loeis,
300 729 335 780 ut
347 720 429 783 Ie'ss.
445 722 512 785 ss:
534 724 652 798 Repsm
667 725 778 798 potius
838 766 841 771 -
868 724 962 783 Reete
983 722 1176 783 nihilominus
1196 720 1235 782 sb
1251 721 1432 801 Auguetinu
1455 739 1522 780 oum

78 807 284 867 motans
307 806 397 868 Osse.
410 813 456 868 t:
479 814 657 886 sspyptum
670 813 776 870 iuvo-
827 808 866 869 de
880 810 918 868 iis
931 809 1113 888 loqueretur,
1135 810 1189 889 qui
1203 807 1287 868 surdi
1300 813 1473 878 nuscuntur,
1488 815 1525 867 ιιι

78 894 204 969 satum,
228 893 276 953 ud
289 898 440 969 Assyrios-
457 894 616 957 obierunt.
638 894 707 957 Neo
720 896 776 956 du·
826 894 930 956 endiro
940 898 1130 974 nonpossint,
1142 894 1255 955 dietum
1265 893 1408 954 outline.
1420 900 1523 953 oontrs

78 981 164 1053 bium,
185 982 268 1061 quin
290 982 382 1040 etiam
398 981 479 1061 apud
495 993 618 1043 autores
631 982 777 1060 profanos
827 982 984 1043 Julianum
1008 1001 1074 1062 oop.
1096 984 1143 1041 4.:
1167 982 1259 1060 Quod
1280 983 1396 1041 vitium
1417 983 1523 1055 ipsum

79 1068 115 1126 its
125 1066 316 1145 geumlitsr
329 1076 500 1147 usurpetur.
523 1070 593 1129 Ηιι
607 1069 699 1146 igitur
713 1088 776 1129 sno·
825 1067 961 1146 impedit
973 1068 1077 1144 (idem.
1100 1069 1179 1129 Num
1191 1067 1301 1127 mrdus
1311 1074 1401 1126 ustus
1412 1065 1524 1137 literas,

79 1151 112 1212 do
131 1172 191 1213 nos
206 1150 377 1214 Christisui
399 1156 492 1215 stiam
507 1156 635 1217 Sanetus
656 1156 776 1216 iusoes·
826 1156 936 1234 quibus
950 1154 1040 1214 leetis
1054 1154 1144 1217 fidem
1161 1154 1317 1233 concipiat,
1333 1151 1448 1212 discere
1461 1171 1523 1211 nou

80 1256 147 1309 ns,
161 1258 245 1319 quos
259 1248 292 1300 ιι
311 1238 461 1301 ssediuus
474 1240 563 1302 nobis
577 1258 632 1320 per
649 1260 723 1303 suus
737 1241 777 1301 ad
825 1249 932 1321 potest,
948 1240 1022 1321 quie·
1032 1260 1089 1321 per
1099 1241 1233 1302 suditnm
1249 1239 1340 1301 debet
1351 1258 1455 1301 esrum
1466 1237 1523 1315 sig-

80 1326 173 1387 Dsasn
187 1343 301 1405 preses
316 1326 456 1405 opitulari
470 1347 569 1407 posse.
825 1326 957 1388 niliostio
984 1326 1049 1387 dari
1074 1338 1107 1388 et
1130 1328 1235 1407 sooipi.
1259 1324 1389 1386 Constat
1408 1331 1523 1393 sutum,

117 1417 187 1473 Aust
200 1413 365 1488 quomodo
388 1414 517 1474 credam
531 1416 570 1489 si,
592 1433 686 1491 quem
708 1432 778 1476 nost
826 1413 972 1494 Apostolo
989 1432 1156 1475 sermonem
1167 1413 1285 1474 essedo
1299 1411 1455 1472 auditione
1468 1428 1525 1490 per

82 1499 279 1559 munos?
312 1498 448 1560 Graece:
478 1501 644 1579 Quomodo
669 1510 776 1561 uestem
827 1518 948 1560 sensum
971 1498 1165 1573 exteriorem,
1193 1520 1253 1582 qus
1275 1517 1336 1559 vox
1358 1499 1525 1578 persipitur

83 1584 224 1661 eredens,
253 1604 348 1661 quem
369 1604 438 1647 nou
463 1588 663 1648 aodimus?
685 1588 778 1648 Forte
826 1587 1035 1667 praedicantis.
1058 1588 1136 1647 Nam
1152 1589 1303 1668 sequitur:

83 1673 164 1731 vertit
192 1672 362 1751 interpres:
385 1678 429 1733 At
452 1675 613 1751 quomodo
640 1676 777 1735 credent.
870 1674 1036 1752 Quomodo
1055 1683 1162 1734 autem
1185 1674 1318 1734 audient
1336 1675 1404 1733 sins
1424 1689 1524 1747 prus·

83 1756 247 1818 Ostssioue
267 1778 379 1829 eorum,
401 1779 482 1841 quae
500 1761 637 1841 proxime
657 1760 780 1822 dixerut
828 1758 978 1821 dicante?
1005 1760 1043 1820 Id
1066 1770 1127 1820 est:
1150 1760 1310 1841 Quomodo
1336 1756 1462 1819 audient
1485 1756 1524 1816 tle

83 1842 114 1903 de
133 1844 237 1905 sslnte
260 1845 401 1905 omnibus
426 1846 618 1908 credentibus
642 1854 673 1907 et
693 1849 776 1907 invo·
828 1867 871 1920 eo,
888 1850 919 1906 in
935 1866 1025 1926 quem·
1033 1848 1178 1909 prodituri
1189 1850 1255 1921 sint,
1270 1850 1296 1906 si
1308 1864 1396 1907 ιιιιιιο
1408 1845 1456 1918 sit,
1472 1844 1525 1925 qui

83 1931 216 1991 mnus
239 1934 406 2011 promissa,
430 1933 553 2012 subjicit
575 1942 605 1993 et
630 1936 780 1994 interserit
828 1936 872 1994 eis
895 1934 1076 1994 annuntiet?
1099 1955 1135 1994 ιιι
1158 1936 1184 1994 si
1206 1933 1300 2009 diost,
1323 1952 1381 1993 nen
1403 1931 1435 1991 id
1458 1930 1526 1991 fleri

84 2016 778 2097 qussdasndegenersliprsediostionellvan-
827 2040 928 2100 posse.

83 2102 144 2182 palii
164 2124 227 2184 per
249 2123 354 2165 omues
374 2113 488 2184 gentes.
511 2106 545 2167 Si
565 2108 644 2167 enim
666 2107 778 2168 benefi-
870 2105 953 2169 Setis
968 2105 1129 2167 ostendunt
1142 2107 1200 2166 hue
1214 2106 1295 2166 duae
1315 2103 1524 2183 interrogatio·

83 2190 239 2263 ιἰιιιῦιὶ,
260 2192 425 2251 sumente
439 2191 590 2253 hominem
608 2194 777 2272 justificare
827 2212 883 2254 nes
908 2193 1061 2271 Apostoli,
1088 2195 1167 2253 siout
1185 2194 1277 2252 et'iis
1303 2190 1525 2269 respondentes

84 2276 243 2339 stsslvum
266 2276 370 2337 unere
389 2296 444 2358 per
461 2277 569 2352 fidem,
591 2282 777 2360 propositum
828 2279 906 2340 duee
920 2280 1141 2359 propositiones
1155 2280 1245 2361 poulo
1257 2278 1382 2339 inferius
1398 2278 1524 2356 positae,

83 2364 275 2425 estomnibus
283 2371 347 2424 tam
358 2365 531 2441 gentilibus,
542 2385 631 2447 quam
639 2366 778 2442 Judaeis,
828 2366 905 2443 fides
920 2384 959 2426 ιι
974 2367 1100 2442 auditos,
1125 2374 1165 2440 et,
1184 2367 1315 2425 meditus
1336 2371 1443 2424 autem
1464 2382 1529 2438 pes·-

83 2448 162 2510 idun
184 2468 264 2510 vero
283 2453 432 2531 aoeipere,
455 2451 487 2511 id
502 2461 555 2525 est,
578 2453 703 2514 oredere
717 2474 779 2514 nou
832 2456 963 2514 verbum
978 2455 1050 2526 Dei,
1074 2472 1135 2516 non
1157 2452 1296 2513 omnibus
1318 2449 1525 2510 hominibuss

83 2545 211 2615 pessum,
234 2536 296 2597 nisi
315 2537 448 2610 audiant,
470 2557 528 2599 nso
541 2539 654 2613 audire,
678 2541 779 2602 sinon
827 2541 893 2600 Deo
909 2538 976 2599 dari
999 2538 1149 2602 sufficiens
1173 2538 1319 2600 auxilium
1334 2535 1373 2597 sd
1388 2536 1525 2609 salutem,

83 2624 121 2695 sil,
134 2624 193 2703 qui
207 2621 382 2702 prssdioet3
404 2642 591 2704 oonsequens
610 2637 664 2701 est,
687 2629 778 2687 etiem
827 2636 862 2687 nt
873 2625 997 2708 quidam
1009 2636 1126 2706 putant.
1144 2625 1272 2686 Constet
1287 2624 1367 2685 enim
1378 2623 1525 2703 plurimos

83 2710 219 2787 gentibus
234 2708 476 2790 praedicandum
487 2731 555 2772 esse
565 2713 779 2792 Evangelium,
827 2733 903 2787 esse,
914 2722 1009 2793 atque
1021 2715 1112 2776 etiam
1122 2712 1330 2792 multoplures
1339 2711 1410 2770 olim
1419 2709 1524 2784 fuisse,

83 2814 130 2857 uss
143 2795 265 2857 offendi
279 2796 392 2858 debere
406 2797 549 2872 Judaeos,
572 2801 598 2859 si
611 2800 727 2860 Paulus
741 2820 779 2860 ιι
826 2801 1006 2880 praesertim
1020 2810 1091 2861 ante
1102 2801 1212 2862 Christi
1224 2797 1399 2870 adveutum,
1414 2797 1526 2877 quibus

82 2884 189 2943 neeri
203 2884 346 2962 Apodoli
360 2903 415 2964 per
425 2904 510 2946 susm
521 2885 778 2966 praedicationem
828 2886 868 2947 de
883 2885 945 2947 lide
960 2884 1000 2946 sd
1016 2889 1144 2948 salutem
1165 2887 1338 2948 necessaria
1351 2884 1428 2945 nihil
1443 2892 1525 2944 esset

83 2968 219 3047 generale
234 2971 296 3030 Dei
310 2971 489 3032 benefitium
510 2974 602 3032 etiarn
617 2972 778 3052 adgentes
827 2974 1044 3053 praedieatum.
1057 2974 1142 3054 Quos
1151 2968 1278 3054 proinde
1287 2972 1435 3031 sufficiens
1443 2971 1524 3029 suxi·

82 3064 260 3137 propagent
827 3061 898 3121 liuns
914 3060 1065 3134 habuisse,
1085 3082 1146 3141 quo
1160 3061 1239 3121 sslvi
1254 3060 1370 3133 fierent,
1392 3056 1450 3117 dioi
1464 3076 1525 3117 non

116 3143 238 3204 Sensus
255 3142 345 3223 liujus
358 3145 453 3224 partis
469 3153 530 3206 est:
545 3144 705 3225 Quomodo
716 3167 777 3208 ore
827 3155 934 3228 potest,
950 3165 1051 3226 quum,
1071 3158 1148 3209 teste
1156 3144 1312 3226 Apostolo‚
1328 3143 1452 3207 eredere
1465 3163 1524 3203 non

83 3227 147 3290 duit
161 3230 196 3291 in
211 3248 294 3301 eun,
314 3229 353 3290 de
376 3251 438 3311 qno
457 3252 518 3292 non
537 3231 721 3294 audierunt?
743 3254 780 3294 so
829 3235 945 3314 possint
969 3234 1122 3309 homines,
1147 3236 1206 3295 uisi
1228 3232 1454 3312 praedicentem
1480 3249 1524 3303 es,

83 3314 211 3389 sidisst,
234 3316 267 3377 id
281 3316 349 3377 lieri
364 3338 424 3378 non
439 3339 547 3399 posse;
571 3318 679 3379 saltem
690 3323 780 3400 juxta
829 3340 907 3403 quae
923 3321 1074 3382 eredends
1089 3330 1167 3394 sunt,
1191 3319 1369 3380 audiverint

82 3402 201 3463 nodum
230 3402 418 3465 ordinarium
456 3405 662 3486 acquirendae
697 3407 778 3469 fidei.
870 3408 953 3468 Hine
977 3408 1105 3487 August.
1131 3408 1183 3468 lib.
1211 3407 1250 3467 de
1278 3408 1469 3486 correptione
1494 3411 1525 3463 et

83 3489 488 3567 iisnDeussisoonetituit,
503 3490 618 3553 utfidei
632 3496 778 3574 mysteria
829 3496 926 3574 grstia
947 3514 1012 3575 esp.
1038 3497 1083 3555 ⁷.:
1106 3498 1317 3575 Quicumque,
1342 3494 1458 3573 inquit,
1485 3489 1525 3551 ub

83 3574 231 3638 dissum
245 3577 385 3639 hemines
407 3580 447 3639 sb
468 3578 637 3640 hominibus
656 3602 711 3662 per
724 3602 777 3642 su·
828 3582 887 3641 illo
903 3584 1057 3658 osipinuls'
1072 3584 1281 3643 damnatione
1301 3580 1434 3641 divinus
1448 3594 1524 3655 psa·

84 3660 171 3723 ditum
194 3664 394 3744 oorporslem.
417 3663 507 3727 Unde
527 3666 653 3727 Sunium
674 3689 694 3729 ι
714 3670 777 3729 Do·
829 3671 893 3728 tius
909 3668 1060 3744 lumitate
1075 3671 1202 3730 disereti
1216 3674 1301 3743 ssssst,
1318 3685 1387 3728 uon
1402 3674 1448 3727 ιιι
1461 3664 1524 3724 dss-

84 3751 156 3810 uino
178 3748 220 3811 sd
235 3751 395 3825 Ananiam,
418 3761 449 3812 et
464 3751 638 3814 Cornelium
662 3757 700 3816 sb
715 3756 776 3816 An·
829 3756 927 3831 Mum,
950 3757 1036 3832 quod
1059 3766 1089 3817 st
1107 3762 1306 3835 procuratus·
1329 3757 1373 3815 eis
1386 3754 1525 3814 audisn-

84 3834 145 3913 gslo
158 3836 202 3898 sd
216 3836 344 3898 Petrum
364 3838 473 3899 missos
494 3840 633 3920 legimus,
655 3842 695 3902 de
707 3843 777 3903 {idei
829 3843 907 3902 dum
922 3844 1148 3919 Euenosls'um.
1171 3840 1262 3904 Unde
1273 3839 1479 3920 etGregorius
1494 3838 1526 3899 in

84 3924 231 4002 mysteriis
253 3923 452 3998 instruendos,
474 3925 542 3986 Aet
565 3931 594 3988 9.
610 3936 642 3987 et
659 3930 716 4003 10„
738 3949 777 3989 ne
826 3928 1264 4010 hom.17.superEyangelis‚
1280 3928 1524 4007 allsgorioetrso·

84 4007 166 4071 issils
192 4012 436 4091 suspicaremur,
462 4012 635 4095 quempism
659 4016 778 4096 absque
827 4015 1145 4078 tansilludLue.10.:
1167 4016 1526 4079 Misitiltosioomnsm

85 4093 228 4158 henim
250 4098 418 4160 ministesio
443 4118 498 4179 per
524 4100 618 4160 solam
644 4101 777 4162 divinam
828 4104 942 4176 losssm,
965 4121 1028 4179 quo
1048 4111 1118 4165 eset
1138 4106 1206 4179 ipss
1228 4109 1400 4162 venturus:
1422 4101 1525 4160 Pras·

85 4182 129 4242 sel
139 4183 314 4265 angelium
328 4186 542 4247 revelationem
559 4186 680 4249 edoceri
695 4189 776 4249 viam
813 4190 984 4257 ,ditatores
992 4206 1074 4268 suos,
1087 4191 1194 4270 inquit,
1203 4191 1363 4249 Dominus
1371 4190 1523 4264 sequitur,

86 4269 195 4331 salutis.
828 4279 905 4355 quia
917 4277 1120 4352 praedicatio
1142 4278 1321 4354 psueoem't,
1347 4283 1376 4335 st
1391 4281 1468 4334 ιιιιιι
1481 4273 1525 4333 od

120 4354 282 4418 (lastmm
298 4357 353 4416 sub
370 4356 476 4418 suditu
491 4359 592 4432 lectio,
614 4380 694 4440 qnae
708 4361 777 4421 visu
827 4366 943 4425 mentis
967 4372 1098 4425 nostras
1123 4362 1342 4423 nummulum
1366 4362 1526 4422 Dominus

87 4439 416 4524 itrnmprehenditur.
439 4445 523 4506 Siout
545 4449 624 4508 enim
645 4467 702 4527 per
723 4468 776 4507 su·
829 4454 926 4525 venit,
939 4450 1176 4527 qssossdovesbu
1187 4451 1419 4510 exhortationis
1425 4464 1527 4525 psus·

88 4524 172 4590 ditum
196 4529 333 4611 plutini,
356 4532 401 4591 its
427 4551 481 4610 per
508 4532 667 4594 lectionem
692 4534 777 4595 multi
828 4543 974 4611 cessrunt,
991 4545 1086 4614 utque
1099 4538 1359 4615 persorventes
1369 4539 1406 4596 iss
1420 4541 1526 4595 menso

88 4614 278 4677 cediderunt
313 4615 394 4677 Num
421 4618 460 4677 sd
487 4619 545 4680 boc
572 4621 683 4700 seripts
707 4631 777 4683 sunt
826 4626 1005 4700 suscipitur.
1028 4626 1116 4686 Ηιιι
1136 4623 1198 4696 ille,
1220 4622 1394 4703 significans
1409 4622 1524 4702 utique,

87 4696 260 4787 Evangelia,
289 4708 325 4764 nt
353 4703 493 4788 legentes
522 4706 655 4770 eredunt
688 4709 777 4771 Haeo
825 4710 1006 4787 Dominum,
1032 4712 1142 4798 quibus
1168 4707 1303 4775 desuevit
1327 4709 1417 4777 oden
1443 4704 1533 4788 den„
