3254 5190
90 328 162 401 103
586 322 821 380 committitis
838 322 869 378 m
888 323 954 380 ctP.
972 324 1032 379 vlit.

34 550 35 554 ,
88 502 201 564 scilicet
216 500 366 562 debitores
378 494 490 574 sumus,
506 508 540 560 ut
550 500 710 561 secundnm
723 503 781 582 spi·
831 501 952 577 babuit,
975 501 1028 561 sed
1051 503 1155 561 nutrit
1177 507 1208 560 et
1226 500 1317 578 fovet
1337 518 1416 559 eoin.
1440 496 1531 577 Quod

88 591 178 649 ritum
213 587 359 648 vivamus.
397 585 516 648 Deinde
549 587 784 649 cohortationem
832 588 927 649 obiter
941 596 1013 649 nota
1028 595 1152 669 propter
1165 586 1335 660 nonnullos,
1359 586 1411 667 qui
1425 586 1531 644 immo·

89 668 702 754 susmconfirmatantithetis,hincpoena,
714 675 785 736 inde
833 673 956 734 deratas
987 676 1153 754 suscipiunt
1183 674 1315 754 corporis
1345 670 1531 744 afflictiones,

88 762 220 845 praemio
235 759 399 843 proposito,
421 758 491 821 dum
507 761 567 820 sit:
833 780 887 841 per
912 781 987 842 quas
1014 759 1125 820 deinde
1151 758 1318 820 redduntur
1342 757 1466 820 inutiles
1493 757 1531 817 sd

135 847 183 907 tt.
206 847 241 908 st
256 849 341 906 enim
355 848 529 907 secundum
551 866 681 907 carnem
696 850 785 908 vise·
835 848 929 908 officia
943 847 1066 927 pietatis
1082 845 1258 907 exercenda.

89 937 169 1009 ritis,
181 935 371 993 moriemini.
388 932 538 993 Videlicet
548 944 643 995 morte
654 941 786 1010 aeterna,
880 935 929 993 tt.
967 936 1163 1013 Quicumque
1200 934 1283 993 evim
1320 936 1437 1010 spiritu
1472 933 1533 992 Dei

90 1035 282 1103 nequaquam
303 1019 396 1080 futuri
421 1021 585 1100 participes
607 1020 719 1080 beatae
742 1040 786 1081 re·
837 1027 990 1096 apustius,
1007 1023 1031 1078 s'i
1046 1028 1120 1080 svnt
1135 1021 1194 1097 {ilii
1210 1021 1279 1080 Dei.
1303 1020 1430 1081 Sensus:
1452 1018 1531 1078 liam

92 1098 297 1177 surrectionis,
321 1124 357 1166 eo
381 1105 462 1186 quod
484 1105 629 1187 Spiritum
651 1116 788 1167 sanctum
836 1108 1022 1188 quicumque,
1035 1104 1100 1187 'per
1122 1106 1300 1187 baptismum
1321 1106 1425 1176 renati,
1450 1104 1531 1165 dein·

92 1215 152 1254 non
167 1193 332 1253 habueritis
353 1193 383 1252 in
398 1192 485 1254 vobis
499 1192 691 1253 habitantem.
716 1195 787 1254 Mo·
837 1212 907 1274 ceps
934 1194 1040 1272 spiritu
1067 1194 1127 1253 Dei
1151 1200 1290 1272 aguntur,
1316 1190 1532 1252 mortificantes

92 1281 232 1354 rimini,
260 1276 385 1350 Graece,
410 1269 542 1356 μέλλετε
572 1271 787 1358 ἀποθνήσκειν,
837 1297 929 1360 opera
944 1280 1049 1352 carnis,
1065 1286 1095 1339 et
1107 1286 1282 1339 exercentes
1293 1298 1385 1360 opera
1400 1280 1532 1357 spiritns,

91 1366 242 1445 futumm
266 1372 310 1424 eat
318 1409 327 1439 ,
355 1371 391 1423 ut
416 1368 613 1441 moriamini,
637 1365 788 1446 quomodo
838 1367 859 1426 ii
874 1374 946 1425 sunt
959 1365 1012 1426 filii
1026 1365 1086 1425 Dei
1102 1385 1156 1446 per
1171 1364 1372 1445 adoptionem,
1388 1362 1501 1446 quibus
1517 1384 1533 1422 a

93 1452 168 1532 legit
180 1449 389 1513 Tertullianus
406 1449 436 1509 in
452 1451 502 1511 lib.
523 1449 560 1510 dc
574 1455 790 1513 resurrectione
838 1453 906 1512 Deo
922 1453 1068 1532 promissa
1083 1461 1175 1532 atque
1198 1460 1306 1532 parata
1321 1456 1368 1511 est
1382 1448 1534 1512 heredites

96 1539 201 1599 carnis.
217 1538 318 1597 Minus
329 1543 420 1609 recte,
431 1540 590 1615 incipietis
600 1541 694 1615 mori,
710 1537 790 1619 quod
839 1539 922 1597 vitae
937 1547 1088 1599 aeternae.
1112 1537 1224 1598 Probat
1239 1540 1327 1605 enim,
1352 1535 1434 1618 quod
1451 1536 1533 1605 dixit,

98 1644 136 1686 ex
153 1625 214 1684 alia
235 1624 375 1684 versione
397 1623 471 1703 legit
492 1623 664 1704 Cyprianus
687 1627 717 1685 in
737 1623 790 1685 lib.
840 1627 959 1685 vivetis.
982 1625 1124 1703 Aguntur
1135 1625 1253 1707 quidem
1271 1626 1360 1684 ctiam
1368 1620 1441 1684 honi
1457 1630 1533 1684 cate·

98 1710 136 1772 de
151 1708 215 1770 telo
231 1717 261 1771 et
274 1709 379 1770 livore.
841 1707 979 1771 chumeni
1000 1712 1108 1791 spiritu
1131 1712 1207 1785 Dei,
1231 1731 1287 1771 nec
1311 1718 1410 1771 tamen
1437 1708 1534 1770 adhuc

141 1796 176 1859 Si
190 1805 295 1857 cotem
317 1800 432 1873 spiritu
452 1796 541 1874 sacto
557 1801 665 1858 comis
680 1801 793 1858 morti·
840 1796 894 1857 filii
910 1798 969 1857 Dei
994 1805 1072 1870 sunt,
1093 1800 1164 1871 quis
1182 1796 1312 1858 nondum
1331 1798 1438 1858 renati.
1461 1796 1534 1877 Sup-

99 1884 278 1962 iicoveritis,
302 1886 420 1943 vivetis.
451 1886 586 1960 Spiritu,
613 1884 716 1958 idest,
739 1906 793 1964 per
841 1885 927 1964 ponit
942 1891 1041 1943 autem
1059 1882 1222 1964 Apostolus
1238 1904 1298 1957 eos,
1318 1882 1358 1943 ad
1373 1902 1448 1967 quoa
1464 1884 1533 1944 seri·

99 1971 243 2051 Spiritum
258 1979 403 2042 sanctum,
426 1968 540 2050 dequo
557 1973 655 2031 statim
672 1971 792 2050 subjun·
841 1970 892 2044 bit,
910 1989 978 2031 esse
992 1978 1112 2030 renatos
1126 1986 1183 2050 per
1197 1971 1383 2051 baptismum.
1408 1968 1472 2031 Sed
1486 1967 1533 2029 do·

98 2058 160 2138 git:
191 2060 386 2137 (iniciamque
411 2059 529 2132 spiritu
554 2058 616 2118 Dei
642 2066 792 2135 aponius.
842 2066 899 2130 cet,
923 2057 955 2116 id
978 2076 1038 2116 non
1061 2057 1134 2116 satis
1159 2075 1234 2128 esse,
1256 2067 1289 2117 nt
1310 2059 1370 2116 sint
1391 2057 1446 2118 lilii
1468 2057 1534 2126 Dei,

99 2143 176 2204 Inde
190 2145 268 2203 enim
283 2143 360 2204 bene
382 2142 489 2224 probat
505 2143 688 2223 Augustinus
703 2145 793 2225 Spiri-
842 2145 900 2205 nisi
916 2142 1056 2223 deinceps
1071 2145 1160 2203 ctiam
1179 2152 1307 2223 agantur
1322 2145 1431 2224 spiritu
1445 2142 1514 2203 Dei.

99 2238 162 2290 tum
177 2237 314 2290 sanctum
324 2229 376 2289 hic
386 2229 523 2310 intelligi,
538 2251 599 2290 non
610 2239 720 2304 autem,
736 2232 793 2311 spi·
885 2231 978 2289 Porro
993 2228 1119 2288 verbum
1135 2237 1278 2306 opacius·
1291 2248 1393 2311 neque
1409 2230 1534 2291 coactio

100 2318 187 2378 ritum
209 2316 352 2386 hominis,
374 2336 460 2377 serm.
478 2321 527 2379 43.
545 2314 583 2376 de
604 2315 687 2377 verb.
706 2318 793 2378 Dom.
841 2336 911 2377 nem
925 2315 1088 2376 voluntatis
1107 2316 1264 2395 significat,
1286 2335 1396 2396 neque,
1419 2325 1453 2377 ut
1466 2315 1534 2376 hae·

100 2424 165 2484 cap.
183 2405 210 2462 7.
234 2405 335 2465 Facto
351 2406 468 2479 cornis,
485 2401 615 2476 Graece,
637 2397 697 2473 τὰς
712 2396 793 2482 πρά·
842 2404 929 2464 retici
951 2403 1068 2474 volunt,
1091 2404 1312 2476 necessitatem,
1335 2402 1390 2462 sed
1411 2402 1534 2464 inclina-

100 2485 164 2558 tas<
177 2489 230 2548 τοῦ
247 2482 401 2567 σώματος,
418 2491 553 2550 actiones
568 2491 708 2569 corporis.
732 2491 793 2550 An·
842 2491 951 2551 tionem
967 2490 1130 2569 passivam,
1154 2508 1213 2569 qua
1235 2491 1371 2549 nimirum
1395 2489 1535 2549 voluntas

101 2577 165 2638 nuit
181 2584 213 2636 et
225 2575 323 2656 syros
337 2577 495 2656 interpres.
519 2572 580 2636 Sed
596 2594 702 2637 sensus
715 2575 794 2636 idern
842 2577 1000 2637 efficaciter
1022 2577 1122 2655 agitur
1142 2583 1173 2637 ct
1194 2575 1372 2650 inclinatur,
1395 2595 1476 2657 quae
1496 2583 1534 2634 ts*

97 2671 157 2723 est
180 2662 257 2722 Nam
272 2662 406 2722 actiones
421 2663 552 2744 corporis
566 2663 617 2722 hic
631 2658 712 2735 dicit,
735 2684 795 2724 non
841 2683 910 2724 men
932 2682 991 2722 non
1007 2661 1151 2722 excludat
1171 2661 1340 2722 libertatem
1362 2663 1536 2731 voluntatis,

102 2767 205 2810 omncs
222 2766 280 2821 eas,
302 2766 381 2831 quae
402 2768 457 2829 per
480 2766 588 2830 corpus
609 2756 795 2824 exercentur,
843 2769 903 2831 que
914 2750 1001 2809 homo
1015 2750 1102 2808 etiam
1114 2751 1179 2829 ipse
1191 2758 1269 2829 agat,
1281 2755 1365 2822 etut
1376 2750 1421 2809 ita
1432 2749 1536 2818 dicem,

101 2853 193 2917 quum
217 2853 307 2914 snpra
329 2854 394 2916 cap.
419 2839 447 2898 6.
468 2836 656 2918 praeceperit
678 2835 794 2897 dicens:
842 2857 876 2896 se
898 2838 995 2915 ipsum
1019 2844 1099 2914 agat,
1121 2843 1152 2894 et
1175 2835 1295 2915 quidem
1315 2835 1420 2909 libere,
1441 2834 1480 2897 sd
1504 2853 1536 2895 ea

102 2920 254 2998 Evbih'ete
271 2922 415 2982 membra
435 2931 542 2985 cestra
564 2924 682 2983 servire
700 2927 795 2998 issati-
843 2943 942 3003 opera,
965 2921 1003 2980 ad
1019 2940 1098 3001 quse
1112 2923 1210 3001 agitur
1225 2929 1255 2981 ct
1269 2921 1464 2983 inclinatura
1479 2921 1535 3002 spi·

102 3011 166 3069 tiae
186 3012 223 3069 in
245 3008 539 3085 mortificationem,
562 3008 616 3070 sed
631 3028 708 3089 quas
723 3009 796 3070 aiibi
843 3010 902 3069 ritu
918 3009 987 3081 Dei,
1001 3008 1148 3068 videlicet
1162 3010 1228 3088 ipso
1245 3007 1349 3069 eodem
1366 3011 1483 3090 spiritu,
1497 3016 1535 3068 to

102 3103 220 3157 vocato
242 3114 293 3156 ers
305 3096 412 3168 carnis,
424 3103 459 3155 ut
470 3094 538 3158 Gal.
552 3098 581 3159 b.
596 3094 715 3176 Quibus
726 3099 797 3157 item
844 3105 907 3156 turn
929 3095 986 3155 hoc
1007 3103 1040 3154 ut
1062 3103 1142 3174 agat,
1162 3102 1278 3175 agente.
1301 3094 1394 3156 Unde
1409 3090 1535 3179 ¹August

104 3116 286 3262 responvlent
300 3180 451 3242 desideria
467 3202 519 3243 seu
536 3184 797 3263 concupiscentiae
844 3202 929 3243 senn.
948 3186 995 3243 13.
1013 3179 1050 3241 de
1065 3183 1167 3243 verbis
1180 3180 1319 3261 Apostoli
1330 3200 1397 3262 cap.
1415 3187 1473 3255 11,
1487 3182 1535 3242 ial-

101 3269 242 3350 corporis,
264 3268 295 3329 id
311 3276 364 3341 ast,
387 3273 494 3344 carnis,
513 3291 605 3350 supra
620 3290 684 3350 cap.
702 3273 730 3333 6.
845 3289 909 3329 sum
920 3269 1009 3347 hujus
1023 3268 1078 3327 loci
1091 3267 1274 3328 intellectum
1284 3280 1462 3330 removens:
1479 3271 1535 3330 Di·

115 3383 121 3399 ·
143 3358 237 3417 Porro
257 3357 353 3418 carnis
375 3376 467 3438 opera
487 3377 541 3437 per
556 3359 698 3438 Spiritum
713 3378 796 3418 sanc·
845 3359 886 3416 cit
901 3357 978 3414 mihi
993 3357 1118 3431 aliquis,
1143 3355 1249 3435 inquit,
1271 3372 1345 3432 erpo
1368 3359 1498 3432 avimus·
1511 3362 1536 3414 et

101 3452 162 3504 tum
178 3444 396 3517 mortificamus,
419 3443 549 3524 qnando,
572 3445 638 3525 ipso
660 3445 691 3503 in
711 3444 797 3504 nobis
844 3460 912 3503 non
935 3445 1065 3518 aqimus.
1099 3442 1304 3519 Respondeo:
1327 3444 1398 3502 Imo
1421 3450 1451 3503 et
1473 3445 1537 3519 opit

101 3540 131 3591 et
156 3530 311 3590 nobiscum
334 3539 489 3611 operante,
515 3532 617 3612 pravis
640 3529 797 3591 desideriis
846 3537 875 3588 et
889 3531 1011 3604 opes-im
1035 3536 1065 3588 et
1084 3535 1160 3588 trino
1184 3529 1259 3588 hene
1274 3531 1353 3605 uvis,
1377 3531 1405 3588 si
1421 3548 1442 3589 α
1458 3529 1536 3591 hono

101 3616 140 3677 ad
156 3615 303 3696 ejusmodi
325 3637 417 3698 opera
439 3618 632 3678 incitantibus
655 3639 716 3678 non
731 3639 797 3678 con·
845 3617 962 3692 aperis.
985 3617 1126 3692 Spiritus
1148 3619 1233 3676 enim
1248 3616 1321 3690 Dei,
1347 3620 1403 3693 qvi
1417 3622 1447 3676 te
1462 3616 1536 3694 opii,

100 3704 251 3777 sentimus,
267 3701 319 3763 sed
334 3705 508 3765 resistimus.
533 3700 581 3764 Sic
596 3704 673 3763 enim
688 3705 719 3764 in
735 3705 798 3763 suis
845 3703 1009 3778 apsntibus
1039 3702 1169 3775 adjvtor
1195 3709 1246 3761 est.
1281 3701 1392 3779 lptum
1422 3716 1538 3763 comest

100 3790 192 3850 initiis
204 3797 295 3870 atque
309 3791 340 3849 in
348 3792 442 3870 primo
454 3792 587 3870 germine
599 3791 696 3850 carnis
705 3810 798 3871 opera
845 3791 1003 3863 adjutoris
1014 3789 1202 3864 praescrihit
1214 3789 1281 3864 tihi,
1296 3790 1373 3867 qvia
1386 3794 1417 3848 tt
1427 3792 1464 3849 tis
1474 3793 1538 3869 ipse

100 3877 185 3937 velut
200 3875 351 3937 eliduntur
367 3897 402 3936 sc
415 3885 573 3937 necantur.
602 3878 720 3937 Vivetis
734 3878 797 3936 vita
846 3877 972 3952 aliquid
986 3876 1063 3951 opis.
1085 3874 1224 3936 Etmox:
1241 3876 1339 3935 Nemo
1349 3874 1537 3950 adivvante,

101 3970 233 4037 aeterna,
251 3982 312 4023 non
328 3963 425 4024 solnm
441 3965 613 4036 animarum,
636 3962 796 4024 sedetiam
844 3967 870 4024 ai
888 3963 929 4022 oh
951 3964 1008 4022 iilo
1031 3961 1112 4021 nibil
1134 3969 1259 4037 sputus.
1283 3960 1370 4020 Idem
1385 3978 1474 4022 serm.
1491 3960 1538 4022 48.

101 4068 265 4130 corporum,
288 4048 433 4132 adquam
454 4051 553 4123 vitam,
575 4062 697 4130 propter
712 4050 794 4110 inhs-
845 4047 883 4110 de
906 4049 1004 4111 verbis
1024 4049 1155 4118 Domini,
1176 4068 1239 4128 cap.
1255 4049 1302 4106 t:
1324 4048 1414 4125 Acis,
1432 4048 1538 4133 inquit,

99 4136 245 4198 bitantem
267 4137 402 4217 spiritum
429 4157 516 4197 suum
540 4139 570 4196 in
592 4137 688 4208 vobis,
711 4137 796 4197 Dens
844 4139 1008 4213 εἰαρανίες
1031 4135 1236 4210 etheneacti,
1252 4135 1311 4193 :sta
1324 4133 1408 4196 boisc
1421 4138 1537 4212 speria

100 4223 139 4283 ad
156 4222 325 4303 exemplum
340 4224 395 4284 filii
411 4225 458 4284 sni
474 4242 528 4282 voa
542 4222 754 4284 resuscitabit·
844 4225 931 4284 Haec
946 4222 1005 4282 ille.
1029 4220 1187 4281 Caeterum
1204 4221 1342 4300 adjuvari
1357 4240 1414 4283 nos
1431 4223 1538 4304 spirito

145 4309 294 4370 Admonet
304 4309 479 4390 Theophyl.
493 4309 721 4383 observandum,
737 4330 796 4370 non
843 4309 902 4370 Dei
913 4307 1539 4387 docetApostoluslrrirshoccap.vers'.26.

99 4410 221 4456 monere
234 4392 371 4471 Paulum,
397 4404 430 4456 ut
444 4416 552 4477 corpus
574 4397 795 4469 mortificemus,
891 4397 936 4454 15.
961 4397 1033 4455 Noc
1046 4397 1130 4454 enim
1143 4396 1303 4470 accepistis
1313 4397 1466 4470 spiritum
1476 4414 1540 4456 sesb

99 4483 130 4544 id
143 4484 224 4543 enirn
238 4480 430 4544 homicidium
449 4483 537 4557 ioret,
559 4481 613 4542 sed
628 4502 720 4562 opera
734 4501 796 4542 cor
844 4484 953 4543 vitatis
963 4485 1079 4542 itemm
1093 4484 1128 4540 in
1144 4484 1265 4540 timore.
1287 4477 1438 4554 Ostendit,
1453 4501 1538 4542 rena·

99 4571 196 4650 poris,
220 4588 315 4650 eaque
338 4589 439 4650 prava.
462 4571 539 4630 Nam
563 4569 644 4650 quod
666 4568 705 4628 ad
729 4568 795 4628 sub·
844 4580 891 4630 tos
915 4589 968 4648 per
982 4566 1136 4628 Christum
1159 4566 1323 4627 esse'tilios
1335 4567 1406 4639 Dei,
1429 4576 1461 4628 at
1475 4588 1539 4648 pro·

100 4656 240 4716 cannam
256 4659 389 4734 corporis
405 4657 518 4731 attinet,
537 4655 616 4716 idem
631 4655 796 4736 Apostolus
843 4655 912 4716 inde
930 4651 1029 4736 (quod
1041 4663 1148 4733 postes
1159 4649 1286 4733 colligit)
1298 4653 1447 4715 hamatis!
1455 4656 1541 4715 vit'se

99 4741 218 4825 upnc.
232 4743 277 4805 sic
291 4742 349 4802 ait:
364 4743 464 4806 Nemo
475 4760 606 4806 comem
616 4758 706 4804 mom
723 4742 796 4802 odio
843 4749 994 4805 aeternae.
1015 4739 1061 4814 Id,
1073 4743 1205 4822 inquam,
1216 4738 1347 4802 esmndit
1357 4758 1398 4802 ax
1408 4759 1454 4814 eo,
1465 4741 1541 4823 quis
