3254 5190
473 278 691 351 merosum
709 295 861 351 aoumos.
886 297 1029 406 marcq
1047 298 1089 351 rr.
1428 309 1496 374 let

54 475 141 550 igitur
156 480 190 531 et
205 472 299 532 Pater
314 492 369 552 pro
384 469 471 532 nobis
487 471 639 551 postulat3
663 472 755 550 siqui·
802 473 942 532 nimirum
964 493 1018 532 nos
1041 471 1356 552 inhabitausSpiritus
1379 483 1499 536 sanctus

54 559 115 616 dem
138 567 171 617 et
194 557 424 638 illepostulare
449 579 502 618 nos
524 557 604 630 facit,
627 577 694 617 cum
719 576 755 617 ea
801 559 932 636 gemitus
947 558 1162 620 inenarrabiles
1175 558 1303 619 innubis
1319 561 1439 620 excitat.
1457 562 1501 621 Et

55 646 186 724 opoeatio
208 645 249 703 sit
271 647 326 704 toti
351 644 495 706 Trinitati
517 646 689 704 eommunis,
713 643 755 703 At
801 644 873 723 quid
888 646 1003 717 mirum,
1020 647 1045 704 si
1058 664 1136 704 nunc
1148 645 1271 724 Spiritui
1287 657 1391 706 sancto
1406 649 1498 727 gemi-

55 744 81 790 at
95 729 219 791 dicatur
229 730 325 792 Pater
338 749 393 810 pro
409 730 492 790 nobis
507 731 668 810 postulare,
684 732 754 809 piae
802 739 862 789 tum
878 729 1020 791 adscribit
1039 730 1202 809 Apostolus
1225 731 1276 792 vel
1299 731 1499 814 authropopa·

53 837 136 877 aures
151 836 217 877 non
232 818 390 878 sustinent
801 815 891 887 tlrice,
915 817 963 876 vel
987 819 1202 894 metonymice,
1226 837 1292 877 cum
1314 819 1404 896 paulu
1428 828 1499 882 anta

89 902 295 982 Respondeo:
319 904 414 964 Sicuti
436 902 529 962 Pater
555 924 615 962 nou
642 903 754 962 dicitur
800 903 855 961 toti
871 913 1026 964 creaturae
1041 904 1183 981 gemitum
1196 903 1390 982 adscripserit
1405 916 1497 966 meta·

53 992 123 1049 mitti
138 986 229 1063 (licet
244 1010 283 1049 ea
297 990 440 1069 operatio,
463 989 500 1048 ad
516 1008 607 1066 quam
623 1008 752 1067 persona
799 988 840 1068 ph
853 988 947 1048 uice?

53 1077 151 1154 rliqua
163 1075 275 1137 divina
286 1077 423 1146 mittitur,
438 1085 481 1147 ut,
498 1075 628 1155 exempli
643 1077 751 1154 gratia,
841 1075 989 1135 Dicuntur
1005 1085 1106 1135 autem
1129 1077 1256 1153 gemitus
1272 1077 1496 1150 inenarrabiles,

52 1163 248 1224 sanctificatio
261 1163 399 1234 hominia,
411 1162 511 1222 sittoti
521 1161 749 1221 Trinitaticom·
799 1163 864 1221 sive
882 1161 1056 1233 ineffabiles,
1079 1162 1127 1220 vel
1143 1161 1214 1240 quia
1228 1160 1395 1240 procedunt
1410 1184 1428 1223 a
1444 1163 1494 1224 de·

52 1245 163 1325 nuum),
180 1256 345 1329 propterea
356 1247 439 1329 quod
452 1266 574 1308 necesse
589 1248 634 1320 sit,
649 1268 750 1327 perso·
798 1247 907 1308 siderio
923 1251 967 1308 rei
983 1247 1151 1318 ineffabilis,
1167 1247 1197 1306 id
1210 1255 1263 1319 est,
1279 1249 1418 1308 coelestis
1430 1250 1494 1330 glo·

52 1356 120 1407 nm,
139 1356 226 1416 quae
241 1336 377 1407 mittitur,
396 1336 562 1395 amittente
577 1332 750 1413 procedere,
797 1335 868 1405 riae,
892 1334 942 1394 vel
965 1335 1104 1413 quoniam
1130 1335 1186 1411 ipsi
1207 1342 1304 1392 motus
1331 1335 1435 1408 cordis,
1461 1346 1492 1400 ut

52 1436 77 1481 ut
90 1443 109 1482 a
125 1441 192 1503 qua
209 1440 280 1482 cum
299 1423 473 1499 operatione
495 1421 581 1480 simul
596 1421 751 1499 accipitet
797 1421 1027 1499 proficiscuntur
1038 1441 1057 1478 a
1067 1419 1178 1499 Spiritu
1190 1428 1302 1492 sancto,
1319 1423 1392 1481 satis
1408 1440 1493 1482 enar·

52 1519 197 1579 uturum,
223 1511 266 1568 ita
288 1507 326 1568 de
349 1508 405 1567 hac
427 1507 627 1587 postulatione
650 1506 749 1566 dicen·
797 1508 858 1568 rari
873 1529 933 1567 non
948 1515 1070 1587 possunt
1085 1501 1175 1587 (quae
1187 1505 1264 1566 duae
1280 1509 1408 1569 rationes
1423 1517 1494 1569 suut

52 1595 130 1670 lum3
150 1614 236 1676 qaae
251 1596 391 1673 quamvis
407 1593 552 1673 significet
566 1594 702 1654 ellectum
719 1596 751 1654 in
797 1591 878 1673 apud
904 1588 1114 1674 Aquinatem),
1140 1592 1192 1653 vel
1217 1593 1381 1653 secundnm
1407 1595 1491 1667 alios,

52 1682 234 1755 buinibus.
252 1699 344 1760 quem
371 1681 460 1741 etiam
479 1680 581 1752 Pater,
607 1682 666 1740 imo
688 1689 750 1740 tota
797 1680 1005 1761 quiapropter
1023 1678 1120 1740 cordis
1144 1680 1237 1739 nostri
1258 1681 1397 1741 tenebras
1420 1683 1492 1761 ipsis

53 1768 183 1829 'lbinitas
198 1776 351 1849 operatur,
373 1787 433 1826 non
454 1775 553 1826 tammr
575 1775 637 1826 tota
651 1769 749 1827 Trini·
797 1766 884 1825 nobis
911 1765 1106 1828 inscrutabile
1134 1773 1180 1824 est
1206 1760 1250 1839 (et
1275 1778 1493 1847 consequenter

54 1854 266 1936 aspostulare
280 1862 364 1913 recte
380 1851 496 1920 dicitur,
512 1852 567 1913 sed
581 1872 618 1913 ea
633 1861 748 1912 tautum
797 1850 969 1929 ineffabile),
985 1854 1106 1933 quinam
1122 1853 1182 1911 siut
1193 1853 1321 1931 gemitus
1338 1861 1369 1913 et
1383 1856 1488 1914 oratio·

39 1961 186 2021 *param
203 1959 288 2021 quae
302 1941 414 2016 accipit
424 1938 463 1998 ab
475 1938 544 2010 alia,
560 1941 641 2018 quod
656 1937 749 2000 iaciat
796 1959 851 1999 nes
862 1948 983 2000 nostrae
991 1941 1059 1999 Deo
1069 1938 1200 2017 placitae
1211 1938 1249 1997 sd
1262 1939 1493 2013 exaudiendum,

55 2028 181 2089 unire·
197 2026 398 2106 postulantes.
423 2026 544 2085 Etenim
556 2036 591 2085 ut
605 2028 690 2098 mitti,
706 2028 750 2086 sic
797 2044 833 2084 ao
855 2025 980 2105 proinde
994 2045 1013 2085 a
1027 2025 1141 2104 Spiritu
1164 2032 1267 2084 sancto
1288 2025 1491 2104 procedentes.

55 2112 261 2194 apostulare,
285 2112 408 2191 respicit
428 2112 565 2183 alterum,
587 2131 682 2191 aquo
698 2112 748 2172 vel
797 2111 862 2172 Nos
884 2113 976 2185 euim,
997 2112 1075 2189 quid
1098 2129 1232 2185 oremus,
1256 2115 1337 2172 aaa
1359 2120 1492 2189 oportet,

55 2203 194 2280 eripitur
216 2197 341 2279 aliquid,
366 2198 414 2258 vel
436 2207 632 2277 exspectatur.
658 2198 749 2278 Quod
797 2203 963 2272 arsamus,
980 2207 1012 2257 ut
1026 2197 1140 2257 dictum
1155 2207 1201 2257 est
1216 2218 1314 2277 supra.
1339 2198 1426 2278 Quae
1441 2219 1493 2280 po-

57 2288 79 2346 in
92 2286 218 2347 Patrem
233 2292 403 2364 competere
421 2304 479 2343 non
495 2293 601 2363 potest.
796 2293 907 2346 eusma
922 2286 997 2345 ratio
1013 2285 1152 2362 congruit
1174 2285 1262 2344 etiam
1286 2285 1491 2364 sequentibus.

89 2375 138 2433 An
152 2380 258 2433 summ
280 2371 370 2430 simili
392 2373 508 2431 ratione
522 2371 650 2450 Spiritus
665 2392 750 2431 sanc·
797 2371 911 2432 Dicens
934 2372 1020 2444 anim,
1043 2379 1238 2431 scrutatorem
1259 2371 1393 2430 cordium
1408 2375 1493 2445 scira,

56 2458 171 2521 rudici
187 2456 466 2538 possitadvocatus
481 2465 590 2531 noster,
603 2467 748 2537 quatenus
797 2459 867 2537 quia
892 2457 1056 2518 secundnm
1083 2456 1180 2517 Deum
1210 2457 1345 2536 postulat
1370 2459 1494 2537 spiritus

56 2545 163 2607 aliast
191 2543 378 2607 iniundeudo
402 2543 541 2603 cordibus
564 2545 672 2604 nostris
695 2564 749 2604 sua
796 2543 1494 2623 proseuctis,utiquesigniticatetnobiscorda

55 2630 134 2706 lona,
154 2632 245 2692 Patri
268 2640 410 2710 tanquam
432 2631 539 2711 priori,
560 2652 579 2689 a
601 2650 659 2710 quo
684 2650 751 2691 esse
797 2642 901 2692 nostra
916 2651 984 2691 esse
1000 2630 1212 2702 inscratabilia,
1228 2630 1341 2691 etideo
1357 2650 1412 2690 nos
1426 2651 1493 2693 nes·

56 2720 164 2798 accipit,
188 2728 294 2797 gratos
314 2736 369 2777 uos
390 2718 490 2789 efficit,
514 2719 620 2796 quaeri
641 2726 749 2794 potest.
798 2720 865 2793 cire,
878 2738 948 2778 num
956 2726 1141 2798 etquatenus
1148 2718 1365 2797 postulationes
1374 2729 1494 2780 nostrae

56 2802 97 2863 lta
110 2803 240 2886 quidem
263 2805 397 2864 sentiunt
411 2807 536 2882 August
552 2812 637 2863 tract
654 2804 702 2865 74.
720 2805 749 2863 in
797 2807 858 2866 sint
872 2803 1038 2864 secundum
1052 2804 1151 2863 Deum
1176 2813 1206 2863 et
1220 2823 1239 2863 a
1253 2805 1366 2883 Spiritu
1381 2814 1492 2866 sancto.

55 2889 157 2965 Josm,
184 2899 219 2950 et
241 2889 405 2969 Gregorius
430 2890 556 2950 homilia
582 2891 630 2952 30.
658 2908 751 2970 super
841 2894 893 2952 27.
917 2893 978 2970 Qui
994 2897 1100 2951 autem
1115 2898 1278 2951 scrutatur
1293 2892 1403 2966 eorda,
1425 2895 1492 2967 scit,

57 2976 203 3058 maagal.
233 2976 347 3036 Verum
375 2977 505 3036 rebeus
532 2995 666 3055 expensa
691 2998 749 3035 uon
797 2978 875 3056 quid
891 2978 1045 3038 derideret
1058 2978 1196 3053 spiritur.
1218 2975 1349 3038 Graeom
1364 2969 1444 3054 οἶδε,
1464 2973 1495 3038 τί

56 3072 179 3145 apparet
206 3063 349 3142 Spiritum
375 3072 508 3123 sanctum
537 3064 567 3122 iu
594 3063 750 3140 scripturis
797 3058 833 3122 τὸ
857 3054 998 3142 φρόνημα
1017 3063 1070 3122 τοῦ
1094 3058 1275 3142 πνεύματος,
1299 3068 1400 3139 novit,
1425 3067 1495 3144 quir

56 3147 231 3211 advocatum
254 3148 407 3229 appellari.
437 3150 514 3209 Nam
538 3148 751 3229 paracletusa
798 3155 837 3212 rr't
859 3169 967 3212 scarus
989 3152 1128 3227 spiritur.
1151 3150 1187 3210 In
1210 3152 1360 3211 nonnullis
1385 3151 1494 3212 codici·

57 3233 174 3298 Christo
189 3234 290 3296 dictus
305 3244 350 3296 est
372 3236 474 3315 potius
488 3256 507 3295 a
522 3234 601 3297 dono
617 3235 750 3297 consola·
799 3240 876 3299 bus:
906 3228 975 3296 olda
1000 3228 1037 3294 τὸ
1063 3227 1221 3314 φρόνημα,
1253 3243 1343 3298 nouit
1369 3257 1494 3299 scarum

57 3325 150 3396 tionis,
162 3341 256 3405 quam
265 3329 386 3403 propter
397 3321 751 3403 officiumpatroeinaudi.
797 3327 936 3401 spiritus.
960 3314 1099 3401 φρόνημα
1114 3323 1294 3385 vocabulum
1311 3324 1398 3396 idem,
1415 3324 1495 3405 quod

57 3408 142 3490 Quod
167 3409 263 3471 facile
284 3409 401 3489 patebit
423 3413 461 3468 e'a
482 3409 561 3483 loca,
588 3410 619 3469 iu
645 3409 751 3490 quibus
799 3430 890 3490 snpra
910 3411 1000 3472 vertit
1023 3412 1172 3489 interpres
1192 3412 1419 3487 praudentium,
1442 3431 1495 3472 aa·

57 3494 225 3576 ‚mlum
244 3493 369 3567 dicitur,
395 3505 429 3556 ut
448 3494 541 3556 Joan.
565 3500 613 3558 14.
638 3506 667 3555 et
693 3496 751 3569 15,
796 3498 1497 3577 picatium‚scasum.Augustinus‚inspistola

57 3591 195 3645 mato
210 3579 422 3642 consideranti.
799 3583 837 3645 da
853 3582 965 3645 orando
980 3584 1057 3657 Deo,
1079 3584 1168 3661 legit:
1191 3585 1274 3662 (laid
1296 3587 1428 3661 spiritur
1441 3602 1496 3644 so·

91 3668 257 3733 cautem
277 3666 376 3729 Pilius
394 3660 457 3728 Dei
478 3668 645 3729 secundnm
668 3678 750 3728 natu·
795 3675 876 3748 piot.
901 3670 1055 3751 Quamvis,
1068 3671 1166 3751 inquit
1180 3672 1352 3750 Apostolus,
1368 3672 1497 3751 Spiritus

57 3774 114 3817 ιιι
127 3762 320 3836 assumptam
334 3755 455 3836 proprie
469 3754 635 3815 advocmus
650 3763 753 3816 noster
799 3759 894 3818 sancti
911 3759 941 3818 in
956 3757 1042 3817 uobis
1056 3759 1183 3836 gemitus
1207 3759 1267 3818 sint
1287 3759 1372 3820 nobis
1396 3757 1496 3818 ineffa-

56 3850 113 3919 ως
133 3840 269 3923 ideoque
290 3843 409 3922 proprie
431 3860 485 3922 pro
509 3841 596 3901 nobis
620 3841 753 3922 postulat
799 3844 890 3916 biles,
920 3844 1003 3904 Deus
1032 3852 1148 3917 umen,
1179 3843 1312 3904 cordium
1342 3853 1497 3917 scrutator,

56 3926 276 4009 stintarpallst,
290 3929 524 3990 utidictumest.
541 3928 666 3989 Praeter
678 3927 752 3988 baec
799 3931 909 4010 optime
936 3932 1020 3991 novit
1045 3949 1180 4002 sensum,
1203 3931 1353 4003 affectum,
1380 3929 1496 3990 deside·

56 4017 224 4078 mirisa
252 4021 385 4096 oportet,
415 4016 594 4095 scripturam
620 4014 658 4075 de
683 4014 752 4076 Deo
799 4019 873 4077 rium
890 4017 1018 4097 Spiritus
1032 4018 1184 4078 suisancti
1201 4019 1349 4096 gementis
1361 4018 1391 4076 in
1404 4017 1497 4089 nobis,

56 4100 241 4183 matoqui
255 4100 530 4182 anthropopathice.
555 4101 752 4180 Quarationc
800 4106 886 4164 etita
901 4104 996 4175 novit,
1019 4114 1052 4163 ut
1073 4105 1162 4163 etiam
1184 4104 1330 4184 approbet
1354 4111 1386 4163 et
1405 4122 1496 4162 axau·

55 4185 164 4252 Paulus
178 4188 320 4250 affectum
342 4185 563 4266 quodammodo
586 4195 752 4249 maternum
800 4190 871 4250 diat.
895 4189 1042 4252 Alludcre
1058 4188 1177 4250 videtur
1198 4190 1235 4249 ad
1252 4191 1427 4270 scripturam
1443 4189 1496 4250 Je-

56 4271 101 4336 ltie
113 4274 255 4337 attribuit
269 4274 394 4355 Spiritui
412 4283 524 4349 sancto,
539 4283 683 4354 tanquam
699 4295 753 4336 nos
799 4279 911 4338 remiae
922 4282 980 4350 17,
991 4277 1041 4337 ubi
1053 4286 1211 4358 utrumque
1223 4276 1341 4346 dicitur,
1356 4277 1497 4336 inscruta-

58 4360 155 4423 'ntimo
163 4361 312 4442 diligenti,
327 4359 437 4434 dicens,
452 4380 521 4422 eum
532 4361 686 4443 postulare
699 4382 752 4442 pro
800 4363 859 4423 bile
875 4384 942 4426 esse
954 4384 1006 4423 cor
1018 4363 1176 4435 homiuum,
1193 4363 1307 4424 scilicet
1322 4363 1395 4443 ipsis
1408 4360 1498 4422 homi-

58 4446 139 4509 nobis
153 4448 322 4530 gemitibus
345 4449 603 4509 inenarrabilibus.
628 4449 705 4510 Nam
723 4459 754 4508 at
800 4450 895 4522 nibus,
908 4460 939 4511 et
950 4452 1049 4512 Deum
1067 4469 1134 4510 esse
1150 4448 1280 4510 cordium
1294 4458 1496 4510 scrutatorem.

59 4535 173 4614 spiritus
186 4537 219 4597 in
234 4535 379 4597 Hebraeo
403 4535 543 4597 toamiuci
565 4538 684 4616 generis
706 4545 752 4596 eat
844 4541 928 4616 Quia
949 4538 1122 4598 secuudum
1145 4538 1249 4597 Deum
1272 4537 1417 4614 postulat
1435 4553 1498 4634 pru

59 4630 122 4696 m't
136 4622 242 4684 rusltlr.
264 4621 355 4702 Quae
366 4630 466 4683 umen
481 4625 628 4684 'sermonis
644 4624 750 4702 impro·
799 4627 923 4685 suadis.
958 4626 1119 4699 Postulat,
1149 4621 1280 4697 Graece,
1307 4617 1497 4701 torculos,

60 4707 164 4783 prim
178 4706 363 4792 explicanda
377 4717 437 4781 est,
459 4718 493 4767 nt
506 4709 656 4786 diximus;
679 4712 751 4791 quia
799 4713 976 4788 intercedit,
1000 4710 1081 4792 qnod
1097 4711 1228 4786 interius,
1244 4710 1295 4772 nbi
1312 4710 1432 4774 Obristo
1446 4711 1497 4770 tri·
