3254 5190
453 283 614 340 nissum
633 284 673 339 AB
690 284 842 340 noussen
878 286 962 340 mn
980 288 1022 340 81.
1039 287 1081 340 ⁸2.
1429 296 1500 363 189

55 484 119 523 oves
135 474 169 523 et
192 463 304 523 datrae
326 459 440 522 Christi
462 461 625 543 eliquando
649 481 751 523 nnme-
800 483 880 523 aneo.
898 464 943 523 Ac
959 465 1081 523 iterum:
1107 465 1149 524 Et
1163 481 1256 525 acmo
1269 471 1372 540 potest
1384 481 1501 540 rapere

54 550 128 609 nti?
144 549 244 609 l'nius
255 547 313 607 huc
329 548 497 609 adscribam
509 549 589 609 besti
602 548 752 628 Fulgentii
800 551 839 609 de
854 569 955 610 manu
970 551 1080 611 Patris
1093 553 1163 610 mei
1180 550 1299 611 Dicitur
1313 570 1385 630 ergo
1401 550 1501 611 hocin

54 637 156 707 rerba,
179 655 222 696 ex
246 635 313 712 ejus
337 633 412 697 libro
435 634 473 696 de
495 634 555 697 lide
574 635 613 695 ad
628 635 751 695 Petrum
800 657 930 715 persona
946 637 1107 697 electorum
1123 656 1177 697 sen
1195 637 1500 717 praedestinatorum,
1550 640 1555 647 '

52 723 208 783 hennum
222 741 292 801 cap.
308 725 369 794 3⁶„
383 740 463 802 quse
478 723 521 780 nic
536 721 662 782 habent:
676 723 751 784 sta
800 722 838 782 de
853 723 963 805 quibus
977 723 1038 800 jum
1055 725 1175 784 locutus
1191 724 1296 783 inerat
1320 723 1457 802 Quorum
1470 723 1500 783 in

53 813 183 869 minime
199 816 284 881 usse,
297 815 327 867 et
338 809 525 870 nuliatenus
536 807 667 882 dubites,
681 826 751 869 om·
800 829 928 888 persone
943 810 1033 869 etism
1048 810 1209 891 sequentia
1223 808 1370 869 dicuntur.
1390 809 1502 889 Quate-

53 916 98 957 ια
121 914 207 973 quos
233 912 312 956 vasa
343 895 577 956 misericordiae
606 899 751 970 {statuite
800 917 856 956 nne
873 916 949 973 ergo
971 898 1101 977 quisque
1125 896 1257 957 fidelium
1276 895 1426 956 confidere
1448 916 1500 975 pn·

52 985 187 1043 tontmec
205 983 295 1042 Deos
307 981 394 1058 fecit,
407 989 483 1042 ante
494 985 751 1042 constitutionem
800 994 862 1043 test
872 1003 908 1042 sc
919 980 1018 1056 debet,
1035 1002 1068 1044 se
1079 1003 1147 1045 esse
1160 1004 1177 1043 e
1189 1001 1313 1043 numero
1325 983 1500 1053 electorum¹

53 1070 207 1130 asadttn
214 1068 424 1146 adoptionem
432 1068 573 1145 {iliorum
581 1070 643 1129 Dei
652 1087 750 1144 prae·
800 1090 835 1129 ea
850 1071 968 1128 rntione
984 1072 1162 1130 sententium
1177 1070 1254 1129 hane
1269 1090 1336 1129 cum
1353 1070 1404 1140 iis,
1420 1086 1500 1148 qnae

52 1159 224 1217 destinatos
247 1173 270 1214 c
293 1156 379 1231 Deo,·
409 1171 510 1232 mpue
534 1158 641 1230 perire
657 1173 749 1231 posse
799 1166 980 1236 sequnntur,
996 1165 1097 1234 potest
1112 1176 1149 1216 nc
1164 1155 1254 1216 debet
1269 1155 1388 1215 sibimet
1403 1153 1499 1236 appli·

51 1245 183 1321 dipsem
201 1259 315 1302 eorum
323 1287 333 1316 ,
345 1261 423 1318 quoe
435 1243 521 1301 Deus
528 1241 749 1317 praedestina·
798 1262 875 1303 care

53 1330 298 1405 ntdrcpnum
306 1328 477 1404 coelorum,
491 1345 749 1406 necquemquum
841 1331 891 1390 32.
916 1331 978 1407 Qui
992 1333 1088 1389 etiam
1101 1332 1238 1406 proprio
1260 1329 1327 1406 filio
1350 1347 1407 1389 suo
1430 1346 1498 1391 aon

53 1437 171 1492 mum,
187 1433 273 1494 quos
285 1433 354 1477 non
368 1415 628 1492 praedestinavit
639 1416 683 1475 ad
698 1419 748 1476 vi·
795 1419 947 1492 pepercit.
959 1414 1077 1476 Graeca
1087 1437 1147 1477 non
1159 1414 1275 1475 addunt
1288 1419 1392 1476 etium
1403 1415 1497 1476 Porro

54 1513 120 1579 um,
135 1503 212 1563 utto
224 1520 319 1579 posse
334 1506 463 1562 ratione
476 1502 607 1562 salvari.
625 1501 748 1562 Sicilie.
798 1501 964 1581 emphasim
981 1501 1085 1575 hebet,
1108 1501 1190 1582 qnod
1205 1503 1249 1561 ait
1260 1504 1397 1580 proprio
1416 1501 1495 1579 filio,

85 1592 135 1651 st.
152 1589 245 1670 Qrss'd
261 1606 334 1665 cepo
350 1589 490 1649 dicemus
504 1588 547 1647 od
561 1589 662 1649 hoec?
674 1589 751 1649 Post
799 1588 829 1648 id
846 1597 899 1658 eet,
914 1591 942 1649 ei
957 1588 1027 1661 filio,
1054 1608 1144 1668 quem
1159 1609 1219 1649 non
1233 1587 1328 1650 habet
1342 1608 1411 1648 cunr
1426 1587 1496 1649 eliis

53 1686 221 1739 namus
237 1677 371 1736 breviter
385 1675 541 1737 electionis
556 1684 676 1737 nocuae
695 1677 746 1737 be·
798 1695 995 1748 communem,
1009 1695 1085 1756 qnos
1100 1676 1150 1737 sel
1166 1675 1338 1755 adoptione,
1353 1675 1404 1736 vel
1420 1684 1495 1736 tem·

53 1764 155 1836 osirin
172 1762 325 1841 deinceps
340 1761 554 1823 certitudinem
566 1781 667 1823 eornm
679 1783 748 1823 con·
797 1762 893 1841 poruli
908 1760 1052 1842 quopiam
1067 1761 1242 1844 dignatione
1255 1763 1333 1824 tilios
1349 1781 1418 1822 suos
1444 1783 1496 1844 ap-

53 1851 146 1924 trost
161 1847 332 1911 ostendens
348 1867 385 1909 ea
397 1849 531 1909 imstrsri
543 1857 575 1908 et
586 1851 671 1909 irritu
682 1851 748 1911 fieri
798 1849 892 1928 pellat
907 1851 936 1909 in
952 1849 1124 1927 scripturis;
1147 1849 1202 1910 ssd
1225 1870 1318 1929 quom
1341 1851 1494 1929 proprium

53 1937 123 1997 rullo
146 1935 243 1997 modo
264 1955 362 2015 posse.
401 1934 437 1994 Id
460 1954 533 1996 vero
555 1939 617 2014 agit
638 1937 749 1997 crebris
797 1935 890 1995 habet
905 1956 941 1995 sc
952 1934 1126 2008 naturalem,
1141 1945 1172 1996 et
1183 1956 1298 2010 verum,
1314 1944 1348 1995 ut
1359 1935 1498 1997 Jusnnes

54 2024 229 2097 meronie,
239 2022 523 2102 quibusorstionem
535 2021 749 2084 intenditmiro
798 2022 929 2102 loquitur
949 2028 974 2082 l.
991 2042 1039 2100 ep.
1056 2022 1101 2082 ln:
1123 2024 1166 2084 Et
1180 2025 1278 2084 simus
1292 2026 1329 2083 in
1342 2041 1416 2083 vero
1428 2022 1498 2099 {ilio

53 2111 187 2182 rrtificio,
211 2109 304 2170 sicui
318 2109 415 2187 perito
430 2108 535 2169 lubeat
548 2111 679 2170 aninunn
696 2110 747 2170 nd·
798 2113 871 2182 ejus.
896 2109 967 2188 Qus
989 2109 1105 2169 ratione
1127 2111 1217 2170 etium
1240 2109 1393 2171 ediverso
1410 2109 1499 2171 Deus

54 2208 171 2259 utere.
184 2196 268 2257 Num
280 2194 417 2275 singulae
428 2196 676 2274 interrogationes
687 2197 748 2255 vim
798 2193 910 2256 Christi
940 2197 1062 2256 Domini
1093 2197 1229 2276 proprius
1260 2206 1344 2275 pater
1373 2205 1498 2257 vocetur

53 2284 220 2363 argumenti
236 2300 338 2342 secum
353 2280 500 2342 adierunt.
796 2282 819 2343 J
821 2301 888 2342 oso.
904 2283 950 2342 5.:
979 2283 1053 2343 Non
1066 2282 1170 2343 solum
1176 2327 1187 2357 ,
1212 2283 1263 2361 inq
1269 2284 1327 2354 nit,
1354 2282 1497 2344 solvebat

84 2371 205 2433 &mas
219 2368 312 2446 hujus
327 2370 421 2448 partis
437 2375 498 2428 est:
517 2368 593 2430 cum
609 2377 694 2429 tants
709 2371 750 2429 sit
796 2368 980 2441 sabbatum,
1018 2368 1071 2428 sed
1101 2377 1130 2428 ct
1156 2376 1283 2445 patrem
1312 2372 1497 2447 proprium,

53 2457 101 2518 Dei
116 2477 174 2537 pro
200 2456 265 2515 auis
288 2453 393 2516 electis
414 2473 502 2527 cora,
525 2462 645 2535 umque
666 2465 747 2516 certe
797 2454 912 2516 Graece
943 2446 1043 2528 ἴδιον,
1082 2455 1206 2516 dicebat
1243 2456 1356 2515 Deum.
1400 2455 1498 2536 Urget

53 2541 246 2621 providentis,
262 2548 304 2613 nt,
319 2559 526 2620 quoecumque
540 2540 745 2618 praedestina·
794 2551 953 2621 utrmque
969 2541 1066 2601 locum
1079 2541 1113 2600 B.
1127 2541 1312 2615 Ambrosius,
1328 2550 1362 2601 nt
1377 2541 1494 2616 docent,

52 2631 85 2689 rit
98 2628 139 2690 ad
154 2628 299 2710 gloriam.
316 2626 526 2701 convocando
542 2628 746 2706 etjnstillcun·
794 2631 873 2688 inter
899 2629 1018 2694 Patrem
1045 2628 1204 2689 etlilium
1228 2629 1258 2689 in
1288 2627 1401 2690 divinis
1424 2648 1494 2689 esse

52 2716 99 2791 io,
124 2713 255 2777 tundens
282 2715 402 2774 omnino
429 2712 467 2772 ad
492 2713 574 2773 illam
589 2713 746 2792 perducat,
795 2714 1093 2789 connaturalitatem
1116 2713 1154 2774 de
1175 2714 1254 2776 Pilio
1271 2713 1321 2775 lib.
1340 2720 1365 2774 l.
1383 2714 1421 2775 de
1435 2713 1496 2775 dde

52 2801 111 2882 prid
125 2800 241 2862 dicttni
257 2819 358 2860 summ
373 2801 453 2860 inter
466 2801 622 2878 psssiones
644 2808 675 2861 et
695 2800 745 2860 sd·
795 2822 860 2879 cap.
879 2803 922 2874 7.,
939 2800 977 2862 de
992 2800 1083 2861 Putre
1105 2800 1156 2861 lib.
1182 2806 1209 2862 2.
1233 2822 1298 2881 cap.
1321 2804 1350 2862 4.
1374 2801 1497 2863 Dicitur

51 2889 209 2949 imitatos
219 2888 310 2964 hujus
321 2885 433 2946 saeculi
443 2887 602 2958 constituti,
614 2887 671 2947 nisi
681 2887 746 2960 hoc,
794 2895 895 2981 potem
921 2887 1012 2947 Pater
1036 2887 1114 2948 Filio
1137 2907 1198 2949 noo
1224 2889 1409 2968 pepercisse,
1434 2908 1496 2949 non

52 2973 124 3053 qaod
145 2976 303 3055 sequitur:
335 2973 371 3033 Si
393 2974 478 3034 Deus
497 2991 559 3049 pro
582 2972 688 3046 nobis,
716 2982 748 3034 et
794 2972 874 3055 qnod
890 2972 1165 3051 ineopuniendum
1179 2973 1496 3055 sliquidesset··sb·

51 3059 186 3122 mni
202 3057 333 3139 Quidam
348 3061 392 3120 sic
407 3069 576 3137 exponunt:
592 3059 676 3136 Quid
694 3059 746 3118 di·
795 3063 848 3120 sitl
866 3091 908 3102 —
931 3059 982 3120 sed
999 3071 1151 3138 qnatenus
1166 3079 1243 3134 eum,
1269 3061 1338 3122 licet
1352 3063 1494 3123 innocuu-

50 3166 145 3209 Μ
159 3146 208 3206 od
221 3146 323 3206 hoec?
342 3144 377 3205 Id
393 3153 454 3217 est,
478 3144 624 3205 adversus
648 3144 746 3206 haec?
795 3149 957 3215 tissimum,
978 3166 1032 3223 pro
1056 3147 1142 3206 nobis
1157 3147 1187 3206 in
1202 3156 1326 3207 mortem
1341 3146 1433 3209 dedit
1457 3147 1494 3208 Id

50 3235 129 3313 quasi
152 3231 253 3294 dicat:
281 3231 373 3292 Nihil.
409 3230 501 3309 Quod
526 3232 583 3292 eni
610 3230 746 3292 Graecus
795 3236 875 3295 enim
891 3232 1038 3312 sequitur.

50 3338 139 3380 mmo
153 3338 217 3379 nun
232 3317 362 3397 refugiet
377 3314 457 3394 (num
473 3319 654 3397 praepositio
666 3310 746 3395 πρὸς
837 3319 899 3380 Sed
908 3336 970 3394 pro
982 3317 1073 3378 nobis
1081 3319 1228 3379 omnibus
1241 3319 1379 3379 tradidit
1389 3321 1492 3382 iilum.

51 3407 224 3467 montisc
235 3405 342 3484 juncta
357 3405 451 3464 servit
464 3402 612 3465 interdum
628 3415 744 3464 contro·
796 3407 861 3466 Pro
876 3404 966 3467 nobis
982 3404 1143 3479 omnibus,
1162 3405 1278 3467 seilicet
1293 3404 1407 3466 electis.
1424 3406 1499 3468 Jsm

50 3490 163 3568 rietati),
181 3510 246 3552 non
260 3499 361 3551 temen
378 3488 403 3549 is
417 3509 526 3551 senem
541 3488 612 3550 hnic
627 3491 693 3549 loco
705 3491 747 3550 ia·
795 3493 874 3552 enirn
889 3500 1008 3552 constet
1019 3492 1049 3551 in
1056 3491 1217 3552 electorum
1226 3512 1356 3572 lismona
1365 3493 1497 3554 Paulum

49 3578 99 3638 erle
113 3585 219 3659 potest
233 3577 341 3656 sptsri.
376 3575 456 3637 Nem
472 3576 592 3650 clectis,
620 3597 746 3656 quornm
795 3579 870 3637 haec
896 3577 1005 3638 dicero.
1041 3577 1111 3656 Quo
1132 3588 1230 3639 eutem
1247 3599 1335 3640 sensu
1352 3578 1413 3639 dici
1428 3600 1496 3658 pos-

49 3684 206 3744 psraonam
221 3663 271 3723 hie
286 3663 350 3742 agit
370 3661 500 3736 Paulus;
522 3682 581 3723 non
606 3665 748 3723 convenit
795 3666 834 3723 sit
848 3664 934 3723 etiam
952 3683 1006 3741 pro
1023 3683 1083 3723 non
1098 3663 1202 3726 electis
1219 3665 1345 3726 traditus
1367 3667 1397 3726 in
1421 3687 1497 3729 mor·

48 3749 161 3813 dicere:
177 3748 256 3831 quid
270 3748 402 3809 dicemus
417 3747 564 3809 advcrm
580 3749 660 3809 ista?
794 3759 853 3810 tem
876 3748 1031 3823 Christus,
1058 3748 1209 3831 disputant
1232 3752 1382 3832 Theologi
1409 3754 1439 3815 in
1466 3754 1496 3814 3.

83 3840 118 3899 Si
133 3840 226 3900 Dassa
245 3854 309 3912 pro
331 3835 431 3909 nobis,
448 3839 519 3912 quis
537 3842 652 3895 contra
666 3836 746 3897 nos?
795 3835 1041 3901 Sentdist.19.‚
1064 3847 1095 3896 et
1108 3837 1186 3898 bene
1202 3836 1349 3899 definiunt
1364 3859 1418 3917 pro
1435 3860 1494 3900 orn·

49 3923 150 3999 idest,
167 3924 196 3983 si
212 3922 301 3982 Dens
317 3929 380 3982 stat
390 3941 444 4001 pro
457 3921 550 3994 nobis,
566 3922 674 3983 volens
685 3944 746 3983 om·
795 3923 883 3983 nibus
899 3922 1058 3997 truditum,
1080 3924 1152 4003 quia
1167 3927 1270 4003 passio
1286 3926 1353 4004 ejus
1370 3933 1401 3983 et
1415 3945 1495 3988 mors

48 4010 111 4071 riae
125 4009 255 4092 implore
271 4009 303 4068 in
318 4008 406 4068 nobis
420 4017 573 4069 aeternum
586 4028 747 4088 snumpro·
795 4009 945 4070 sufficiens
965 4018 1029 4069 erut
1050 4010 1187 4070 omnibns
1209 4013 1327 4071 omnino
1350 4008 1495 4074 redinen-

47 4097 172 4175 pedum
205 4093 431 4174 justifiationis
461 4104 492 4155 ot
520 4093 747 4172 glorificationis
795 4094 858 4170 dis3
874 4115 929 4175 pro
945 4114 1004 4156 non
1020 4097 1173 4167 omnibns,
1190 4097 1262 4176 quia
1276 4097 1495 4176 redemptionis

49 4194 174 4257 sume,
190 4200 360 4243 cumnemo
371 4184 410 4242 sit
420 4181 488 4242 Deo
499 4183 657 4259 potentior,
669 4183 746 4261 quis,
793 4183 963 4261 proprietas
978 4202 1072 4263 penes
1096 4180 1177 4242 solos
1200 4193 1248 4243 est
1268 4184 1389 4244 electos.
1414 4184 1496 4247 Vide

50 4269 95 4330 sel
108 4271 280 4343 hominum,
295 4268 347 4328 vel
363 4268 557 4340 daemonum,
581 4268 623 4326 ita
642 4277 747 4329 cirntm
793 4269 972 4348 Prospernm
984 4271 1015 4331 in
1027 4289 1105 4350 resp.
1118 4268 1158 4330 sd
1170 4271 1295 4349 primum
1303 4270 1410 4349 object.
1423 4272 1495 4333 Vin·

51 4375 98 4416 uos
118 4360 280 4437 insurgat,
302 4362 339 4415 ut
359 4354 486 4414 salntem
506 4361 636 4415 nostram
654 4356 743 4435 impe·
794 4356 969 4428 continuum,
986 4364 1016 4415 et
1039 4354 1077 4417 ad
1093 4375 1204 4416 nonum
1220 4377 1284 4438 cup.
1302 4354 1471 4418 Gallorum.

52 4440 130 4504 liat?
151 4441 263 4503 Nullus
277 4441 420 4520 proiecto.
446 4439 525 4500 Nsrn
548 4442 575 4501 ei
591 4439 681 4502 electi
696 4460 744 4500 su·
836 4440 917 4501 lllnd
932 4444 1023 4502 otiam
1038 4443 1143 4523 quaeri
1157 4441 1246 4518 solet,
1261 4463 1320 4524 qno
1336 4462 1425 4505 sensu
1438 4444 1495 4505 Pa·

53 4546 117 4602 ω,
131 4548 208 4590 oses
222 4526 342 4591 christi
357 4546 473 4595 snmus.
497 4525 661 4607 dequibus
677 4528 745 4608 ipse
792 4537 838 4589 ter
851 4527 963 4589 Filium
978 4528 1141 4590 tradidisse
1156 4528 1276 4591 dicutur
1298 4532 1328 4590 in
1352 4538 1496 4607 mortem

55 4611 131 4676 Jom
159 4617 225 4676 ln:
248 4617 323 4677 lion
343 4613 547 4693 peritomen
562 4621 742 4690 oeternum,
792 4613 905 4696 dequo
923 4615 1074 4696 Theologi
1087 4617 1117 4675 in
1129 4615 1158 4675 ³.
1173 4614 1255 4677 Sent
1272 4616 1342 4678 dist.
1359 4619 1409 4678 20.
1423 4617 1494 4677 Bre-

57 4708 153 4766 dm
175 4704 284 4779 rapiet
311 4719 364 4761 eos
385 4702 556 4778 quicquum
579 4699 618 4761 de
640 4719 743 4763 monn
793 4703 870 4761 viter
885 4700 1301 4773 autemdicimnshocsensu:
1315 4705 1495 4784 quinqnsm
