3254 5190
146 298 218 364 102
676 288 912 344 muniturus
930 288 962 341 u
980 288 1083 342 cmi,

142 475 229 545 parte
242 465 304 525 Dei
318 465 532 545 promittentis,
554 466 640 542 cujus
661 464 755 524 verbo
770 465 839 523 niti·
888 468 924 525 ia
938 466 1046 540 nobis,
1069 468 1225 541 quonium
1246 469 1349 544 tiliam
1370 484 1465 526 mum
1480 468 1589 540 unwe-

143 564 200 621 tur,
215 572 334 630 prorsus
347 564 393 611 est
405 549 587 625 intenibilis,
604 552 694 610 etiam
705 552 840 630 pignora,
890 557 995 612 uitam
1018 564 1075 611 etc.

144 638 305 716 quaejam
329 637 535 718 praerogavit,
560 637 682 696 mirifice
703 637 842 697 fiduciam
931 637 1108 698 Posterioris
1131 641 1271 719 exempla
1297 647 1368 699 sunt
1393 639 1501 697 Lucae
1528 642 1591 696 11.:

144 726 277 784 excitant
293 727 323 783 in
338 724 457 783 homine
473 723 702 802 consequendae
724 724 841 783 heredi·
890 727 1078 785 Praeterita
1093 726 1253 799 judiciam
1276 734 1306 785 et
1328 728 1499 786 caritatem
1521 726 1593 784 Det

144 812 223 870 tetis.
236 811 333 888 Quam
348 831 409 870 rem
424 819 511 888 urget
520 811 683 890 Apostolus
699 812 755 870 hoc
766 811 842 869 loco.
890 812 982 872 Joan.
999 816 1045 873 5.:
1067 814 1277 872 Dilectionem
1302 814 1364 872 Dei
1387 830 1456 870 aoa
1471 810 1593 869 habetis

144 898 181 956 In
197 900 352 975 scripturis
367 896 522 957 frustratio
538 898 604 975 spei
619 908 746 956 vocatur
773 917 840 955 con·
890 902 925 957 ia
944 900 1037 957 uobis.
1054 901 1073 957 2
1090 899 1200 959 Thess.
1218 902 1264 958 3.:
1290 901 1454 959 Dominus
1469 897 1594 972 diriget

143 983 238 1053 lusio,
261 983 367 1051 idest,
393 982 580 1061 pudefacti03
600 986 689 1062 quia,
716 985 767 1063 qui
782 984 841 1042 iru-
891 985 987 1044 corda
1005 992 1107 1045 cestro
1124 989 1159 1043 ia
1175 990 1311 1044 caritate
1326 987 1396 1045 Dei.
1416 990 1432 1043 1
1447 985 1470 1043 J
1473 1003 1542 1042 osu.
1553 985 1592 1042 3.:

143 1077 274 1129 strentur
289 1071 520 1148 exspectatione,
536 1069 635 1129 solent
648 1069 794 1149 pudefieri
807 1090 843 1129 ac
891 1074 953 1149 Qui
961 1073 1079 1131 uiderit
1088 1072 1226 1147 fratrem
1234 1091 1327 1131 mum
1335 1071 1592 1145 mcessehobere,

143 1158 251 1216 rubore.
269 1155 407 1215 sufflandi.
890 1166 920 1216 et
935 1159 1084 1218 clauserit
1101 1161 1220 1217 uiscera
1233 1178 1291 1218 suo
1309 1158 1350 1216 ob
1366 1176 1412 1232 eo,
1430 1156 1592 1234 quomodo

187 1242 282 1301 Porro
298 1244 437 1321 quamvis
452 1261 619 1301 sermonem
634 1243 841 1303 hioessecon·
891 1248 1009 1303 coritae
1034 1247 1096 1305 Dei
1122 1253 1230 1304 monet
1255 1249 1292 1304 ia
1318 1245 1378 1304 co?
1401 1254 1435 1303 et
1457 1263 1525 1322 cap.
1545 1243 1592 1302 b:

144 1337 204 1388 stet
218 1329 257 1387 de
272 1350 326 1408 spe
345 1328 594 1407 justificatorum,
611 1338 711 1389 tamen
727 1339 757 1388 et
772 1349 843 1408 spes
891 1333 978 1390 Haec
994 1339 1037 1391 est
1052 1335 1171 1391 caritot
1185 1334 1264 1405 Dei,
1290 1338 1328 1389 ot
1349 1331 1513 1390 mundato
1528 1333 1593 1402 φὐι

144 1416 272 1474 hominis
289 1415 386 1475 adhuc
401 1416 583 1494 peccatoris,
600 1414 670 1473 dum
686 1417 842 1494 evangelio
891 1417 1112 1477 atstodiomoa.
1121 1418 1162 1476 Et
1172 1418 1313 1477 incedam
1323 1415 1592 1495 epistolasaepiua

144 1500 269 1562 credens
286 1502 543 1580 exspectatvitam
555 1512 708 1561 aeternam
720 1522 759 1561 ex
771 1523 842 1581 cpe·
933 1504 1005 1564 Jam
1020 1505 1112 1582 priori
1127 1504 1215 1564 modo
1231 1506 1257 1563 si
1272 1505 1382 1562 mritas
1400 1504 1460 1562 Dei
1482 1502 1534 1561 hic
1548 1521 1594 1563 ac·

143 1588 226 1648 ribus
243 1589 336 1660 honis,
353 1607 431 1666 qnae
446 1606 500 1665 per
515 1590 573 1647 Dei
588 1589 715 1665 gratiam
731 1607 765 1647 se
781 1590 841 1649 fac·
891 1591 1034 1669 cipiatur,
1062 1610 1167 1649 seusus
1189 1600 1220 1650 et
1242 1590 1389 1649 connexio
1412 1591 1473 1648 erit
1488 1587 1593 1666 hujus·

143 1685 244 1735 turum
260 1687 376 1754 sperat,
400 1695 459 1733 uon
483 1693 552 1734 eum
579 1673 751 1734 contundet.
782 1677 843 1737 Sed
891 1676 992 1736 modi:
1016 1676 1099 1755 quod
1122 1675 1187 1736 dixi
1209 1697 1292 1756 spem
1307 1697 1363 1734 nos
1384 1696 1448 1735 non
1470 1675 1593 1735 coniun-

145 1760 310 1821 confundet
324 1773 356 1820 et
370 1759 528 1820 frustrabit
543 1781 576 1821 se
594 1763 703 1841 ipsum,
724 1764 749 1820 si
764 1762 844 1822 bona
891 1762 970 1833 dere,
981 1772 1068 1843 patet
1080 1765 1188 1841 utique
1200 1783 1239 1823 ex
1252 1764 1388 1835 caritate,
1401 1782 1497 1842 quam
1510 1763 1595 1822 Deus

144 1867 236 1926 opera
254 1847 387 1925 negligat
402 1867 558 1920 exercere,
585 1868 651 1907 cum
672 1848 787 1928 alioqui
802 1862 844 1909 te·
891 1849 979 1908 nobis
994 1852 1115 1928 copiose
1130 1850 1275 1919 exhibuit,
1292 1848 1477 1909 effundendo
1493 1851 1527 1909 in
1540 1867 1594 1908 nos

145 1944 214 1996 ucat
240 1936 433 1993 certissimam
461 1933 572 1994 Christi
599 1937 843 2013 promissionem:
892 1934 1038 2014 Spiritum
1054 1945 1206 2008 sanetum,
1228 1946 1374 2015 tanquam
1399 1936 1513 2015 pignus
1528 1934 1596 1994 hae·

145 2023 215 2081 Hoc
227 2024 283 2098 soc
290 2066 300 2093 ,
318 2030 347 2080 et
364 2024 456 2081 uires.
472 2021 545 2079 Luc.
565 2023 613 2079 10.
637 2021 750 2080 Verum
766 2025 842 2100 poti·
892 2021 1027 2082 reditatis
1043 2025 1224 2102 promissae,
1238 2041 1293 2100 per
1307 2021 1492 2102 multiplicia
1508 2021 1596 2095 dona,

145 2108 189 2166 ori
218 2109 334 2167 ratione
365 2128 437 2187 spes
463 2107 633 2184 justorum,
664 2111 844 2186 praesertim
892 2128 971 2187 quae
992 2109 1079 2168 nobis
1100 2110 1274 2188 impertivit.
1297 2109 1378 2167 Nam
1400 2128 1441 2168 ex
1461 2109 1596 2188 acceptis

145 2193 324 2264 electorum,
351 2195 379 2252 in
407 2213 533 2273 quorum
560 2196 689 2253 maxime
714 2214 844 2273 persona
893 2194 1102 2255 confirmamur
1116 2205 1146 2255 et
1162 2197 1234 2255 certi
1249 2194 1404 2254 reddimur
1419 2194 1460 2255 de
1475 2193 1595 2255 futuris.

143 2280 261 2340 Paulus
278 2281 426 2358 loquitur,
449 2301 508 2339 non
531 2279 694 2340 confundit.
718 2280 767 2339 De
783 2300 847 2360 qua
892 2281 985 2342 Hunc
999 2301 1120 2342 sensum
1142 2281 1331 2360 probabilem
1355 2281 1491 2353 iniunt,
1519 2298 1596 2360 quse

145 2366 382 2427 Ecclesiasticus
404 2386 469 2444 cap.
494 2368 539 2425 2:
567 2368 683 2426 hallas
705 2371 847 2442 speravit
893 2379 1060 2447 sequuntur
1074 2368 1113 2428 de
1124 2368 1185 2428 Dei
1199 2376 1230 2427 et
1245 2366 1361 2427 Christi
1377 2387 1452 2445 erga
1466 2387 1526 2427 nos
1552 2367 1594 2427 di·

145 2457 180 2512 ia
197 2457 338 2516 Domino
354 2462 384 2512 et
399 2456 549 2530 confusos
572 2462 623 2512 est.
647 2455 724 2513 Nam
746 2456 845 2533 sequi·
892 2454 1037 2525 lectione;
1063 2455 1114 2515 nbi
1142 2456 1232 2514 etism
1258 2461 1363 2532 aperte
1388 2455 1503 2514 caritas
1529 2452 1596 2526 Dei,

145 2549 210 2599 tur:
233 2544 308 2619 (lah
331 2545 416 2599 caim
435 2545 616 2614 pererrabat
632 2543 667 2599 ia
682 2542 846 2600 mottdotie
894 2560 954 2619 qua
971 2562 1025 2600 nos
1047 2541 1165 2619 diligit,
1194 2543 1367 2600 nominatur
1390 2540 1450 2601 illis
1473 2538 1596 2600 verbis:

147 2632 224 2702 ejus,
241 2635 270 2687 et
285 2628 451 2686 derelictas
462 2627 528 2686 est?
545 2628 688 2705 Denique
699 2647 783 2705 spem
796 2648 844 2686 ca·
894 2628 1103 2688 Commendat
1113 2630 1399 2687 autemcoritoteru
1406 2627 1597 2687 nemum

146 2717 235 2773 ritate
251 2712 410 2773 formatam
426 2711 570 2791 intelligi,
597 2712 685 2774 docet
706 2713 845 2792 probatio
894 2714 992 2773 nobis.

145 2820 283 2882 sequens.
934 2800 967 2859 Si
983 2802 1139 2878 posteriori
1161 2799 1249 2860 modo
1274 2800 1454 2879 accipiatur,
1469 2802 1530 2861 erit
1550 2801 1599 2861 hic

191 2891 273 2966 Qnio
289 2890 406 2946 coritcu
421 2888 483 2946 Dei
498 2886 617 2965 diffuso
631 2894 675 2947 est
689 2888 726 2946 ia
738 2889 844 2946 cordi·
894 2906 1015 2946 sensus:
1035 2887 1113 2965 Spes
1134 2896 1238 2946 nostra
1262 2907 1323 2946 non
1337 2886 1417 2946 fallit
1432 2905 1506 2960 nos,
1522 2888 1595 2967 quia

148 2975 205 3035 bus
220 2977 337 3035 riostris
355 2993 416 3049 per
430 2975 587 3048 Spiritum
601 2981 766 3047 mactata,
789 2979 845 3049 qai
893 2975 1012 3043 caritas,
1028 2983 1256 3053 quaepraestat,
1271 2983 1305 3032 ut
1317 2973 1416 3033 Deum
1428 2971 1598 3052 diligamus,

148 3063 244 3120 dotas
259 3070 302 3122 est
316 3060 415 3121 nobis.
442 3060 571 3135 Diffusa
588 3068 641 3136 est,
658 3060 776 3122 Graece
791 3053 844 3117 ἐκ·
893 3067 925 3118 et
939 3059 1090 3134 diligendo
1111 3060 1192 3119 bona
1215 3061 1361 3138 promissa
1381 3078 1598 3138 assequamur,

147 3139 291 3224 κέχυται,
314 3150 414 3225 effuso
430 3154 481 3205 est.
498 3144 673 3227 Cyprianus
687 3147 775 3226 legit:
792 3150 844 3207 ia·
892 3146 1000 3206 diffusa
1016 3149 1109 3206 estin
1124 3145 1264 3207 cordibus
1290 3148 1401 3206 nostris
1427 3165 1485 3225 per
1506 3146 1598 3226 Spiri·

145 3237 242 3311 susa,
270 3255 358 3295 sensu
381 3254 440 3293 nou
462 3231 591 3294 diverso.
620 3235 726 3294 Potest
742 3244 844 3293 autem
892 3245 954 3292 tum
980 3248 1126 3303 sanctum,
1141 3234 1194 3312 qni
1209 3231 1297 3293 nobis
1320 3231 1360 3292 ed
1383 3232 1598 3292 sanctificatio·

146 3321 276 3401 intelligi
291 3322 341 3381 vel
356 3323 466 3381 caritas
480 3320 540 3380 Dei
557 3341 629 3400 erga
643 3340 712 3392 nos,
728 3320 778 3380 rel
793 3340 844 3393 ea,
890 3340 958 3380 nem
983 3319 1070 3379 datus
1084 3330 1148 3393 est3
1163 3322 1237 3380 acsi
1254 3320 1348 3379 dicat:
1364 3320 1419 3398 qui
1430 3319 1499 3396 jam
1515 3318 1599 3379 dedit

146 3430 207 3488 qua
218 3430 272 3470 nos
287 3410 387 3468 Deum
404 3407 574 3485 diligimus;
591 3407 621 3467 ld
637 3417 697 3479 est,
718 3407 768 3466 vel
782 3407 843 3466 Dei
890 3407 978 3466 nobis
991 3409 1156 3477 caritatem,
1167 3425 1222 3485 per
1233 3425 1325 3485 quam
1337 3424 1511 3466 mereamur
1520 3407 1598 3467 bom

145 3495 312 3575 diligentis,
336 3496 385 3555 rel
403 3496 462 3554 Dei
478 3492 590 3554 dilecti.
614 3495 694 3555 Nam
715 3502 845 3572 auoque
890 3495 1050 3573 promissa,
1073 3494 1235 3553 certissime
1251 3494 1343 3553 etiam
1359 3492 1489 3552 daturus
1505 3492 1598 3553 estin

145 3583 232 3643 modo
249 3584 379 3644 charitas
396 3582 454 3641 Dei
468 3582 499 3640 iu
514 3583 671 3660 scripturis
687 3582 842 3659 accipitur.
890 3583 1015 3640 caritate
1040 3579 1321 3659 perseverantibus,
1347 3578 1379 3640 id
1403 3586 1468 3650 est,
1494 3579 1599 3640 electis

187 3669 285 3730 Priori
308 3668 431 3749 quidem
456 3667 545 3727 niodo
572 3669 665 3747 hujus
692 3667 840 3746 epistolae
891 3669 960 3735 suis,
973 3666 1139 3747 ipsehona,
1155 3685 1235 3746 quae
1251 3667 1394 3745 promisit.

144 3777 210 3835 cap.
227 3759 256 3816 8.
268 3759 361 3836 juxta
377 3755 533 3815 meliorem
547 3755 749 3814 intellectum:
766 3756 843 3831 Quis
932 3753 1017 3812 Prior
1033 3754 1183 3833 expositio
1192 3761 1240 3812 est
1250 3750 1333 3832 apud
1341 3749 1595 3831 Chrysostomum

144 3862 203 3903 aes
216 3844 378 3919 separabit
393 3862 413 3901 o
429 3845 561 3902 caritate
578 3842 718 3903 Christi?
733 3842 772 3900 Et
788 3842 841 3900 ite·
890 3848 920 3897 et
936 3839 1212 3918 Theophylactum
1228 3859 1304 3920 quos
1317 3847 1490 3918 mquuntur
1504 3836 1593 3916 Caio

144 3949 226 3989 rum:
251 3931 351 3990 Nullo
373 3937 521 3988 creatura
543 3933 661 4004 poterit
678 3947 735 3988 nos
749 3946 842 4003 sepo·
889 3934 978 3985 tanus
994 3935 1024 3985 et
1038 3927 1071 3985 F.
1088 3926 1224 3986 Toletus

143 4035 217 4076 rore
233 4036 253 4076 o
269 4021 402 4076 caritate
419 4018 489 4076 Dei.
506 4015 584 4076 Item
601 4020 629 4076 2.
646 4013 715 4075 Cor.
731 4018 761 4076 5.
778 4016 842 4076 Co·
933 4011 1134 4072 Posteriorem
1159 4011 1248 4072 tradit
1275 4012 1424 4090 imprimis
1450 4011 1597 4090 Augusti-

142 4106 224 4164 ritot
239 4105 356 4166 Christi
370 4111 461 4179 serpet
478 4121 542 4161 nos.
558 4102 600 4161 Et
613 4100 800 4162 manifestius
812 4103 841 4160 iu
889 4119 961 4171 nus,
988 4119 1055 4158 cum
1070 4097 1158 4161 alibi.
1182 4107 1246 4156 tum
1267 4098 1460 4176 apertissime
1483 4095 1536 4157 lib.
1559 4095 1598 4155 de

143 4190 203 4249 tine
223 4190 360 4269 ejusdem
383 4190 544 4269 episailae:
568 4190 696 4249 Caritas
719 4190 780 4248 Dei
802 4190 842 4246 sit
890 4186 995 4262 spiritu
1012 4193 1043 4244 ct
1058 4186 1143 4243 litera
1160 4204 1225 4263 cap.
1243 4185 1295 4243 32.
1306 4185 1350 4243 ita
1360 4182 1517 4243 scribens:
1534 4184 1596 4245 Co·

142 4295 212 4335 mm
239 4279 384 4337 omnihus
413 4277 508 4335 cobis.
540 4275 618 4335 Item
652 4276 767 4353 Ephee
795 4278 841 4335 3.:
889 4273 969 4330 ritas
985 4274 1046 4331 Dei
1061 4272 1148 4329 dicto
1165 4279 1208 4329 est
1223 4270 1366 4348 diffundi
1388 4272 1428 4329 ia
1447 4268 1598 4330 cordibus

142 4364 228 4424 Scire
254 4369 351 4423 etium
378 4365 668 4438 scepei-eminentem
693 4362 841 4421 scietitioe
891 4361 1025 4431 neutris,⁸
1052 4377 1118 4416 aon
1137 4377 1201 4433 quo
1216 4376 1275 4417 aot
1297 4360 1364 4432 ipse
1387 4356 1516 4432 dilicit,
1543 4355 1597 4417 ted

141 4455 308 4510 commum
325 4451 449 4519 Christi,
465 4457 496 4508 et
514 4456 540 4507 1.
557 4447 647 4507 Joan.
664 4449 710 4506 3.:
727 4448 768 4505 la
784 4448 841 4506 hoc
889 4464 952 4518 quo
970 4463 1027 4505 uos
1039 4446 1121 4521 fucit
1136 4444 1301 4504 dilectores
1314 4461 1404 4503 enos:
1419 4443 1597 4503 metet·

141 4539 524 4610 cognocimascoritotem
539 4537 611 4609 Dei,
623 4538 775 4609 praeatum
789 4532 841 4591 illc
889 4539 942 4589 tar
955 4534 1081 4604 ‚iustitio
1105 4533 1176 4603 Dei,
1193 4550 1257 4606 quo
1274 4531 1425 4604 aosjusti
1441 4532 1511 4604 ejice
1522 4548 1597 4591 mu·

140 4625 287 4683 caiasom
295 4642 386 4683 suom
391 4641 454 4698 pro
463 4622 554 4681 uobis
561 4623 680 4696 positis,
689 4628 721 4680 et
732 4622 841 4679 iterum
889 4637 964 4677 aere
976 4618 1143 4695 efficiatur,
1160 4625 1189 4676 et
1200 4619 1335 4678 Domini
1345 4617 1445 4691 mins,
1461 4634 1598 4694 quum

141 4727 206 4789 cap.
234 4715 280 4771 do
302 4711 346 4771 Ia
365 4710 426 4770 hoc
452 4711 609 4786 apperuit
633 4711 752 4767 coritoa
778 4708 840 4766 Dei
887 4705 1097 4781 solcossocit.
1121 4703 1213 4765 Hanc
1228 4702 1356 4767 eandem
1370 4705 1597 4785 expositionem
