3254 5190
429 281 593 336 EPlSl'Oth
610 281 650 337 Ab
668 282 820 338 isthmos.
841 282 926 338 VERS.
947 285 986 338 le.
1008 285 1048 338 ts.
1065 285 1108 338 20.
1125 285 1168 338 21.
1463 291 1509 359 53

59 471 87 520 nt
100 460 155 520 alii
172 468 312 531 vertunt,
327 461 496 536 acquiescis
511 461 546 516 in
558 458 634 533 leae,
650 455 708 516 hoc
720 465 765 516 est
814 459 924 531 coecis,
946 457 976 516 id
994 466 1054 530 est,
1077 457 1243 518 errantibus
1258 457 1363 518 ducem
1379 466 1409 518 te
1423 479 1510 538 prae·

60 547 220 606 oblectaris
238 549 271 607 in
284 546 361 626 lege,
376 545 415 604 de
426 564 463 604 ea
473 544 528 604 tibi
540 545 700 624 gratuleris
713 563 764 602 seu
813 543 893 615 bere,
905 553 934 603 et
945 545 980 603 iis
991 547 1043 623 qui
1055 545 1084 603 in
1093 545 1224 604 tenebris
1234 553 1310 617 sunt,
1324 545 1354 605 id
1370 553 1416 605 est
1429 549 1510 626 iguo

61 633 221 713 applaudis
238 641 384 714 tanquam
399 631 437 691 de
453 632 563 710 insigni
578 631 639 692 Dei
656 629 763 688 benefi·
812 631 960 702 rantibus,
983 631 1082 691 lumen
1105 631 1256 690 doetrinae
1268 633 1365 710 possis
1380 631 1509 693 adferre.

62 722 106 791 cio,
121 720 279 799 trequens
296 739 327 779 es
344 720 374 777 in
387 719 453 796 ejus
465 717 569 777 auditu
581 726 611 776 et
623 717 762 776 lectione.
813 714 971 776 Oorrfidere
986 737 1039 796 pro
1055 718 1176 796 gloriari
1192 717 1300 796 legitur
1315 719 1402 776 etism
1423 719 1510 791 alibi,
1568 739 1569 742 ¹

63 805 155 866 Sermo
170 815 224 865 est
237 806 278 865 de
290 807 434 865 universa
445 804 515 883 lege
525 805 666 875 Mosaios,
678 821 763 880 prae·
812 800 849 860 de
864 823 923 882 quo
936 802 1005 862 ride
1016 805 1259 863 commentarium
1270 804 1308 863 ed
1321 803 1395 863 illud
1409 808 1427 866 2
1441 804 1508 865 Cor.

62 894 138 972 cipue
152 899 266 952 tamen
282 891 447 963 doctorali,
463 900 498 949 ut
513 909 550 950 ex
566 889 763 971 sequentibus
812 892 840 950 3.
857 890 1028 950 Fiduciam
1043 898 1150 950 autem
1165 891 1259 949 talem
1283 890 1431 951 babemus
1451 900 1507 951 etc.

63 987 146 1057 petet
854 977 903 1034 20.
927 977 1134 1036 Eruditorem
1150 978 1369 1051 insipientium
1376 1022 1387 1051 ,
1404 980 1507 1054 nroqi·

92 1067 136 1126 Et
149 1064 316 1140 gloriaris
332 1067 366 1123 in
383 1064 460 1123 Deo.
476 1063 545 1122 Hoc
556 1070 608 1134 est,
623 1060 761 1140 gloriaris
810 1068 910 1121 strum
926 1064 1114 1138 infantium.
1140 1064 1204 1123 Etsi
1221 1063 1286 1141 plus
1303 1071 1350 1121 est
1366 1082 1433 1122 esse
1447 1084 1507 1123 ma·

62 1170 156 1211 rerum
172 1152 282 1211 Deum
299 1169 369 1210 esse
381 1149 482 1209 Deum
497 1158 589 1223 tuum,
613 1148 666 1228 qui
678 1156 707 1205 te
722 1147 760 1206 ad
810 1148 933 1225 gistrum
944 1151 1007 1208 sive
1017 1149 1175 1224 doctorem,
1185 1148 1300 1209 Graece
1308 1141 1504 1223 διδάσκαλον,

63 1238 163 1297 mltum
180 1257 276 1298 suum
293 1257 332 1300 ex
353 1236 488 1295 omnibus
509 1233 613 1294 mundi
636 1234 759 1295 nationi·
809 1254 897 1314 quam
914 1234 1108 1307 eruditorem,
1123 1228 1304 1312 παιδευτὴν,
1327 1236 1379 1315 qui
1394 1235 1508 1295 scilicet

62 1323 102 1384 tn
116 1324 268 1403 elegerit,
286 1334 315 1384 et
330 1321 474 1402 populum
497 1323 555 1381 sibi
577 1321 760 1401 peculiarem
809 1319 979 1380 erudiendis
995 1331 1107 1381 tantum
1124 1322 1224 1402 pueris
1236 1321 1401 1394 adhibetur,
1417 1342 1506 1403 quum

62 1409 162 1471 bremt.
181 1410 301 1469 Merito
317 1406 438 1489 quidem
455 1407 509 1467 hac
524 1410 598 1467 inre
611 1406 759 1486 gloriaba·
808 1408 950 1485 magister
970 1409 1061 1468 etiarn
1084 1407 1214 1488 grandes
1237 1415 1267 1467 et
1281 1418 1438 1488 provectos
1454 1407 1504 1467 ha·

61 1506 96 1557 ter
111 1494 277 1569 Judaeus3
306 1495 464 1554 eratenim
478 1513 617 1573 magnum
633 1494 692 1552 Dei
707 1492 758 1551 be·
807 1492 879 1552 beat
898 1494 1074 1574 discipulos,
1095 1494 1142 1553 hie
1161 1504 1260 1555 temen
1279 1495 1421 1554 videntur
1436 1513 1504 1555 eon·

62 1584 213 1656 aeficium
227 1580 285 1642 aad
298 1580 371 1641 illud
383 1601 441 1640 non
453 1589 543 1653 reete,
556 1579 635 1660 quod
648 1581 679 1638 in
691 1579 758 1639 Deo
808 1579 902 1639 fundi.
923 1581 1002 1640 Nam
1026 1583 1101 1641 sicut
1124 1581 1303 1640 eruditorem
1325 1589 1415 1640 vocat
1434 1581 1503 1640 insi·

62 1690 108 1730 son
122 1670 209 1728 sicut
224 1677 347 1747 oportet
358 1667 542 1746 gloriaretur,
557 1666 609 1725 vel
619 1667 688 1745 plus
700 1665 759 1725 sibi
807 1667 966 1746 pientiam,
993 1669 1033 1726 ita
1055 1668 1226 1746 magistrum
1249 1668 1418 1741 infantium,
1439 1669 1503 1728 sive

62 1755 213 1818 tribuendo
231 1773 327 1835 quam
339 1754 471 1824 deberet,
481 1753 531 1812 vel
544 1774 604 1813 non
616 1754 647 1812 in
659 1752 758 1811 Deum
807 1754 1006 1831 parvulorum,
1023 1753 1139 1814 Graece
1150 1748 1273 1830 νηπίων,
1285 1753 1316 1813 id
1328 1763 1373 1813 est
1384 1753 1502 1815 rudium

62 1843 128 1903 bona
143 1860 356 1921 quaecunque
369 1841 537 1919 accepisset
551 1838 716 1900 referendo.
807 1847 837 1898 et
862 1840 1074 1919 imperitorum.
1104 1840 1299 1900 Transfertur
1321 1841 1400 1899 enim
1427 1840 1502 1901 haec

94 1930 142 1990 18.
167 1929 216 1990 Et
240 1932 327 1988 nosti
358 1927 553 1987 voluntatens
577 1930 650 2000 ejas.
679 1927 759 1998 Eius
806 1926 1502 2008 voxndanimum.Quodinseripturairequens

62 2035 107 2076 ron
118 2023 169 2075 cst
183 2016 216 2074 in
235 2014 365 2086 Graeco,
378 2011 431 2073 sed
445 2013 483 2072 ab
500 2015 660 2092 interprete
673 2011 757 2070 addi·
807 2020 860 2071 ost.

61 2110 111 2162 turn
124 2099 166 2160 ad
182 2100 371 2182 explendum
387 2118 514 2160 sensum.
526 2100 575 2161 Ex
588 2099 656 2178 lege
670 2100 757 2170 nosti,
849 2098 1026 2160 Habentem
1050 2101 1192 2176 formam
1208 2101 1356 2158 scientiae
1371 2106 1401 2158 et
1414 2102 1501 2159 veri·

61 2189 154 2270 nquit
171 2187 250 2268 quid
267 2189 353 2247 Dens
367 2186 441 2246 velit
457 2193 487 2245 te
498 2184 604 2257 iacere,
622 2192 652 2244 et
663 2204 682 2244 a
693 2185 756 2265 qui·
806 2188 880 2245 tatis
894 2188 930 2245 in
946 2188 1020 2262 leae.
1036 2187 1188 2248 Formam
1205 2183 1321 2246 Graece
1335 2175 1501 2262 μόρφωσιν,

62 2273 105 2335 bns
119 2274 291 2335 abstinere.
314 2272 400 2334 Haec
414 2273 515 2332 vocari
529 2272 604 2333 solet
619 2271 758 2332 voluntas
803 2273 1040 2350 formationem.
1063 2271 1131 2350 Quo
1153 2273 1272 2332 nomine
1297 2272 1444 2350 signifieat
1458 2273 1501 2334 in·

62 2361 134 2440 tigni,
150 2363 183 2421 in
199 2359 374 2441 praeceptis
385 2360 559 2420 consistens.
805 2358 946 2420 stituendi
953 2358 1160 2438 formandique
1170 2358 1324 2431 rationem,
1336 2377 1426 2439 quam
1434 2359 1501 2440 quis

95 2448 137 2509 Et
149 2447 279 2523 probas
293 2445 427 2506 utiliora
442 2449 616 2506 instructas
634 2463 696 2521 per
711 2446 755 2506 le·
804 2445 871 2505 aliis
884 2445 1067 2525 praeseribit.
1082 2445 1218 2504 Habetur
1232 2442 1309 2504 idern
1320 2445 1500 2506 vocabulum

63 2553 126 2607 gem.
149 2533 190 2593 Id
208 2543 266 2606 est,
283 2532 404 2612 exlege
420 2533 463 2591 sic
484 2534 635 2592 institutus
651 2551 698 2604 es,
723 2542 757 2593 ut
806 2537 824 2594 2
848 2531 979 2592 Timoth.
1011 2532 1056 2604 3.,
1078 2531 1131 2591 uhi
1152 2531 1295 2611 interpres
1317 2533 1407 2591 vertit
1428 2551 1500 2609 spe·

63 2622 131 2680 neris
145 2620 234 2679 bona
249 2639 269 2678 a
292 2620 379 2678 malis
403 2618 587 2692 discernere,
609 2638 646 2676 ac
660 2619 755 2699 probe
804 2622 889 2680 ciem.
906 2619 1066 2679 Habentes
1080 2618 1349 2694 speciemqsn'dem
1361 2621 1499 2694 pietatis.

65 2705 213 2788 seuquid
226 2725 328 2785 agere,
341 2705 412 2786 quid
422 2703 526 2784 ingere
535 2704 654 2766 debeas.
667 2706 755 2766 Hanc
804 2703 901 2784 Cujus
916 2705 973 2765 loci
988 2724 1090 2765 veram
1105 2704 1331 2782 intelligentiam
1342 2705 1404 2765 illic
1415 2706 1499 2767 inda·

64 2795 128 2853 esim
141 2795 208 2852 rim
224 2791 340 2852 habere
353 2791 472 2852 videtur
486 2792 565 2871 quod
585 2795 616 2853 in
639 2791 755 2853 Graeco
803 2792 947 2870 gabimus.
971 2790 1062 2871 Quod
1078 2799 1179 2851 autern
1193 2790 1242 2850 hic
1256 2790 1344 2864 dicit,
1359 2792 1420 2852 tale
1435 2801 1498 2854 est:

64 2888 98 2938 cst
111 2871 316 2956 διαφέροντα,
333 2900 361 2960 q.
377 2877 405 2936 d.
422 2879 614 2955 differentia,
631 2899 684 2959 pro
696 2898 754 2959 quo
804 2879 956 2938 Profiteris
975 2887 1007 2938 te
1026 2880 1200 2957 magistrum
1222 2879 1437 2957 imperitorum,
1465 2887 1500 2939 ut

64 2964 126 3046 legit
140 2966 333 3044 Augustinus
359 2967 525 3040 distantia,
542 2966 592 3025 lib.
609 2965 646 3026 de
662 2966 755 3045 spirit.
804 2967 908 3044 quiex
924 2964 1020 3025 studio
1035 2964 1111 3044 legis
1127 2973 1303 3025 consecutus
1318 2965 1360 3025 sis
1375 2965 1499 3026 formam

64 3052 147 3113 stlit
165 3072 235 3133 rap.
264 3053 294 3109 8.
317 3052 409 3112 Porro
432 3052 632 3129 differentia,
656 3052 756 3112 idest
803 3072 839 3111 ac
860 3053 1020 3124 rationem,
1042 3071 1100 3133 qna
1115 3052 1204 3113 etiam
1220 3051 1293 3111 alios
1309 3054 1432 3114 seientia
1447 3073 1496 3114 ve·

62 3139 192 3213 ndion,
218 3138 301 3198 bons
321 3159 394 3218 prae
415 3139 509 3199 maha.
534 3140 637 3219 Quare
659 3141 755 3200 minus
803 3140 898 3199 sitatis
913 3140 1060 3213 imbuere,
1081 3159 1117 3198 ac
1138 3159 1251 3198 morum
1267 3143 1436 3221 praeceptis
1456 3141 1498 3201 in·

61 3225 159 3306 placat,
171 3223 258 3306 qnod
271 3224 413 3285 Erasmus
421 3227 518 3300 vertit,
532 3230 655 3287 eximio.
678 3228 754 3286 Rec·
804 3234 920 3286 struere
936 3245 1038 3306 queas.
1063 3223 1231 3285 Causaliter
1246 3228 1324 3285 eninr
1339 3226 1414 3289 haec
1429 3247 1498 3308 pars

62 3313 109 3372 irs
123 3313 178 3373 alii
193 3312 332 3371 meliora
339 3335 351 3387 ,·
378 3313 421 3372 sic
444 3321 541 3373 tamen
557 3322 590 3373 ut
605 3334 755 3393 compara·
804 3310 1009 3373 connectenda
1024 3330 1090 3369 cum
1100 3311 1299 3391 praecedenti.

62 3400 130 3461 tirus
143 3399 312 3479 improprie
327 3407 466 3471 sumatur,
487 3401 562 3460 sicut
584 3400 664 3481 apud
679 3401 754 3460 Poe-
848 3404 897 3460 21.
922 3401 983 3480 (ini
1009 3415 1082 3472 erqo
1109 3398 1210 3458 alium
1238 3398 1337 3475 doces,
1365 3404 1499 3477 teipsam

63 3493 128 3547 tan:
144 3485 248 3545 Video
259 3485 393 3546 meliora
402 3485 581 3564 proboque:
596 3488 755 3547 deteriora
804 3504 871 3547 non
892 3486 990 3546 doces.
1019 3484 1106 3543 Nunc
1121 3482 1158 3542 ad
1179 3487 1399 3548 accusationem
1422 3490 1499 3569 ipso-

61 3590 175 3652 sequor.
804 3593 868 3632 rum
882 3573 972 3633 vertit
990 3570 1069 3630 bona
1090 3589 1167 3651 quae
1188 3568 1324 3648 dixerat3
1347 3575 1419 3654 quin
1439 3596 1500 3635 non

95 3661 281 3720 inomaus
296 3657 412 3721 Graece
425 3652 665 3737 κατηχούμενος,
687 3679 755 3740 par·
805 3662 840 3719 iis
856 3659 1014 3719 utebantur
1036 3655 1075 3716 ad
1098 3676 1165 3716 eum
1187 3657 1292 3729 finem,
1314 3668 1349 3720 ut
1371 3661 1447 3722 bene
1471 3670 1501 3723 et

61 3746 187 3827 ticipium
202 3746 369 3825 praesentis
384 3748 540 3826 temporis,
564 3766 622 3828 quo
646 3749 755 3826 signifi·
801 3747 882 3825 juste
896 3748 1038 3804 viverent.
1054 3744 1144 3803 Hane
1159 3751 1273 3823 partem
1289 3765 1355 3805 cnm
1375 3768 1501 3828 sequen·

62 3841 137 3892 estur
151 3835 196 3906 is,
221 3834 273 3911 qni
287 3834 438 3910 mysteriis
462 3832 587 3912 alicujus
602 3833 756 3912 religionis
806 3835 884 3893 tibus
894 3831 1134 3911 chrysostomus,
1147 3829 1398 3911 'l'heophylsetus
1410 3845 1439 3895 et
1450 3835 1501 3896 alii

63 3920 197 3980 uitiatur.
211 3917 302 3978 Unde
317 3920 522 3980 catechumeni
537 3919 617 4000 apud
634 3919 756 3980 Christi·
805 3920 941 4000 plerique
957 3918 1060 3997 legunt
1075 3916 1227 3976 schemate
1249 3918 1501 3999 interrogationis.

63 4023 135 4067 suos.
161 4007 299 4067 &neusr
320 4007 432 4087 Legem
456 4005 569 4066 habens
593 4009 623 4066 in
638 4027 755 4089 promp·
806 4008 868 4066 Alii
883 4026 954 4066 vero
971 4005 1173 4077 enunciative,
1189 4013 1221 4063 ut
1236 4003 1391 4067 adnotavit
1406 4006 1501 4069 Oeca-

63 4099 98 4166 tn,
111 4112 193 4175 qnae
218 4100 250 4152 te
266 4093 398 4172 qnotidie
413 4092 501 4152 docet
516 4113 552 4152 ac
566 4094 691 4154 instruit.
806 4093 932 4154 menius.
949 4092 1061 4152 Sensus
1076 4101 1174 4151 tamen
1190 4091 1295 4151 eodem
1308 4093 1429 4170 recidit,
1440 4096 1503 4156 nisi

100 4180 148 4240 19.
173 4178 320 4253 Confidis
336 4183 472 4255 teipsam
488 4197 548 4239 esse
564 4181 675 4240 ducens
686 4200 757 4242 coe·
806 4179 887 4260 quod
902 4180 998 4239 acrior
1012 4187 1042 4238 et
1057 4178 1261 4238 vehementior
1275 4187 1322 4239 est
1336 4180 1503 4261 objurgatio

63 4283 183 4341 mrum,
210 4266 321 4325 lumen
343 4285 471 4340 emam,
493 4269 549 4342 qni
572 4269 758 4328 intenebris
806 4287 861 4346 per
872 4266 1143 4345 interrogationem.
1164 4269 1206 4327 Te
1215 4268 1318 4343 ipsum
1327 4286 1394 4328 non
1403 4269 1503 4345 doces,

63 4360 136 4412 nint.
160 4351 199 4413 In
215 4350 336 4412 Graeco
350 4353 484 4433 praefixa
506 4361 551 4412 ast
574 4356 758 4432 conjunctio,
807 4354 838 4413 id
854 4363 898 4413 est
914 4374 973 4412 non
987 4353 1066 4415 vivis
1080 4360 1114 4413 nt
1129 4352 1227 4428 doces,
1243 4353 1408 4414 doctrinam
1423 4362 1504 4416 tuam

64 4440 236 4516 deoniidia.
244 4440 314 4519 Quo
322 4439 497 4519 intelligitur
505 4438 579 4500 illud
586 4444 759 4502 instructos
807 4441 885 4500 facto
902 4462 962 4501 non
977 4439 1120 4501 ostendis.
1135 4442 1211 4501 Nam
1225 4448 1316 4519 turpe
1330 4450 1373 4501 est
1383 4443 1505 4503 doctori

63 4544 113 4601 per
126 4529 227 4605 worn
250 4547 312 4587 nou
335 4526 540 4608 sequentibus,
565 4527 617 4587 sed
638 4549 758 4608 praece·
809 4547 879 4588 cnm
892 4530 987 4605 calpa
999 4531 1165 4606 redarguit
1177 4532 1289 4604 ipsam.
1305 4529 1396 4590 Unde
1408 4531 1504 4611 sequi·

66 4610 196 4676 dantibus
212 4613 435 4674 mactandum
451 4632 524 4673 esse.
551 4617 684 4676 Sensus:
704 4616 758 4677 Ar·
807 4626 869 4676 tur:

66 4720 143 4781 rogas
154 4702 210 4765 tibi
226 4707 344 4763 tantm
356 4700 432 4780 legis
445 4701 606 4776 seientiam,
622 4710 655 4763 ut
667 4705 757 4764 etiarn
851 4706 911 4782 Qui
916 4704 1087 4780 praedicas
1094 4722 1161 4765 non
1165 4706 1360 4783 forandam,
1368 4707 1503 4782 foranu.
