3254 5190
505 281 668 336 episteme
685 282 727 335 tlt
744 282 896 338 notttttos,
930 281 1014 335 Vm.
1032 283 1075 335 21.
1463 291 1518 359 97.

101 452 275 515 cutm
309 456 502 517 ucussbiles
542 456 604 518 dici
636 467 767 538 possm
812 458 934 518 Vanum
957 459 1037 517 enim
1059 466 1091 516 et
1109 455 1313 517 frustraneum
1336 456 1414 519 illud
1436 458 1513 520 dici-

64 540 167 622 slique
195 562 237 602 ex
268 551 372 621 parte,
406 553 534 623 propter
562 546 765 625 ignorantiam
813 553 878 619 tur,
906 542 989 624 quod
1012 544 1103 603 finem
1125 562 1214 602 suum
1243 564 1304 604 non
1326 546 1512 626 assequitur.

65 627 197 700 seilicet,
231 636 332 708 atque
364 629 495 691 aliorum
530 633 765 711 comparatione,
855 633 899 692 Et
921 632 1127 691 obscuratam
1150 638 1194 690 est
1216 632 1372 707 insipiens
1386 650 1443 693 cor
1457 651 1512 693 eo·

66 714 175 795 quibus
191 714 258 775 Dei
270 716 383 775 notitia
392 716 501 777 divina
519 718 766 780 manifestatione
812 737 895 777 rum.
912 718 1121 778 obscuratum
1133 724 1187 793 est,
1205 715 1322 777 Graece
1335 711 1512 797 ἐσκοτίσθη,

66 802 203 881 contigit
250 799 318 881 Qui
340 803 468 882 proinde
492 823 552 883 quo
574 806 675 865 minus
698 826 766 884 cog·
814 805 1060 866 Obtenebratum
1090 811 1141 863 est.
1186 804 1317 863 Sensus:
1351 806 1395 865 Et
1426 823 1512 866 mens

66 890 161 950 nim
195 887 340 948 colerent
372 898 405 951 et
431 889 653 968 glorificarent,
688 892 766 952 nihil
814 911 917 951 eorum
951 911 988 951 ex
1023 889 1113 969 culpa
1143 897 1247 949 tentae
1276 891 1446 971 impietatis
1480 901 1513 953 et

66 986 251 1055 praetexere
272 985 439 1055 potuerunt
461 978 613 1056 impietati
636 997 711 1039 suae
735 985 768 1038 et
814 978 1043 1057 ingratitudinis
1066 977 1232 1055 insipiens,
1263 977 1394 1053 stolida,
1424 986 1456 1038 et
1477 987 1514 1039 ut

66 1059 295 1140 ingratitudini.
814 1065 932 1126 Graeca
954 1085 1015 1123 vox
1038 1053 1188 1130 ἀσύνετος
1210 1072 1312 1137 sonat,
1335 1083 1444 1145 expers
1467 1066 1512 1124 in·

105 1148 212 1217 Dicas,
232 1167 296 1207 non
309 1151 449 1228 potuisse
465 1170 517 1210 eos
539 1152 654 1230 gratias
677 1167 767 1229 agere
814 1152 1000 1230 telligentiae
1015 1149 1132 1223 effecta,
1155 1149 1260 1209 multis
1277 1170 1411 1212 errorum
1427 1160 1511 1212 tene-

65 1244 95 1293 st
114 1233 293 1312 glorificare
314 1237 382 1296 sine
411 1237 538 1316 speciali
561 1238 678 1297 auxilio
700 1256 766 1316 gra·
814 1238 876 1298 bris
900 1236 1039 1297 involute
1061 1244 1116 1295 est

64 1322 126 1383 tiae
146 1321 222 1393 Dei,
244 1328 281 1379 ut
302 1341 359 1382 nec
381 1341 474 1403 super
496 1325 599 1384 omnia
620 1323 766 1402 diligere:
857 1324 917 1384 Cor
946 1326 976 1383 in
1005 1322 1166 1402 scripturis
1195 1321 1340 1400 figurate,
1374 1322 1428 1383 sed
1449 1325 1512 1384 nsi·

63 1420 158 1486 etque
181 1406 263 1467 illud
284 1409 433 1469 auxilium
452 1430 513 1470 non
528 1410 666 1470 omnibus
690 1409 766 1468 dari.
814 1411 965 1470 tatieeime
987 1429 1068 1469 nunc
1089 1407 1286 1479 intellectum,
1309 1428 1389 1470 nunc
1404 1411 1511 1472 volun·

66 1492 155 1554 L'nde
190 1502 223 1553 ct
253 1495 448 1575 Augustinus
489 1496 556 1556 loco
591 1504 766 1569 memorato,
814 1506 907 1558 tatem
937 1496 1100 1575 significat.
1140 1495 1354 1570 Voluntatem,
1389 1498 1512 1576 quoties

63 1599 133 1639 eum
155 1578 293 1640 dixisset
315 1582 433 1642 coelam
448 1591 480 1642 et
494 1591 603 1643 terram
626 1582 767 1644 omnibus
815 1592 993 1655 correctum,
1016 1600 1153 1661 pravum,
1168 1581 1266 1655 molle,
1287 1581 1405 1656 durum,
1426 1604 1513 1645 mun·

61 1664 246 1746 praedicare
278 1676 315 1727 ut
346 1669 449 1728 Deum
484 1678 601 1739 ament,
637 1669 766 1748 adjecit:
815 1671 895 1743 dam,
918 1668 1116 1741 immundum,
1138 1676 1273 1727 vocetur.
1318 1669 1513 1732 intellectum

63 1754 175 1814 Altius
203 1761 316 1814 eutem
342 1762 379 1815 tu
406 1756 601 1817 misereberis
630 1760 682 1817 cui
703 1758 767 1814 mi·
815 1777 889 1817 vero
912 1776 967 1816 seu
989 1763 1136 1824 mentem,
1168 1757 1290 1834 quoties
1319 1756 1435 1829 docile,
1466 1777 1513 1817 sa·

61 1847 167 1900 remea
192 1843 265 1901 cris.
302 1843 459 1919 Alioquin
481 1844 602 1904 coelam
626 1851 655 1902 et
678 1851 767 1903 terra
815 1845 912 1922 piens,
927 1842 1110 1920 intelligens,
1126 1841 1340 1916 illuminatum,
1360 1853 1393 1904 et
1407 1852 1514 1904 contre

59 1926 172 1987 surdis
195 1927 376 2005 loquuntur
390 1929 505 1990 lauder
526 1937 608 1991 tuos.
630 1931 767 2010 Respon-
815 1929 951 2000 stultum,
967 1929 1126 2007 insipiens,
1149 1927 1389 2004 obtenebratum,
1405 1949 1513 1991 excoe-

59 2013 129 2085 deo,
150 2011 196 2073 ed
213 2013 311 2075 multe
325 2017 424 2077 teneri
438 2014 584 2090 homines,
606 2036 686 2096 qnae
708 2037 768 2077 non
816 2025 916 2076 catum
939 2014 1057 2087 dicitur,
1079 2014 1189 2073 atltae
1210 2013 1294 2074 loco:
1318 2016 1513 2095 quemadmo-

58 2107 197 2180 possnnt
224 2100 294 2161 sine
320 2101 451 2183 speciali
484 2104 596 2163 auxilio
626 2103 703 2181 Dei,
737 2111 770 2163 et
816 2102 888 2162 dum
915 2102 1008 2181 paulo
1037 2108 1108 2180 post
1137 2101 1197 2160 illis
1220 2102 1340 2161 verbis:
1370 2107 1407 2162 in
1429 2104 1513 2163 dest·

58 2186 138 2247 talia
172 2194 250 2247 sunt
280 2188 380 2249 omnia
409 2208 502 2269 opera
530 2190 664 2269 pietatis.
701 2190 769 2250 Nec
816 2189 909 2248 derio
931 2189 1037 2249 cordia
1058 2205 1187 2262 eorum,
1219 2196 1253 2248 et
1274 2208 1340 2267 cap.
1369 2209 1434 2269 seq.
1457 2190 1512 2250 nbi

58 2292 138 2334 vero
161 2291 357 2353 consequens
380 2285 444 2349 est,
474 2276 500 2336 si
522 2275 553 2334 id
573 2297 633 2336 non
662 2285 768 2356 potue·
815 2277 942 2354 legimus
959 2294 1010 2334 cor
1023 2273 1232 2352 impoenitens,
1253 2277 1405 2353 accipitur
1419 2277 1513 2354 priori

56 2366 134 2421 runt
167 2357 290 2439 absque
322 2362 385 2423 Dei
418 2362 552 2434 anxilio,
588 2362 770 2444 simpliciter
815 2360 913 2421 modo.
957 2361 1035 2420 Dico
1068 2360 1214 2438 figurate3
1248 2360 1314 2420 sive
1348 2381 1386 2421 ea
1418 2371 1513 2423 meta·

60 2467 125 2507 non
147 2447 302 2525 potuisse
344 2446 427 2508 Nam
453 2468 544 2528 posse
566 2457 692 2510 naturae
713 2456 769 2522 est,
816 2447 912 2528 phora
932 2448 973 2506 sit
993 2449 1038 2507 rei
1059 2465 1222 2524 corporeae
1243 2445 1285 2507 ad
1306 2447 1513 2527 incorpoream

58 2544 100 2593 nt
109 2532 407 2613 docetAngustinus
419 2533 471 2594 lib.
484 2535 768 2615 degratiaOhristi:
817 2543 849 2594 et
869 2533 1075 2613 spiritualem,
1106 2552 1141 2592 eo
1172 2532 1255 2611 quod
1287 2533 1317 2592 in
1346 2543 1448 2595 mente
1469 2536 1513 2595 sit

56 2620 168 2701 gratie
190 2639 266 2681 vero
288 2621 434 2703 specialis
462 2622 573 2684 auxilii
596 2642 657 2684 non
679 2623 770 2683 datur
815 2622 1008 2701 principatus
1041 2621 1125 2679 vitae
1157 2617 1331 2693 rationalis,
1369 2622 1450 2682 sicut
1481 2624 1514 2683 in

56 2717 97 2767 ut
119 2707 292 2786 possimus,
314 2706 370 2769 sed
390 2715 426 2767 ut
447 2706 604 2769 faciamus.
816 2709 907 2769 corde
929 2708 1012 2767 vitae
1034 2706 1182 2767 animalis.

106 2793 224 2855 Potest
237 2792 363 2875 quidem
379 2795 472 2855 etiam
483 2794 555 2870 dici,
563 2795 767 2877 philosophos
858 2793 929 2873 Quo
941 2794 1114 2873 respexisse
1124 2800 1236 2872 putant
1244 2791 1427 2872 Sapientem,
1443 2813 1513 2857 cum

57 2880 209 2960 potuisse
234 2899 294 2961 per
313 2882 397 2945 viras
426 2890 553 2943 naturae
574 2883 676 2945 Deum
699 2902 767 2963 eog-
815 2883 860 2942 ait
879 2881 971 2942 Prov.
994 2881 1023 2939 4.
1056 2881 1153 2942 Omni
1175 2881 1320 2940 custodio
1341 2898 1436 2940 saroa
1457 2899 1514 2942 cor

56 2968 183 3040 nitum,
212 2972 250 3025 ut
269 2966 384 3041 Denm,
414 2966 612 3048 aliquatenus
642 2967 768 3030 laudare
815 2976 917 3044 taam,
940 2970 1019 3045 qaia
1034 2967 1075 3026 ab
1091 2969 1159 3044 ipso
1174 2969 1245 3027 vita
1257 2966 1402 3044 procedit
1407 2989 1421 3045 ,-
1443 2970 1513 3030 sire

57 3061 94 3113 et
115 3052 307 3135 glorificare,
328 3062 359 3114 et
380 3054 495 3133 gratias
518 3074 625 3135 egere:
648 3075 708 3116 non
723 3065 767 3115 ta-
814 3055 918 3135 potins
946 3055 1146 3133 metonymia,
1173 3054 1266 3132 juxta
1292 3072 1363 3114 eum
1389 3055 1513 3116 modum

56 3158 132 3201 men
155 3140 207 3201 ita
234 3148 271 3201 ut
297 3140 447 3221 oportuit,
475 3141 534 3203 hoc
555 3152 618 3215 est,
648 3162 708 3203 non
730 3161 767 3202 eo
815 3162 876 3222 quo
892 3142 1047 3202 continens
1058 3141 1182 3219 ponitur
1191 3161 1247 3219 pro
1259 3149 1409 3215 contento,
1423 3161 1512 3222 prop

58 3226 242 3287 voluntatis
264 3227 386 3297 affectu,
409 3247 470 3309 quo
492 3226 532 3288 ad
554 3248 657 3292 veram
675 3230 767 3308 justi·
815 3238 902 3289 terea
916 3227 1000 3308 quod
1014 3246 1122 3288 sensus
1144 3229 1310 3287 communis
1330 3235 1361 3288 et
1376 3229 1424 3288 vis
1440 3230 1512 3289 ima·

59 3316 140 3374 tiam
163 3314 456 3395 appropinquarent.
495 3313 688 3397 Quamquam
711 3334 768 3377 nec
815 3316 965 3396 ginativa,
995 3332 1076 3394 quae
1098 3312 1242 3374 rationali
1272 3316 1353 3392 parti
1374 3315 1511 3394 proxime

58 3400 201 3473 omnino,
214 3421 257 3461 ne
271 3400 417 3461 steriliter
431 3400 556 3481 quidem
569 3401 767 3483 philosophos
816 3402 1029 3474 subserviunt,
1060 3401 1162 3479 ipsum
1184 3419 1234 3458 cor
1255 3400 1343 3460 velut
1364 3421 1512 3480 organum

60 3488 144 3561 illos,
169 3488 228 3567 qui
242 3486 345 3549 Deum
360 3497 576 3568 cognoverunt,
598 3490 689 3551 etiam
704 3489 767 3570 glo
816 3489 876 3549 sibi
897 3487 1074 3558 vendicent,
1097 3484 1231 3565 ideoque
1252 3487 1347 3548 menti
1368 3487 1459 3549 sedes
1481 3489 1513 3551 in

58 3572 210 3636 risum
231 3572 332 3634 Deum
353 3592 484 3654 usquam
506 3574 627 3654 legitur,
649 3585 685 3635 nt
702 3577 768 3655 jam
816 3574 907 3636 corde
929 3573 1022 3634 inerit
1043 3573 1218 3652 antiquitus
1245 3574 1408 3652 assignata

61 3661 141 3723 dixi.
859 3659 953 3741 Quod
982 3660 1107 3739 quidem
1137 3660 1233 3719 sentit
1252 3658 1453 3735 Aristoteles,
1481 3669 1515 3722 et

107 3744 175 3810 Sed
209 3755 416 3809 evomuerit
454 3751 491 3810 in
523 3748 769 3823 copitetioaibas
815 3750 901 3808 varie
923 3746 1034 3827 probat
1055 3744 1261 3826 compluribus
1285 3745 1368 3817 locis,
1390 3747 1513 3825 potissi-

59 3839 138 3897 κίε.
162 3832 432 3909 vectationibus,
456 3833 558 3908 idest,
577 3833 767 3914 disquisitio·
816 3854 897 3895 mum
919 3834 995 3894 libro
1023 3832 1062 3893 de
1084 3852 1175 3894 sensu
1207 3841 1238 3892 et
1259 3833 1377 3907 sensili,
1408 3842 1441 3895 et
1460 3833 1512 3895 lib.

59 3921 167 3993 nibus,
191 3938 248 3981 sen
270 3920 564 3982 retiocmationibus.
589 3918 668 3981 'l'ale
691 3921 767 4002 quid
818 3926 846 3983 3.
869 3921 908 3982 de
936 3919 1077 4000 partibus
1107 3921 1196 3980 enim.
1220 3938 1287 3998 cap.
1312 3921 1341 3978 4.
1371 3920 1513 3982 refellens

61 4008 145 4069 idun
170 4005 330 4087 significet
344 4007 463 4069 Graeca
480 4028 542 4069 vox
557 4000 765 4085 διαλογισμός.
817 4028 883 4081 eos,
915 4008 969 4087 qui
990 4006 1114 4067 cerebro
1144 4024 1288 4067 sensuum
1309 4007 1513 4085 principatum

60 4096 183 4156 sensus
205 4102 273 4154 est:
304 4095 388 4156 Dum
417 4097 551 4155 contenti
582 4113 639 4154 sua
660 4095 767 4155 subtili
816 4095 957 4156 deferunt
986 4089 1079 4173 (quae
1102 4092 1166 4154 iere
1188 4091 1371 4153 medicorum
1394 4100 1512 4153 senten·

60 4181 278 4262 inquisitione,
302 4189 334 4241 et
347 4199 441 4260 quam
462 4180 642 4261 inquirendo
663 4202 700 4241 ac
722 4203 767 4241 re·
816 4183 859 4241 tia
888 4177 965 4255 esti,
996 4178 1080 4259 quod
1101 4180 1154 4240 ille
1177 4180 1342 4240 sensationi
1376 4179 1514 4258 ineptum

61 4266 244 4329 tiocinendo
273 4267 430 4327 consecuti
461 4277 548 4328 erant
574 4267 635 4329 Dei
666 4270 768 4347 cogni·
816 4266 957 4329 ostendit.
991 4266 1139 4345 Ejusdem
1162 4267 1310 4345 opinionis
1332 4266 1451 4326 Stoicos
1473 4264 1513 4326 ad

61 4358 165 4425 tione,
196 4375 259 4415 non
290 4362 394 4413 umen
422 4372 491 4415 eum
519 4353 769 4435 glorificaverunt
815 4374 912 4415 unum
943 4352 1040 4415 luisse
1068 4353 1162 4413 tradit
1188 4351 1370 4413 Plutarchus
1400 4352 1453 4412 lib.
1483 4355 1512 4413 4.

62 4463 121 4504 nec
142 4443 263 4523 gratias
291 4449 438 4521 egoeum,
470 4444 542 4502 vani
573 4439 647 4501 fecti
678 4449 766 4517 sunt3
815 4441 854 4502 de
877 4441 998 4519 placitis
1021 4439 1128 4519 philos.
1153 4460 1219 4518 cap.
1244 4441 1272 4498 4.

62 4532 139 4609 qnia
161 4528 255 4591 finem
286 4527 372 4589 illius
395 4528 592 4607 cognitionis,
622 4529 676 4608 qui
697 4548 766 4588 con·
858 4529 940 4588 Huic
953 4526 1128 4588 Aristotelis
1150 4536 1181 4587 et
1203 4528 1375 4588 Stoicorum
1390 4533 1511 4586 senten·

63 4618 150 4677 sistit
165 4618 197 4677 in
211 4635 289 4677 vero
301 4614 368 4676 Dei
388 4614 474 4675 culto
493 4616 656 4694 etpietate
671 4622 767 4694 etque
815 4615 877 4674 tiae
899 4614 1028 4673 multum
1055 4613 1201 4673 videntur
1222 4612 1328 4674 favere
1349 4631 1455 4673 sacrae
1478 4610 1513 4671 li·

64 4706 99 4765 in
117 4722 195 4766 rere
214 4698 422 4776 beatitudine,
442 4720 505 4765 non
521 4711 599 4765 sunt
619 4701 764 4765 assecuti.
814 4708 912 4774 teras,
946 4720 1027 4782 quae
1055 4701 1256 4782 cogitationes
1284 4700 1403 4782 ubique
1432 4696 1515 4761 cordi
