3254 5190
95 273 171 345 540
552 268 1009 331 coessmmmsnoscrr.

92 444 302 506 necessitatem
325 446 494 527 aecipiendi
508 447 590 507 vitae
610 448 787 520 necessaria,
836 467 875 508 ex
889 447 1075 527 Evangelio,
1097 447 1184 526 eujus
1199 443 1317 527 alioqui
1339 444 1506 525 praedicendi

92 539 247 610 premente
261 532 379 594 scilicet
394 541 547 613 egestate:
570 544 597 593 et
623 552 680 594 vae
695 535 785 593 inter·
834 534 1002 595 molestiam
1016 533 1112 595 nollet
1126 533 1281 594 sustinere

91 626 226 696 pretatur
245 614 369 680 sindem
388 629 559 699 egestatem,
583 618 664 700 qnod
679 638 788 698 nempe
846 683 851 692 ,
877 621 942 680 Isto
968 617 1032 680 tere
1057 617 1145 680 modo
1171 618 1272 679 locum
1298 618 1380 679 bunc
1405 625 1509 677 aaran

92 704 158 764 sine
172 703 343 784 Evangelio
358 707 471 767 Paulus
486 727 546 766 non
568 713 671 786 posset
692 707 786 767 vitam
836 707 1020 786 expositores
1034 706 1153 779 Latini,
1180 705 1323 786 plerique
1343 703 1509 783 seeudglos

92 791 273 869 transigere:
290 813 348 852 non
365 791 445 873 quod
461 794 504 852 ita
519 812 569 853 ros
585 792 717 867 heberet,
732 791 786 852 sed
835 812 898 853 sam
908 792 1086 854 ordinariam
1099 812 1137 854 ex
1145 790 1320 872 Augustino
1333 791 1510 869 desumptam

92 874 173 955 quod
195 878 240 937 sie
260 877 394 939 homines
416 881 625 959 opinarentur,
648 878 786 939 videntes
833 879 972 941 Meminit
993 887 1091 939 antem
1106 878 1274 959 Apostolus
1299 876 1510 959 dispensatae

91 980 159 1021 enm
173 964 310 1044 accipere
326 965 437 1024 victum
460 985 498 1025 ex
512 965 690 1044 Evangelio.
728 963 784 1022 Mi·
834 963 1033 1038 concreditae,
1049 984 1086 1025 ne
1102 967 1169 1045 quis
1181 962 1431 1025 contemnendum
1444 970 1510 1042 putet

91 1066 165 1120 nus,
189 1050 327 1130 inquam,
347 1051 513 1130 probabile.
550 1050 629 1111 Nam
647 1050 786 1111 absolute
834 1050 1050 1130 Evangelium,
1075 1049 1154 1132 quod
1181 1049 1373 1130 praedicatur
1394 1068 1446 1130 per
1464 1067 1509 1110 su*

91 1132 171 1195 dixit
183 1134 365 1214 Apostoluss
387 1140 415 1197 si
429 1138 709 1213 evanpelisaoero,
726 1157 785 1197 non
834 1137 1061 1200 vummalnmet
1072 1145 1345 1217 sueqnaerentem.
1368 1135 1508 1198 sonan

92 1218 246 1295 addendo,
261 1224 373 1285 rictum
387 1224 539 1305 accipiens
555 1244 592 1284 ex
607 1221 785 1304 Evangelio,
834 1223 915 1305 quod
930 1242 1018 1285 sunm
1033 1232 1094 1296 est,
1109 1225 1281 1297 annuntiet,
1301 1219 1357 1283 sed
1372 1220 1451 1302 quod
1462 1220 1508 1283 Ds-

90 1307 140 1368 vel
155 1306 269 1389 aliquid
284 1311 354 1370 tale.
388 1308 507 1370 Deinde
522 1309 650 1389 priorem
665 1329 785 1370 sensum
834 1311 920 1382 mini,
936 1309 1100 1391 dispensat.

91 1393 272 1470 confirmant,
288 1415 368 1477 quse
382 1404 557 1477 sequnntur.
875 1397 976 1458 Aliter
990 1398 1225 1476 interpretantur
1235 1395 1317 1457 bunc
1326 1394 1426 1455 locum
1436 1391 1508 1455 (leae

136 1483 185 1540 17.
200 1481 236 1543 Si
253 1485 337 1543 enim
360 1485 469 1544 volens
491 1484 548 1543 hoe
563 1501 639 1558 apo,
666 1501 784 1543 merce·
834 1483 870 1557 ci,
887 1484 984 1564 iisque
998 1483 1220 1544 consentientes
1236 1480 1413 1561 Gaignaens
1427 1477 1505 1541 ac·-

90 1566 163 1627 dem
173 1567 280 1630 babeo.
309 1569 434 1645 Volcae,
447 1559 784 1645 oraecstsbmlero-
828 1570 958 1649 jetanus.
994 1570 1073 1630 Nam
1088 1568 1241 1630 volentem
1261 1567 1436 1647 intelligunt
1448 1583 1508 1638 eun,

90 1670 179 1729 nass,
194 1656 407 1718 voluntarius.
438 1656 481 1715 Et
494 1675 602 1716 sensus
617 1663 677 1718 est:
694 1653 785 1737 Quod
833 1657 885 1737 qui
899 1654 973 1718 iacit
987 1655 1103 1717 nnllnm
1118 1653 1232 1716 habeus
1247 1648 1506 1735 praeceptum,ssl

90 1747 190 1801 tamen
212 1742 238 1802 si
259 1742 379 1816 volens,
405 1742 520 1816 idest,
546 1742 674 1804 libenter
696 1750 785 1804 etex
833 1753 940 1823 sponte
963 1763 1001 1804 ac
1025 1751 1107 1805 motu
1136 1742 1277 1822 propri03
1307 1760 1398 1821 quem
1425 1738 1508 1799 dicad

90 1827 190 1887 animo
201 1828 318 1903 faciam,
329 1829 386 1890 hoc
398 1839 452 1904 est,
467 1829 684 1909 evangelizem
699 1830 783 1889 nimi·
833 1829 944 1890 hebere
955 1829 1133 1903 mercedem,
1147 1849 1208 1889 non
1219 1826 1416 1909 qualemlibet
1425 1826 1506 1887 ern

90 1932 155 1974 rum
177 1914 301 1977 studens
323 1935 501 1996 promovere
522 1916 647 1997 gloriam
664 1914 784 1990 Christi,
833 1916 948 1996 gelistis
963 1915 1113 1989 debitam,
1128 1913 1182 1975 sed
1196 1934 1336 1994 magnam
1351 1921 1384 1975 et
1396 1913 1525 2001 mulos..

92 2007 122 2060 et
137 2019 284 2080 quaerens
298 2003 460 2082 Evangelii
474 2002 616 2076 iunctum,
635 2002 666 2062 id
682 2022 784 2082 agens,
833 2004 950 2064 scilicet
963 2023 1036 2082 prae
1050 2002 1134 2074 aliis,
1156 2002 1210 2081 qni
1233 2010 1386 2081 sumptum
1403 1997 1507 2079 aceip'er

89 2093 124 2146 nt
148 2106 236 2168 quam
265 2089 409 2169 plurimos
437 2089 553 2151 Christo
582 2089 784 2164 lncriiaoiem3
832 2089 913 2150 bant.
935 2089 1068 2151 Invitum
1084 2096 1183 2150 autem
1199 2088 1434 2167 interpretantur
1447 2102 1506 2155 eon.

89 2174 256 2235 mercedem
278 2176 374 2238 habeo
397 2177 559 2257 repositam
580 2175 661 2258 apud
675 2177 783 2237 Deum.
832 2176 883 2257 qni
904 2174 978 2236 iacit
1003 2196 1042 2237 ex
1067 2182 1230 2257 praecepta
1256 2182 1287 2234 et
1313 2173 1444 2253 injuncta
1465 2168 1508 2233 riti

89 2259 259 2323 Mercedem
270 2265 348 2324 enim
360 2263 505 2343 intelligit
511 2262 598 2323 bonis
611 2261 784 2323 doctoribus
833 2261 1072 2342 dispensatione:
1098 2261 1215 2322 etiamsi
1230 2259 1361 2321 libenter
1375 2280 1416 2322 ex
1428 2257 1507 2321 nnius

89 2349 285 2425 promissam,
308 2349 347 2412 de
369 2371 431 2430 qne
453 2349 570 2411 dixerat
594 2369 660 2428 cap.
683 2349 712 2408 3.
750 2350 785 2411 Si
833 2347 933 2409 faciat.
974 2349 1036 2410 Sed
1065 2349 1115 2410 hic
1145 2349 1375 2409 commentarius
1404 2345 1507 2407 nimiuu

53 2512 56 2516 ι
89 2438 179 2509 adue
193 2452 273 2512 opus
286 2440 457 2512 manserit,
473 2437 560 2514 qaod
573 2434 783 2511 superaedifi—
832 2435 968 2516 prolecto
983 2437 1132 2499 violentus
1149 2443 1204 2495 est.
1240 2433 1321 2494 Nam
1344 2442 1379 2493 nt
1400 2430 1438 2493 de
1452 2448 1508 2492 me*

89 2523 185 2596 cavit,
201 2525 373 2584 mercedem
389 2527 533 2599 accipiet,
550 2533 580 2583 et
595 2521 633 2582 de
648 2542 708 2602 qua
722 2524 783 2583 Da·
833 2522 905 2583 cede
921 2532 1047 2596 taceam,
1066 2541 1143 2604 quse
1157 2538 1306 2601 nusquam
1323 2540 1361 2580 eo
1377 2516 1460 2581 modo
1472 2494 1539 2615 sti-,¹

89 2607 150 2668 niel
165 2627 229 2688 cap.
249 2613 297 2669 12.
331 2612 393 2688 Qui
408 2611 492 2670 docti
512 2611 655 2686 fuerint,
676 2610 784 2686 salpe·
832 2611 1011 2685 mitnr31sta
1027 2605 1309 2670 rationefstendnm
1321 2615 1411 2679 esset,
1425 2612 1539 2665 onust'·

90 2694 170 2754 bant
184 2697 443 2772 quaaisplendor
458 2696 670 2772 firmamenti:
685 2697 784 2771 etqui
834 2696 998 2776 Apostolos
1032 2697 1143 2757 invitos
1173 2693 1378 2772 Evangelium
1412 2687 1508 2773 praedi

89 2780 132 2839 ad
157 2785 317 2855 justitiam
346 2783 498 2843 eradiant
526 2783 659 2858 maltos,
694 2783 785 2859 quasi
834 2802 934 2860 oesee;
958 2790 1064 2843 ettam
1088 2779 1213 2861 angelos
1229 2798 1317 2860 qnam
1338 2779 1509 2841 hominesu-

88 2868 196 2928 stellae
207 2870 243 2930 in
251 2877 425 2946 perpetuae
436 2871 646 2931 aeternitates.
667 2870 783 2929 Merces
833 2871 912 2931 vitos
926 2869 1034 2942 iacere,
1051 2885 1264 2948 quaecumque
1280 2865 1397 2929 faciunt
1412 2885 1450 2927 ex
1465 2861 1510 2925 De

90 2954 180 3033 igitur
194 2955 271 3017 haec
287 2955 407 3017 diversa
422 2965 469 3016 est
484 2976 502 3017 a
517 2954 627 3035 gloria,
651 2975 705 3016 seu
721 2954 783 3035 glo·
833 2963 1010 3036 praecepto,
1037 2954 1170 3035 denique
1196 2951 1352 3014 Christum
1381 2953 1511 3013 homino

89 3043 222 3116 ristione,
239 3042 277 3103 de
292 3063 354 3122 qua
368 3042 458 3123 paulo
474 3053 553 3103 ante.
833 3044 959 3102 invitum
975 3041 1167 3122 praedicasse
1182 3038 1400 3120 Evangelinm,
1420 3047 1450 3101 et
1461 3055 1510 3101 eat

132 3129 167 3189 Si
192 3137 298 3190 autem
325 3132 462 3205 invitas,
491 3130 684 3206 dispensatio
707 3131 785 3188 mibi
834 3138 912 3201 tera,
943 3148 1022 3207 quae
1048 3149 1101 3208 pro
1127 3135 1232 3188 nostra
1257 3127 1357 3189 salute
1384 3128 1415 3191 in
1439 3138 1511 3187 eam

89 3215 210 3275 eredita
233 3223 284 3276 est.
317 3215 354 3277 ld
370 3225 429 3290 est,
453 3219 479 3277 si
500 3236 560 3277 non
583 3236 621 3277 ex
638 3216 786 3277 animost
833 3216 943 3295 gessit,
967 3217 1094 3276 invitum
1117 3216 1234 3294 egisse;
1257 3232 1337 3295 quae
1364 3223 1399 3275 ut
1418 3214 1511 3295 egui.

90 3312 229 3382 prompta
240 3305 394 3363 voluntate
406 3302 558 3364 serviendi
571 3303 686 3381 gloriae
698 3301 783 3363 chri·
833 3300 1004 3363 mandatum
1026 3301 1160 3362 hahebat
1175 3320 1194 3359 a
1209 3300 1310 3361 Patre.
1350 3298 1440 3381 Quod
1461 3296 1509 3380 qui·

90 3390 129 3448 sti
143 3387 174 3449 id
188 3388 314 3450 iselam:
329 3390 382 3450 sed
397 3390 446 3450 vel
460 3396 580 3452 coactns
592 3391 699 3449 timore
713 3409 784 3468 poe·
834 3388 902 3448 dem
918 3387 1021 3451 dicere
1037 3409 1128 3468 quem
1144 3389 1182 3448 sit
1197 3387 1369 3462 absurdum,
1387 3388 1453 3469 quis
1466 3402 1510 3447 nse

89 3495 156 3548 nae,
172 3478 316 3557 quoniam
331 3477 444 3557 alioqui
460 3496 517 3538 ree
534 3477 606 3536 mihi
623 3484 718 3551 ceset3
734 3475 786 3537 vel
835 3473 941 3535 videt?

89 3562 121 3621 in
137 3582 172 3622 eo
186 3582 310 3623 munere
334 3566 454 3643 privata
468 3572 607 3644 spectans
622 3562 785 3636 commoda,
881 3563 927 3621 18.
944 3565 1031 3642 Quae
1047 3569 1090 3622 est
1106 3579 1180 3636 erpo
1196 3578 1312 3620 merces
1327 3562 1420 3622 mea?
1444 3558 1510 3630 ua

89 3648 340 3730 quemadmodum
363 3651 462 3725 multi,
485 3651 539 3730 qni
561 3651 593 3710 in
613 3649 785 3728 Evangelio
835 3648 1024 3725 Graecepot,
1041 3649 1126 3709 mibi.
1149 3647 1303 3727 Interpres
1318 3646 1432 3728 legisse
1445 3642 1509 3707 ridi·

90 3733 203 3797 Christi
217 3735 419 3817 praedicando
435 3756 513 3819 qnae
528 3756 584 3796 ena
599 3746 677 3809 sunt,
694 3756 785 3815 qnae·
834 3745 882 3795 tur
904 3734 962 3812 μοῦ
986 3755 1064 3796 mea.
1101 3735 1214 3795 Verum
1238 3753 1343 3795 sensns
1370 3754 1446 3798 unus
1464 3738 1512 3795 sd:

88 3830 176 3895 runt,
191 3844 251 3884 non
266 3843 346 3904 qnae
361 3824 438 3885 Jesn
455 3823 568 3884 Christ:
591 3823 787 3884 nihilominus
835 3820 918 3902 Quid
933 3820 1071 3883 iaciendo
1086 3819 1253 3883 mercedem
1271 3822 1428 3902 accipiam,
1445 3835 1510 3901 pret

88 3917 191 3972 umen
212 3910 376 3990 Evangelii
402 3910 589 3990 dispensatio
613 3910 684 3970 mihi
708 3930 786 3971 com·
835 3910 925 3986 mium
942 3928 1141 3989 consequare
1157 3906 1250 3967 Deo?
1271 3906 1355 3969 Huic
1368 3911 1511 3987 interroga·

90 3997 180 4057 missa
194 4004 255 4072 est,
277 3996 384 4056 saltem
400 4007 433 4058 ut
455 4017 563 4073 servo;
586 3998 673 4075 qnasi
695 3995 785 4071 dicat,
835 3997 911 4055 tioui
937 3993 1113 4075 respondet,
1143 3994 1352 4074 snbjungens,
1381 3995 1459 4079 qnod
1478 4010 1511 4055 st

91 4084 181 4145 etiem
197 4084 239 4145 sio
253 4102 308 4164 per
322 4103 370 4145 me
383 4084 574 4164 dispensatur
584 4082 786 4163 Evangelinm
836 4083 944 4165 quitur.

91 4170 217 4245 Christi,
239 4169 311 4231 licet
325 4192 386 4232 non
401 4170 441 4231 ad
456 4191 569 4244 meam,
591 4168 644 4230 sed
660 4169 786 4232 aliorum
893 4171 931 4231 Ut
968 4168 1183 4244 Evanpeliam
1218 4168 1430 4245 praedicans,
1463 4170 1511 4229 sss

91 4265 208 4317 tantum
224 4257 393 4319 utilitatem.
427 4259 506 4319 Nam
530 4257 642 4317 invitus
657 4276 787 4338 evange·
835 4263 965 4332 sumpta
979 4253 1334 4332 poaamEvanpelium.
1357 4258 1511 4318 Sinam

91 4343 180 4416 lisst,
201 4364 262 4407 non
285 4344 397 4417 solum,
419 4345 473 4423 qui
487 4345 592 4404 timore
614 4343 787 4423 compulsus
833 4351 912 4421 pta,
938 4341 1056 4403 Graece
1071 4332 1245 4416 ἀδάπανον,
1269 4361 1305 4401 ac
1320 4344 1348 4403 si
1363 4341 1458 4418 dicas,
1474 4343 1511 4401 e

91 4431 293 4509 evangelizet,
317 4450 355 4491 ne
377 4432 534 4512 puniatur3
561 4430 711 4511 quomodo
727 4432 787 4493 Bs-
836 4436 1066 4506 sumptuosam,
1082 4429 1140 4490 hoe
1155 4430 1405 4506 nemoralium,
1420 4436 1510 4491 utve*

91 4517 169 4578 laam
189 4517 344 4580 benedixit
365 4519 434 4579 filiis
450 4518 559 4593 Isratl,
582 4518 704 4579 Numer.
727 4520 786 4591 22,
836 4518 873 4577 tit
881 4518 1033 4577 Erasmus.
1051 4515 1102 4577 Sic
1110 4515 1189 4576 enim
1198 4513 1336 4595 loquitur
1344 4511 1509 4597 ipsePsslts

91 4623 195 4665 verum
222 4605 330 4679 etiem,
355 4605 462 4688 quiid
488 4606 575 4680 lacit,
600 4625 660 4666 non
688 4605 786 4684 ipsum
837 4605 867 4664 in
883 4602 983 4683 Epist.
1000 4607 1027 4663 2.
1043 4622 1108 4682 cap.
1128 4606 1175 4663 11.
1202 4601 1307 4664 Gratis
1318 4602 1510 4681 nomeu

90 4709 194 4757 amam
216 4691 436 4773 Evangelium,
462 4691 518 4757 sed
544 4712 613 4756 snae
640 4690 787 4755 utilitates
836 4693 899 4753 Dei
921 4691 1140 4767 evangelizavi
1162 4687 1258 4752 vobis.
1297 4688 1410 4772 Neque
1428 4682 1509 4751 Βοὴ
