3254 5190
497 288 660 343 morosas
679 289 718 341 so
737 287 886 342 uesanos.
923 284 1005 342 vans.
1024 290 1048 344 s.
1453 299 1500 365 79

58 467 124 548 epod
138 467 295 542 homines3
311 468 388 527 sicut
399 465 477 527 hano
490 474 606 546 partem
620 465 755 526 nonnulli
804 472 941 542 spectare
953 462 1106 525 debemus.
1130 466 1218 524 Hanc
1240 467 1501 526 ratiocinationem

57 556 204 635 recipiunt.
219 551 347 633 (Neque
354 555 434 613 enim
442 574 479 612 ea
486 572 557 612 vera
561 554 677 630 justitia
686 548 754 627 est.)
802 551 899 609 Paulo
912 553 1096 629 propositam
1109 573 1182 626 esse,
1198 553 1295 632 liquet
1306 572 1344 612 ex
1356 563 1500 613 contextu

10 684 12 693 ·
57 641 168 721 Sedper
191 643 422 700 concessionem
445 639 518 699 dicit
539 639 647 715 babet,
665 639 755 698 idest
803 639 896 696 totius
912 640 1028 716 capitis,
1045 648 1076 697 et
1091 640 1221 698 maxime
1236 660 1273 698 ex
1290 659 1333 711 eo,
1349 639 1431 718 quod
1444 642 1499 700 sub

56 729 153 787 tabeat
164 728 317 806 gloriam3
341 735 375 785 ut
389 746 493 787 sensus
510 728 562 784 sit:
586 727 652 786 Etsi
668 726 752 798 forte,
802 724 893 783 finem
908 725 1004 783 veluti
1021 725 1228 785 concludendo
1252 726 1340 784 dicit:
1363 729 1436 787 Non
1458 735 1502 786 est

57 813 122 895 qnod
134 834 219 873 nune
231 835 295 873 non
309 815 446 887 discutio,
459 813 496 872 de
508 832 562 872 sua
574 833 696 892 operum
704 813 752 891 ju·
803 819 911 869 eutem
926 815 1079 886 seriptum
1095 820 1225 871 tuntum
1237 822 1372 888 propter
1382 818 1500 890 ipsum,

56 900 216 980 sdtieapud
231 899 371 961 homines
379 900 499 978 gloriari
512 901 613 977 possit,
626 901 677 979 qui
689 909 753 958 tan·
802 898 855 957 sed
871 905 899 956 et
920 906 1052 973 propter
1073 919 1131 958 uos
1144 909 1199 957 ete.
1225 899 1319 959 Porro
1340 904 1497 980 scriptura,

56 987 234 1046 tnnsident
252 1007 303 1060 ea,
323 987 580 1067 quaeforissunt3
599 985 752 1065 haudqua-
802 1004 893 1063 quam
924 984 1051 1044 adducit
1077 986 1191 1044 Paulus
1225 987 1255 1045 in
1284 988 1496 1060 testimouium,

56 1094 131 1153 qaam
151 1082 262 1133 tamen
281 1073 387 1147 habet,
411 1072 492 1132 unde
513 1073 657 1152 glorietur
672 1071 750 1152 apud
801 1070 930 1129 habetur
946 1071 1022 1130 Gen.
1042 1073 1089 1131 15.
1107 1071 1177 1151 Quo
1194 1072 1318 1151 quidem
1335 1076 1501 1154 scripturae

10 1158 12 1197 ³
56 1160 150 1233 Demn,
159 1159 497 1240 quividetabsconditu
506 1159 752 1219 cordiszNamcu
801 1157 865 1215 loco
901 1160 1040 1236 quamvis
1077 1159 1209 1218 nondum
1242 1160 1411 1233 Abraham,
1446 1161 1500 1220 sed

56 1249 194 1324 operibus
217 1249 298 1322 lepis
321 1265 388 1306 non
404 1246 631 1322 Justs'fleubitur
650 1249 752 1305 omnis
801 1243 914 1302 Abram
940 1253 1080 1304 vocatur:
1110 1246 1224 1304 Paulus
1252 1255 1352 1305 tamen
1379 1249 1502 1326 scripsit

56 1352 240 1395 curaturam
248 1334 511 1413 illosupracap.3.
526 1333 751 1413 Estqueeadem
801 1330 982 1406 Abraham,
1000 1331 1080 1410 quod
1096 1352 1205 1392 nomen
1221 1334 1264 1392 illi
1281 1341 1391 1413 postea
1413 1334 1499 1395 Dens

56 1423 120 1480 otio
134 1421 174 1480 de
190 1422 324 1481 caeteris
340 1421 479 1500 operibus
494 1441 554 1479 non
570 1439 589 1478 a
610 1418 670 1478 fide
685 1439 750 1498 pro·
801 1416 922 1488 indidit,
946 1418 1090 1498 quodque
1115 1421 1218 1479 tritum
1236 1431 1302 1479 erat
1317 1441 1369 1481 ore
1385 1421 1497 1483 Judae-

55 1506 148 1585 lectis3
170 1528 211 1567 ac
226 1507 268 1566 de
284 1508 351 1586 ipse
373 1508 611 1579 circumcisione,
631 1514 665 1565 ut
687 1513 752 1565 erat
800 1523 886 1562 orum
901 1515 933 1563 et
947 1506 1070 1565 auribus
1086 1516 1213 1584 gratum.

56 1597 162 1673 signnm
192 1604 224 1654 et
253 1593 425 1653 observatio
452 1592 598 1672 quaedam
618 1601 750 1664 externa,
844 1589 933 1650 Circa
944 1590 1071 1652 eandem
1084 1595 1263 1672 scripturam
1275 1595 1447 1670 notandum,
1460 1616 1499 1656 ue

57 1685 184 1762 quamvis
201 1702 221 1740 s
237 1681 308 1740 Deo
323 1682 467 1740 instituta.
800 1679 850 1736 cui
867 1680 1042 1760 scrupulum
1064 1679 1174 1752 iaciat,
1201 1679 1283 1760 quod
1306 1684 1337 1740 in
1359 1683 1500 1743 Hebraeo

91 1769 332 1848 interpretemur
345 1767 522 1846 Apostolum
544 1766 581 1826 de
603 1766 750 1845 operibus,
798 1764 1079 1843 legitur20redidit
1087 1771 1123 1824 tn
1131 1770 1309 1828 Dominum
1317 1788 1371 1829 seu
1380 1773 1497 1847 Deum,

57 1876 122 1937 qnae
137 1877 202 1916 non
218 1865 289 1916 suut
305 1874 344 1915 ex
359 1853 425 1927 lide,
453 1854 506 1914 sed
520 1853 609 1914 fidem
624 1872 750 1933 praeve·
799 1852 870 1914 nihil
888 1853 1038 1913 diversum
1055 1853 1222 1933 significari,
1238 1855 1291 1914 sed
1304 1875 1421 1917 sensum
1434 1876 1500 1918 esse

57 1947 138 2016 niunt,
154 1953 189 2004 et
205 1951 389 2002 contraeam
405 1939 633 2019 distinguuntur.
646 1940 695 1998 De
707 1949 750 1998 ta·
800 1938 934 2000 eundem.
959 1941 1037 1999 Nam
1064 1942 1195 2000 hebraeo
1218 1960 1356 2003 sermone
1379 1944 1500 2004 eredere

56 2033 122 2092 libus
136 2033 220 2091 enim
236 2028 386 2109 Apostolo
400 2047 543 2107 praesens
557 2029 693 2087 instituta
705 2034 752 2086 est
801 2031 830 2088 in
846 2026 975 2106 aliquem
990 2026 1040 2085 vel
1056 2029 1086 2086 in
1102 2029 1217 2107 aliquo,
1241 2029 1317 2088 idern
1335 2039 1395 2103 est,
1419 2030 1501 2113 quod

58 2117 222 2199 timptatio.
247 2115 315 2175 Nec
335 2115 450 2194 alioqui
470 2134 578 2173 causae
602 2115 667 2191 ejus
689 2132 750 2172 ser·
801 2115 844 2173 illi
860 2115 917 2192 ipsi
930 2112 1058 2186 eredere,
1070 2113 1158 2173 fidem
1171 2112 1322 2174 adhibere.
1336 2117 1386 2176 sia
1398 2117 1500 2177 Exodi

58 2207 123 2266 riret
152 2202 331 2282 exemplum
354 2201 510 2274 Abrabae3
538 2210 571 2259 ut
598 2220 685 2281 quem
714 2219 752 2259 ex
803 2203 851 2260 14.
869 2200 1036 2259 Hebraico:
1051 2201 1311 2261 Credideruutiu
1323 2204 1500 2264 Dominum

57 2290 189 2371 openbus
212 2310 233 2348 a
257 2287 318 2348 fide
344 2289 485 2367 profectis
505 2305 577 2346 vere
601 2295 751 2346 eteorum
801 2296 830 2346 et
844 2291 880 2345 in
896 2287 1004 2345 Mosen
1027 2305 1152 2346 servum
1175 2291 1249 2361 ejus.
1274 2289 1363 2368 Quod
1390 2291 1497 2351 Hiero·

57 2378 113 2439 Deo
123 2374 329 2455 justificatum
344 2374 451 2446 irrisae,
473 2382 601 2434 testatur
615 2393 651 2432 ac
664 2373 754 2432 docet
801 2392 908 2453 aymus
916 2373 1107 2432 benevertit:
1132 2375 1348 2434 &ediderunt
1355 2378 1498 2438 Domino

57 2463 212 2544 Apostolus
227 2460 366 2522 Jacobus
382 2480 445 2540 cap.
463 2461 491 2518 3.
509 2459 599 2539 Quod
615 2462 711 2539 ipsum
724 2468 753 2517 et
802 2468 830 2518 et
846 2462 926 2520 Moti
939 2477 1029 2518 seruo
1046 2464 1119 2533 eius.
1136 2460 1212 2519 Item
1230 2467 1244 2519 1
1271 2463 1345 2540 Reg.
1363 2464 1413 2521 22.
1437 2465 1499 2525 He·

57 2551 185 2613 mutus
202 2548 389 2627 significavit
400 2546 517 2607 diceus:
533 2549 568 2607 Si
578 2547 752 2622 flliiAbru·
801 2546 916 2605 braice:
933 2548 976 2605 Et
991 2547 1228 2605 crediditAcbts
1243 2551 1279 2606 io
1292 2550 1412 2609 Dauid.
1425 2551 1498 2611 Hie·

57 2639 106 2697 tue
121 2641 197 2697 atis
203 2680 214 2710 ‚
228 2652 329 2710 opero
342 2634 489 2694 Abrabae
499 2634 607 2710 facita
621 2632 711 2692 Joan.
722 2634 751 2690 8.
801 2651 960 2712 ronymus:
988 2632 1130 2693 Credidit
1157 2651 1231 2708 erpo
1259 2636 1353 2694 Acbir
1379 2637 1498 2697 David.

58 2722 190 2796 Consule,
206 2722 234 2781 si
248 2720 350 2791 lubet,
363 2721 563 2798 Augustinum
579 2721 609 2778 in
625 2717 750 2797 praefat.
800 2720 864 2777 Nee
885 2717 974 2776 aliter
997 2719 1027 2777 in
1044 2718 1153 2779 Genesi
1177 2729 1207 2778 et
1221 2719 1329 2780 Exodo
1344 2732 1500 2783 verterunt

57 2829 120 2871 suae
133 2828 236 2870 enarr.
253 2807 284 2865 in
299 2806 410 2864 Psalm.
427 2806 487 2876 31,
514 2805 566 2864 ubi
580 2803 705 2883 pulchre
720 2813 752 2863 et
799 2804 897 2864 LXX.
915 2803 1018 2883 Quare
1033 2814 1063 2863 et
1077 2805 1190 2864 Paulus
1206 2807 1237 2866 in
1250 2807 1307 2866 hoc
1318 2810 1423 2886 eapite,
1437 2830 1497 2870 cre

57 2894 156 2958 d'narte
173 2893 323 2971 explicat,
338 2890 378 2950 de
392 2891 506 2971 quibus
520 2891 661 2969 operibus
676 2889 751 2949 haec
799 2890 869 2950 dere
884 2893 966 2962 Deo,
993 2899 1022 2949 et
1037 2890 1161 2950 credere
1182 2893 1213 2952 iu
1233 2894 1346 2967 Deum,
1373 2905 1497 2976 usurpat

56 2981 136 3042 Pauli
151 2979 293 3039 doctrine
322 2979 360 3037 sit
382 2975 572 3057 accipienda,
599 2975 751 3055 simulque
798 2997 852 3055 pro
869 2977 982 3036 iisdem.

57 3087 113 3128 eam
127 3087 199 3126 cum
222 3065 364 3125 doctrina
378 3064 505 3135 Jacobi,
528 3082 588 3142 qua
605 3063 749 3141 justifica·
842 3063 912 3124 Jam
928 3061 1008 3140 quod
1024 3082 1079 3122 nos
1094 3066 1216 3141 passive
1238 3066 1379 3143 legimus,
1400 3086 1498 3143 repu-

10 3198 13 3207 .
56 3150 488 3230 tionemexoperibusasserit,
501 3149 751 3220 docteconciliat,
798 3156 903 3208 tatum
918 3157 962 3206 est
977 3149 1059 3207 eiad
1070 3153 1231 3221 iustitiam
1238 3173 1250 3226 ;
1266 3152 1365 3212 active
1377 3153 1498 3232 quidem

10 3272 12 3291 ι
56 3239 186 3300 adhibita
202 3236 397 3297 distinctione
413 3254 553 3316 operum,
572 3255 660 3316 quam
676 3234 750 3294 dixi·
800 3237 829 3294 in
856 3235 996 3294 Hebraeo
1023 3234 1148 3313 legitur:
1172 3240 1334 3311 reputavit
1360 3240 1447 3298 illud
1469 3244 1498 3301 ei

56 3346 121 3386 m
794 3324 971 3396 justitium
998 3319 1050 3379 sed
1076 3321 1158 3380 nulla
1184 3341 1287 3381 sensus
1312 3322 1495 3400 diversitate,

92 3414 120 3472 3.
143 3411 233 3488 Quid
245 3412 333 3470 enim
344 3409 422 3468 dieti
431 3410 623 3485 Scriptura?
639 3408 750 3469 Credi·
798 3410 856 3467 nisi
871 3407 951 3487 quod
967 3407 1028 3465 illic
1043 3408 1212 3486 expressius
1235 3410 1418 3486 significatur
1433 3432 1497 3492 per

57 3501 98 3557 dit
110 3497 280 3559 Abrabam
295 3497 364 3555 Deo
370 3540 381 3569 ,
399 3504 427 3556 st
442 3503 626 3572 reputatum
643 3502 687 3554 est
701 3494 750 3552 illi
800 3513 872 3554 sona
889 3502 1039 3573 reputans,
1056 3494 1171 3553 seilicet
1182 3494 1274 3554 Deus.
1285 3495 1390 3557 Visum
1398 3509 1498 3558 autem

57 3585 95 3644 ud
102 3587 275 3658 justitiam.
300 3582 333 3641 Si
355 3602 416 3642 non
437 3603 473 3642 ex
497 3582 640 3661 operibus
654 3580 749 3639 Abra·
798 3582 856 3639 luit
871 3581 975 3653 Paulo,
992 3580 1242 3659 quemadmodum
1258 3590 1288 3641 et
1300 3580 1322 3640 J
1324 3585 1418 3643 aoobo
1433 3605 1497 3665 cap.

57 3670 317 3749 lsmjnstifioatus
330 3665 750 3748 estquaererepoteratfflu·
800 3670 828 3726 2.
845 3668 1020 3726 seutentiam
1045 3668 1121 3726 hanc
1146 3669 1256 3739 citare,
1279 3669 1352 3727 sieut
1374 3670 1499 3731 habetur

58 3754 174 3832 (luens),
197 3754 352 3837 quomodo
373 3757 467 3834 igitur
488 3755 592 3831 justus
610 3755 642 3812 in
657 3755 750 3832 scrip·
799 3753 877 3831 apud
908 3753 1023 3825 Lxx,
1050 3773 1176 3832 quorum
1200 3763 1265 3813 erat
1291 3758 1499 3835 receptissima

57 3846 126 3903 turis
152 3839 374 3924 praedicatur?
407 3840 584 3922 Respondet
606 3849 637 3899 et
662 3840 751 3899 docet
798 3842 915 3899 versio:
930 3838 1196 3920 maximequodita
1208 3842 1295 3900 etiam
1309 3842 1338 3901 in
1353 3843 1497 3904 Hebraeo

58 3931 218 4011 Apostolus
234 3948 273 3989 ex
287 3926 348 3987 fide
359 3929 558 4005 justificatum
576 3926 689 3986 fuisse:
713 3927 750 3985 si·
800 3926 918 4005 legatur
932 3925 1042 3986 Psalm.
1062 3927 1131 3986 105.
1149 3927 1238 3987 Unde
1254 3929 1342 3987 etiam
1359 3939 1497 4008 apparet,

57 4014 112 4077 nul
126 4028 167 4097 nt¹
176 4036 215 4077 eo
229 4013 369 4092 exemplo
386 4017 462 4074 tanti
477 4013 668 4095 patriarchae
683 4034 749 4092 pro·
798 4012 879 4072 haud
894 4020 975 4073 recte
984 4033 1021 4072 ex
1029 4014 1171 4073 Hebraeo
1180 4016 1305 4074 vertisse
1315 4015 1496 4095 Pagninum:

57 4100 288 4164 bstscsuadeat
295 4102 495 4181 principalem
504 4101 749 4181 propositionem,
799 4102 978 4175 Imputavit
991 4100 1074 4158 illud
1090 4101 1148 4159 sibi
1160 4103 1203 4160 ad
1213 4105 1384 4178 justitiam,
1401 4103 1497 4177 idest,

59 4206 113 4267 qna
123 4190 255 4261 dixerat
259 4188 425 4267 justificari
437 4189 588 4247 hominem
600 4207 654 4265 per
661 4186 749 4245 fidem
797 4185 949 4245 Abraham
965 4187 1021 4245 sibi
1039 4189 1104 4266 ipsi.
1130 4188 1221 4267 Quod
1234 4190 1353 4247 omnino
1367 4190 1498 4249 alienum

60 4277 117 4338 tine
130 4276 275 4357 operibus
291 4274 380 4354 legis.
396 4275 428 4334 si
444 4277 525 4334 enim
543 4273 695 4332 Abraham
711 4292 750 4333 ex
798 4282 845 4332 est
860 4293 878 4331 a
892 4291 982 4332 sensu
997 4274 1154 4353 utriusque
1168 4276 1320 4354 Apostoli,
1342 4285 1432 4357 etque
1453 4279 1496 4357 ip·

59 4361 119 4437 tua,
132 4375 164 4424 et
179 4383 241 4422 non
254 4380 295 4421 ex
310 4359 461 4440 operibus,
484 4360 670 4438 justificatus
687 4369 749 4433 est3
799 4361 859 4420 sius
874 4360 984 4432 Musis,
1007 4363 1059 4440 qui
1073 4369 1208 4421 sanetum
1223 4363 1422 4440 patriarcham
1436 4385 1497 4424 non

59 4467 142 4527 quem
161 4460 265 4509 tamen
286 4449 438 4527 scriptura
458 4457 603 4527 tanquam
626 4448 750 4526 egregie
798 4466 867 4518 suo,
891 4445 945 4505 sed
968 4447 1028 4505 Dei
1046 4446 1162 4524 judicio
1181 4450 1374 4527 justificatum
1397 4449 1497 4510 dicere

57 4535 164 4612 justum
180 4535 336 4608 describit,
352 4543 446 4613 atque
461 4535 493 4593 in
509 4533 680 4612 exemplum
698 4534 749 4610 ju·
798 4533 900 4592 voluit

61 4623 155 4684 eduae
169 4622 257 4683 nobis
272 4621 431 4703 proponit:
450 4621 544 4699 igitur
557 4638 613 4679 nos
628 4639 752 4699 quoqne
841 4619 968 4679 Praeter
983 4619 1057 4680 haec
1073 4619 1299 4696 observandum,
1314 4623 1440 4702 vulgato
1451 4624 1495 4684 in·

61 4726 114 4768 uon
126 4709 333 4791 exoperibus,
348 4707 403 4768 sed
418 4726 457 4768 ex
467 4706 527 4767 fide
533 4707 688 4786 justitiam
700 4726 750 4767 ex·
798 4707 919 4786 terpreti
934 4707 990 4765 tria
1006 4707 1082 4766 haec
1097 4707 1208 4782 verba,
1222 4717 1381 4788 reputare,
1403 4715 1496 4792 impu·
