3254 5190
156 277 226 349 tot

152 471 225 530 pore
248 456 393 528 existunt,
423 458 464 516 its
488 478 543 517 nec
557 478 615 518 uno
631 469 764 539 tempore
780 469 849 520 sunt

152 549 202 597 aut
219 538 338 600 fuerunt
354 543 460 603 infimi
476 553 505 604 et
528 555 709 623 peccatores.
736 546 847 606 Similis

151 624 224 684 ratio
241 625 279 684 de
295 627 439 688 adverbio
455 649 543 690 nunc
559 634 589 691 in
605 634 809 710 sequentibus.

196 716 224 772 9.
240 714 342 774 Multo
353 717 453 790 luitur
462 720 565 792 mauis
575 736 672 791 nuuc,
682 720 848 795 jusstificats‘

151 800 186 855 lu
202 803 359 874 sanquine
374 805 484 878 ipsius,
511 806 593 863 salvi
609 808 727 865 criasus
742 806 781 865 ub
796 811 847 864 ira

148 904 207 959 per
223 887 336 960 ipsum.
359 890 449 949 Salui
465 893 591 966 crimus,
609 890 725 952 Graece
740 890 847 968 σωθη-

152 962 281 1046 σόμεθα,
298 975 504 1036 salvabimur.
518 978 654 1037 Hilarius
670 978 744 1057 legit
770 979 847 1038 libc-

151 1058 297 1118 rubs'mur
311 1061 341 1120 in
356 1064 543 1141 expositione
559 1065 670 1124 Psalmi
688 1070 714 1124 2.
731 1064 845 1125 Collec-

151 1145 192 1202 tio
224 1153 268 1204 est
294 1166 312 1204 u
338 1150 451 1209 minori.
482 1151 514 1211 Si
540 1155 617 1211 enim
643 1161 777 1210 mortuus
804 1161 848 1211 est

151 1228 296 1306 Christus,
325 1242 357 1292 ut
382 1255 436 1295 nos
462 1248 634 1316 peccatores
657 1238 848 1314 justificaret,

151 1336 222 1394 ergo
237 1318 329 1379 multo
345 1325 439 1400 magis
455 1333 612 1404 postquam
627 1344 680 1403 per
697 1324 763 1400 ejus
780 1345 846 1384 san·

149 1403 279 1480 guinem,
295 1404 382 1478 idest,
397 1411 583 1489 passionem,
606 1431 663 1491 qua
681 1429 763 1469 suum
781 1432 847 1471 san·

150 1489 267 1566 guinem
295 1494 442 1571 profudit,
468 1497 624 1574 justificati
651 1517 767 1569 sumus,
794 1519 848 1578 per

150 1575 242 1653 ipsius
258 1578 392 1654 ejusdem
415 1585 519 1642 merita
538 1583 722 1644 servabimur
744 1585 775 1643 in
798 1605 846 1645 cx·

150 1669 243 1721 tremo
262 1664 377 1742 judicio
394 1669 433 1727 ab
456 1670 501 1728 ira
515 1670 632 1738 divina,
653 1670 684 1729 id
707 1679 767 1743 cst,
782 1673 835 1731 vin

150 1746 231 1808 dicta
248 1758 278 1808 et
300 1755 454 1831 punitione
481 1758 510 1816 in
536 1757 641 1835 impios
669 1758 846 1817 exercenda

150 1835 197 1894 De
212 1835 268 1895 hac
284 1840 361 1899 enirn
377 1842 422 1901 ira
445 1842 504 1902 Dei
527 1845 590 1920 jam
613 1864 703 1923 supra
730 1843 845 1903 locutus

150 1930 196 1980 est
208 1942 273 2002 esp.
293 1930 317 1984 1.
332 1929 360 1985 2.
374 1929 403 1986 3.
415 1937 446 1988 et
457 1933 485 1988 4.
514 1928 617 2007 Quare
630 1932 762 2004 sectarii,
777 1930 846 1990 dum

150 2026 189 2067 ex
204 2008 261 2069 hoc
276 2010 341 2072 loco
358 2012 465 2074 docere
481 2024 641 2088 conantur,
667 2017 777 2075 homini
793 2036 847 2095 per

150 2092 263 2156 Christi
282 2101 455 2179 sanguinem
474 2102 638 2179 justificato
660 2102 770 2162 nullam
786 2124 845 2161 urn-

149 2180 228 2260 plius
250 2194 363 2246 restare
386 2186 525 2249 luendam
548 2210 674 2269 poenam
697 2198 844 2267 tempora·

148 2267 222 2339 lem,
249 2291 304 2331 nec
319 2274 349 2332 in
365 2274 421 2334 hoc
437 2277 576 2345 saeculo,
599 2296 655 2335 nec
678 2276 707 2334 in
732 2274 845 2350 futur03

148 2354 238 2433 plane
255 2356 434 2440 detorquent
452 2363 590 2441 Apostoli
609 2363 701 2422 verba
723 2363 753 2421 in
775 2363 846 2420 alie-

148 2462 218 2501 num
233 2453 264 2504 st
278 2465 402 2524 pravum
423 2468 552 2508 sensum.
581 2450 674 2509 Porro
691 2447 846 2528 sequelam

148 2526 225 2589 hanc
241 2532 395 2592 confirmat
409 2535 552 2614 periodus
564 2554 707 2615 sequens:

194 2616 241 2675 10.
285 2620 320 2679 Si
335 2624 430 2695 enim,
454 2639 525 2681 cum
548 2624 670 2681 inimici
693 2639 843 2696 essemus,

148 2706 347 2764 reconciliati
361 2726 467 2766 sumus
482 2710 551 2768 Deo
565 2729 624 2785 per
639 2716 772 2769 mortem
784 2710 844 2786 ultr·

148 2791 233 2867 ctum
265 2792 367 2853 multo
392 2797 494 2870 mapis
519 2795 716 2855 reconciliati
719 2840 730 2870 ,
762 2796 844 2856 salut

148 2878 265 2936 sumus
294 2881 329 2938 iu
362 2883 427 2940 uita
456 2884 563 2955 ipsius.
595 2882 685 2942 Solvi
716 2886 842 2956 crimus,

148 2960 265 3024 Graece
285 2957 505 3042 σωθησόμεθα,
529 2969 606 3028 utin
621 2975 705 3046 parte
721 2988 843 3048 pracce-

148 3047 240 3108 denti.
264 3049 298 3110 Si
320 3054 411 3123 enim,
438 3054 550 3132 inquit,
577 3075 629 3133 per
644 3063 769 3114 mortem
785 3055 843 3115 filii

147 3137 193 3196 sui
216 3158 270 3198 nos
293 3138 427 3199 inimicos
451 3160 521 3200 suos
544 3140 602 3202 sibi
624 3141 842 3215 reconciliavit,

148 3233 260 3303 quanto
275 3227 371 3304 magis
387 3228 418 3286 in
433 3229 496 3286 vita
511 3227 647 3305 ejusdem
663 3228 717 3287 filii
729 3230 776 3286 sui
788 3248 843 3289 nos

143 3312 207 3389 jam
222 3311 429 3374 reconciliatos
437 3322 467 3373 et
478 3316 589 3374 amicos
597 3314 766 3375 salvaturus
775 3314 842 3375 est?

146 3399 295 3458 Extensio
311 3408 357 3458 est
373 3401 535 3481 superioris
547 3403 728 3480 argumenti,
743 3401 841 3482 dupli·

147 3494 216 3544 cata
230 3484 384 3561 antithesi,
405 3487 548 3548 videlicet
563 3488 641 3547 inter
657 3489 795 3548 inimicos
813 3497 842 3550 et

698 279 932 336 COMMENTARIUS
948 281 980 336 tu
998 283 1064 337 CAP.
1080 283 1110 337 Υ.

940 460 1035 519 Porro
1052 457 1134 537 quod
1149 456 1241 530 dicit,
1265 459 1301 518 t'u
1317 459 1385 517 vitu
1400 456 1520 531 ipsius,
1543 453 1594 514 alii

895 545 983 605 aliter
998 555 1157 624 exponunt
1173 543 1249 603 Mihi
1264 562 1371 603 seusus
1382 540 1517 602 videtur:
1533 539 1595 601 filio

895 633 988 711 ipsius
1000 632 1064 709 jam
1079 632 1212 703 vivente,
1227 650 1284 691 uec
1296 629 1424 707 amplius
1436 627 1596 700 morituro,

895 718 963 790 vel,
980 718 1062 798 quod
1079 717 1185 778 eodem
1200 715 1294 777 redit:
1318 735 1373 794 per
1386 713 1481 774 filium
1497 713 1597 792 ipsius

892 804 956 882 jam
987 805 1141 865 viventem
1165 812 1238 873 etc,
1264 802 1442 882 praesertim
1465 818 1534 860 cum
1556 798 1596 860 ad

896 891 1053 953 dexteram
1070 893 1164 972 ipsius
1180 887 1287 949 sedens
1312 889 1402 948 etiam
1424 886 1598 965 interpellet

895 998 948 1057 pro
964 978 1061 1045 nohis,
1077 989 1111 1039 ut
1127 976 1238 1036 dicitur
1252 974 1331 1036 infra
1346 994 1412 1054 cap.
1429 976 1457 1034 8.
1483 972 1595 1052 Quam·

896 1066 943 1124 vis
959 1067 1037 1126 enim
1053 1064 1137 1137 illud,
1153 1067 1189 1123 iu
1205 1065 1282 1138 vitu,
1299 1062 1396 1141 possit
1411 1059 1506 1119 etiam
1516 1059 1596 1119 verti

895 1171 952 1226 per
968 1156 1079 1226 ultum,
1095 1162 1128 1212 nt
1144 1150 1214 1210 fecit
1228 1149 1391 1219 Erasmus,
1406 1144 1537 1206 disemis
1551 1154 1593 1205 ta·

896 1258 964 1299 men
979 1235 1252 1320 praepositionibus
1274 1254 1345 1294 usus
1368 1240 1416 1294 est
1430 1231 1594 1311 Apostolus

896 1324 1038 1396 dicendo,
1051 1345 1112 1402 per
1126 1329 1260 1384 mortem
1276 1329 1305 1380 ct
1319 1324 1355 1380 irs
1372 1322 1456 1393 vitu,
1474 1319 1548 1398 quia
1563 1320 1594 1379 in

896 1412 986 1489 priori
997 1414 1125 1492 pretinm
1137 1408 1323 1488 significatur
1330 1415 1360 1466 et
1367 1406 1504 1466 meritum
1516 1404 1593 1465 redi·

895 1500 1013 1571 mentis,
1030 1500 1061 1558 in
1075 1497 1235 1578 posteriori
1252 1502 1347 1554 status
1362 1489 1501 1570 ejusdem
1526 1489 1592 1552 feli·

896 1584 967 1642 citer
982 1586 1145 1663 regnantis,
1157 1581 1194 1643 ad
1211 1601 1301 1660 quem
1315 1599 1369 1658 per
1380 1598 1466 1638 suam
1479 1581 1593 1656 passio·

894 1689 961 1731 nem
978 1679 1008 1730 et
1022 1681 1148 1731 mortem
1164 1677 1289 1730 evectus
1306 1674 1368 1738 est,
1395 1663 1504 1738 idest,
1530 1667 1594 1726 sits

895 1757 1071 1818 immortalis
1097 1766 1128 1819 et
1154 1755 1303 1836 gloriosa,
1337 1762 1482 1832 tanquam
1514 1750 1595 1814 diest

893 1845 1074 1923 Apostolus:
1101 1845 1127 1904 si
1149 1862 1204 1902 nos
1230 1841 1365 1901 inimicos
1388 1837 1594 1900 reconciliavit

894 1930 978 1990 Patri
994 1931 1132 1992 Christus
1147 1929 1266 2010 petiens
1278 1935 1310 1988 et
1319 1926 1461 1997 moriens,
1477 1935 1592 2005 quanto

894 2018 989 2096 magis
1004 2017 1217 2079 reconciliatos
1232 2013 1363 2075 salvabit
1377 2012 1488 2072 vivens
1503 2021 1535 2073 st
1549 2033 1593 2075 re·

893 2104 1013 2182 gnane?
1039 2106 1132 2164 Porro
1158 2110 1220 2162 tota
1241 2101 1316 2161 haec
1343 2098 1483 2179 Apostoli
1506 2118 1593 2178 argu·

892 2192 1036 2252 mentatio
1054 2212 1090 2251 eo
1107 2189 1292 2270 potissimum
1307 2185 1418 2258 tendit,
1433 2193 1469 2245 ut
1484 2183 1592 2247 docent

892 2297 976 2355 spem
989 2278 1156 2351 electorum,
1169 2277 1223 2354 qni
1231 2274 1296 2353 jam
1307 2272 1467 2352 justificati
1482 2280 1514 2333 et
1527 2293 1592 2353 pro·

892 2362 955 2422 bati
972 2365 1038 2429 sint,
1054 2385 1114 2424 non
1129 2360 1321 2423 confundere.

938 2454 985 2508 11.
1009 2452 1082 2511 Νοη
1104 2451 1208 2524 solum
1230 2453 1346 2506 autem.
1370 2443 1503 2524 Quidam
1526 2467 1593 2527 sup

892 2533 977 2613 plant
993 2556 1030 2596 ex
1048 2557 1095 2610 eo,
1108 2536 1189 2616 quod
1201 2534 1321 2612 longius
1332 2535 1511 2608 antecessit,
1522 2534 1592 2610 plc-

892 2624 1019 2683 rs‘amur
1039 2627 1074 2682 in
1090 2619 1351 2682 tribulationibus
1357 2641 1368 2695 ‚·
1396 2617 1448 2679 alii
1472 2620 1513 2681 de
1526 2641 1591 2701 pro·

891 2708 973 2767 ximo
989 2710 1112 2770 verbnm
1128 2710 1210 2770 salvi
1234 2709 1370 2782 orimum·
1392 2705 1446 2766 alii
1468 2709 1593 2785 partici-

890 2795 973 2873 pium
990 2798 1187 2856 reeoncs'ls'uti
1194 2819 1205 2872 ;
1230 2792 1311 2875 quod
1326 2793 1448 2852 tertium
1460 2794 1593 2856 maxime

891 2882 1031 2959 congruit
1045 2882 1251 2961 sequentibus,
1263 2888 1296 2939 nt
1310 2878 1435 2957 patebit.

934 2969 995 3028 Sul
1010 2974 1039 3025 ct
1053 2970 1236 3043 plectamur
1251 2970 1286 3027 ι’-η
1302 2967 1370 3025 Deo
1391 2985 1454 3041 per
1476 2968 1591 3029 Domi·

891 3072 968 3113 uum
1000 3056 1145 3116 nostrum
1174 3062 1290 3120 Jesum
1317 3053 1499 3129 Christum,
1532 3072 1592 3130 per

890 3160 984 3216 quem
998 3161 1086 3201 rsuuc
1097 3143 1390 3203 reconciliationem
1401 3143 1588 3218 accepimus.

893 3228 1094 3302 Glorientur,
1123 3229 1239 3289 Graece
1253 3218 1465 3303 καυχώμενοι,
1488 3228 1588 3304 plori-

891 3321 999 3388 autes,
1028 3323 1062 3373 ut
1082 3317 1273 3394 participium
1289 3314 1451 3393 participio
1465 3334 1588 3393 respon-

890 3399 977 3472 deat,
999 3424 1057 3460 non
1073 3401 1167 3461 solnm
1183 3399 1385 3474 reconciliati,
1412 3398 1512 3461 sedet
1525 3400 1587 3480 gle-

890 3488 1012 3546 riantes.
1048 3487 1162 3547 Sensus
1179 3491 1258 3549 enim
1269 3497 1333 3546 est:
1361 3488 1589 3566 quantomagis

146 3572 364 3648 reconciliatos,
380 3574 410 3635 id
428 3583 482 3649 est,
497 3576 617 3647 amicos,
633 3584 665 3635 et
677 3575 755 3634 inter
764 3596 841 3636 mur·
889 3572 967 3632 salvi
984 3576 1109 3646 erimus,
1136 3577 1188 3653 qui
1211 3595 1272 3634 non
1295 3572 1391 3634 solum
1415 3568 1515 3652 (quod
1525 3574 1588 3652 jam

146 3666 205 3716 tem
221 3658 276 3719 filii
292 3658 351 3718 Dei
369 3670 399 3721 et
414 3663 507 3721 vitam
524 3661 598 3739 ejus.
890 3656 967 3734 dixi)
983 3660 1168 3720 reconciliati
1185 3680 1285 3720 sumus
1300 3661 1384 3730 Deo,
1406 3667 1441 3718 ut
1463 3668 1589 3738 peccata

190 3743 334 3822 Quaeres,
350 3748 499 3827 quomodo
515 3748 595 3808 dicat
616 3747 684 3807 Deo
710 3752 842 3808 reconci·
890 3755 991 3806 nostra
1006 3767 1066 3806 non
1079 3749 1193 3825 puniat,
1209 3747 1261 3808 sed
1279 3748 1369 3805 etiam
1381 3746 1547 3823 gloriamur
1558 3748 1590 3806 in

147 3830 240 3903 datos,
257 3852 333 3912 quos
350 3835 560 3913 semperstah
573 3845 697 3894 aeterno
714 3834 842 3897 dilexit?
889 3835 958 3893 Deo
973 3854 1026 3912 per
1042 3834 1146 3893 Jcsum
1163 3833 1317 3894 Christum
1331 3833 1495 3893 Dominum
1522 3833 1588 3894 nesi

146 3917 329 3997 Responsio:
351 3923 437 4001 quia,
453 3941 520 3982 cum
535 3922 618 4000 prius
634 3930 759 4001 propter
772 3943 841 4000 pec·
890 3929 983 3993 num,
1004 3919 1091 3997 cujus
1118 3920 1262 3981 beneficio
1277 3939 1312 3977 ac
1326 3920 1435 3980 merito
1450 3938 1531 3980 nunc
1544 3940 1589 3981 re·

146 4015 215 4063 cata
229 4024 362 4067 essemus
384 4008 507 4068 obnoxii
530 4009 592 4067 irae
616 4010 696 4086 ejus,
725 4008 755 4067 id
782 4020 842 4083 est,
891 4006 1131 4066 conciliationem
1146 4009 1339 4085 accepimns3
1354 4005 1530 4085 gloriamur,
1547 4007 1590 4067 in·

146 4089 247 4169 digni,
272 4095 302 4152 in
326 4113 400 4173 quos
417 4095 524 4167 irratam
541 4093 701 4154 vindictam
719 4094 841 4156 damna·
891 4114 990 4174 quam,
1007 4094 1037 4152 in
1053 4092 1130 4163 Deo,
1145 4093 1230 4153 velut
1240 4102 1335 4172 patre,
1351 4091 1506 4171 cujusfilii
1517 4092 1590 4153 fact·

146 4178 236 4237 tionis
246 4190 406 4253 exerceret,
418 4203 472 4260 per
482 4182 609 4258 gratiam
616 4182 842 4259 justificationis
891 4199 991 4241 sumus
1008 4178 1170 4256 adoptione
1192 4200 1246 4258 per
1267 4179 1393 4258 gratiam
1416 4178 1591 4240 reconsilia-

146 4264 184 4321 ab
201 4264 253 4325 illo
269 4276 354 4326 reatu
370 4268 524 4339 liberavit,
540 4287 576 4326 ac
590 4266 697 4346 dignos
712 4269 783 4327 fecit
794 4270 843 4329 stri
891 4268 998 4338 tionis,
1014 4264 1100 4325 velut
1115 4269 1210 4326 omnis
1226 4273 1346 4325 nostrae
1359 4266 1520 4345 justitiae,
1545 4285 1590 4325 re·

147 4353 230 4429 regni
246 4356 403 4414 consortio.
429 4355 514 4413 Haec
536 4354 616 4414 eninr
639 4357 764 4416 mutatio
780 4365 843 4416 tota
891 4352 1109 4414 conciliationis
1126 4361 1155 4412 et
1170 4352 1373 4412 renovationis
1397 4360 1513 4413 autore.
1540 4351 1591 4412 sie

146 4438 176 4497 in
191 4439 277 4499 nobis
293 4450 346 4514 est,
362 4462 421 4500 non
434 4445 465 4501 in
477 4441 537 4515 illo,
553 4444 605 4520 qui
619 4442 842 4503 immutabiliter
890 4444 969 4501 enim
982 4442 1013 4499 in
1028 4439 1095 4498 Deo
1112 4439 1300 4518 gloriandum
1317 4457 1385 4499 esse
1400 4439 1515 4517 passim
1538 4437 1589 4499 do·

146 4529 183 4588 ab
200 4542 323 4591 aeterno
340 4533 402 4590 suis
419 4530 522 4589 clectis
538 4536 697 4608 praeparat
712 4550 749 4588 eu
775 4550 841 4607 gra·
890 4537 938 4588 cet
954 4535 983 4587 et
999 4526 1133 4585 hortatur
1148 4525 1322 4604 Apostolus.

146 4617 206 4675 tias
221 4637 294 4676 suae
318 4618 477 4689 beneficia,
504 4635 583 4696 qnae
599 4614 733 4676 conferat
747 4618 792 4674 eis
811 4618 842 4676 in
935 4618 983 4674 12.
1007 4614 1193 4687 Propterea,
1210 4615 1290 4672 simet
1299 4631 1473 4688 perunum
1486 4614 1590 4673 hemi·

146 4714 288 4782 tempore.
888 4699 1590 4776 nempeccutumiulsuucmundums‘utroult.
