3254 5190
107 286 178 354 lot
602 275 837 332 commanus
855 277 889 334 ns
905 278 971 333 css.
988 274 1047 334 tut

103 475 184 533 qnae
206 463 282 516 eunt
303 457 448 533 spiritns,
462 454 620 515 'nutant
643 454 795 534 Interpres
847 453 922 515 illud
938 455 996 516 loci
1007 456 1072 534 jam
1087 454 1187 516 chad:
1218 457 1332 518 dinan
1353 470 1430 516 varo
1447 456 1544 514 stram

103 543 141 602 de
157 562 210 603 suo
226 540 342 602 addidit
349 587 364 625 ,1
370 544 520 601 renuunt.
543 540 622 600 Nam
639 541 668 600 in
680 539 797 602 Graeco
846 549 1022 603 aeternam.
1037 542 1115 602 Item
1130 544 1211 622 parit
1224 542 1311 604 uoltis
1322 556 1442 623 pacem,
1456 539 1547 612 idest,

103 629 227 688 verbum
250 648 309 688 non
334 629 524 708 exprimitur,
546 625 600 686 sed
621 627 799 708 intelligitur
847 632 977 690 omnium
992 629 1137 690 bonorum
1153 638 1334 709 proventum
1349 636 1380 688 et
1397 626 1544 707 tranquil·

103 735 141 775 ex
159 714 289 775 membro
304 715 466 795 superiori,
481 716 616 790 sapiunt
630 714 681 775 vel
699 717 798 775 santi·
846 715 907 775 lam
922 714 1410 798 possessionem,seeundumillud
1422 734 1488 796 cap.
1501 715 1548 774 20:

103 810 170 862 unt.
182 801 268 863 Idam
284 802 362 863 enim
378 801 571 880 significatur,
582 809 616 859 ut
627 801 666 859 sit
677 819 797 862 sensus:
849 803 961 865 Gloria
976 810 1006 862 et
1020 805 1123 865 honor
1143 810 1173 865 ct
1192 820 1262 880 par
1283 804 1373 863 omni
1396 805 1546 878 operanti

102 889 247 949 Homines
262 889 439 968 spirituales
453 895 559 948 aurant
569 895 598 946 et
609 887 717 948 intenti
729 894 799 949 sunt
848 889 975 951 benum.
999 889 1083 964 Parit
1097 898 1207 961 autem,
1222 891 1294 969 quia
1307 896 1450 962 meretur,
1465 890 1543 949 sicut

100 976 131 1034 in
147 995 184 1035 sa
200 995 299 1055 opera,
316 995 394 1057 quae
410 983 612 1035 consentanea
623 982 693 1034 sunt
704 971 798 1055 spiri·
846 975 884 1036 da
900 975 1059 1057 prudentia
1075 980 1173 1038 carnis
1188 975 1300 1036 dictum
1316 984 1371 1036 cst

100 1063 144 1120 tui
161 1070 271 1135 sancto,
287 1071 317 1122 et
332 1081 412 1142 quae
427 1060 538 1122 tructus
554 1061 676 1140 spiritus
692 1061 796 1140 appol·
890 1063 1021 1125 Pulchre
1034 1083 1108 1125 vero
1124 1073 1155 1124 et
1176 1061 1399 1123 accommodate
1414 1061 1543 1141 Aposto-

101 1148 207 1220 lantur,
224 1147 291 1210 Gal.
308 1153 336 1211 6.
353 1149 480 1226 Exque
497 1148 589 1209 etiam
605 1147 671 1207 loco
686 1147 795 1228 proba·
846 1147 892 1218 lus
900 1148 1084 1231 prudentiae
1099 1151 1198 1213 earnis
1212 1158 1353 1221 mortem,
1369 1156 1401 1208 et
1414 1146 1543 1228 prudeu-

99 1235 159 1295 bile
173 1235 214 1308 fit,
230 1237 368 1316 spiritum
383 1237 414 1294 iu
429 1236 484 1294 hac
500 1233 644 1295 antithesi
659 1237 798 1295 carniaet
845 1237 907 1298 tiae
928 1239 1051 1318 spiritus
1073 1239 1167 1297 vitam
1189 1235 1340 1297 adscribit
1370 1234 1452 1294 Nam
1466 1254 1543 1303 caro,

100 1322 224 1401 spiritus
236 1323 366 1402 intelligi
377 1319 644 1401 (quemadmodum
656 1319 795 1401 exposui)
845 1324 933 1384 etiam
947 1326 1068 1405 proprie
1083 1332 1217 1404 sumpta,
1239 1322 1433 1384 mortalitatis
1458 1341 1544 1402 argu·

99 1408 242 1489 Spiritum
257 1419 408 1482 sanatum,
434 1406 465 1467 id
481 1417 542 1481 est,
569 1408 713 1487 Spiritum
728 1410 795 1483 Dei,
844 1418 975 1472 mantum
989 1421 1049 1485 est,
1065 1412 1187 1492 spiritus
1202 1418 1316 1483 autern,
1337 1411 1421 1470 vitae
1438 1409 1542 1489 princi·

100 1517 158 1557 non
173 1496 310 1571 hominis,
325 1497 400 1556 sicut
415 1502 447 1554 et
463 1495 496 1554 B.
506 1495 639 1556 Thomas
650 1497 795 1576 interpre·
844 1499 936 1578 pium.

97 1591 193 1658 tatur3
217 1583 308 1663 idque
332 1583 489 1663 sequentia
512 1601 566 1642 nos
582 1583 693 1643 cardus
709 1581 794 1642 doce·
887 1585 976 1644 Nunc
990 1586 1295 1664 argumentationem,
1317 1600 1397 1663 quaa
1414 1581 1447 1641 in
1461 1598 1542 1661 prae·

97 1671 178 1730 bunt.
844 1670 932 1731 dictis
946 1671 1086 1752 Apostoli
1100 1670 1202 1732 vorbis
1216 1672 1396 1743 continetur,
1413 1666 1542 1748 explice-

142 1759 169 1817 6.
201 1759 283 1816 Nom
295 1756 473 1833 prudentio
489 1757 613 1830 corni,
637 1772 723 1816 mors
738 1763 790 1816 eet.
843 1777 918 1818 mus.
935 1756 1070 1819 Instituit
1080 1767 1178 1819 autem
1190 1757 1325 1838 probare,
1341 1767 1376 1817 nt
1385 1765 1459 1817 aute
1473 1754 1540 1827 dixi,

97 1843 279 1916 Prudentia,
296 1842 411 1904 Graece
427 1834 587 1920 φρόνημα,
603 1842 728 1904 verbale
741 1862 792 1904 no·
843 1864 903 1916 eos,
916 1845 970 1924 qui
986 1843 1150 1906 secundum
1165 1845 1302 1926 spiritum
1318 1841 1486 1914 ambulant,
1500 1843 1539 1902 ui·

96 1950 164 1989 men
180 1931 218 1989 ab
234 1949 269 1988 eo
285 1926 387 2002 verbo,
403 1929 483 2010 quod
495 1929 560 2008 jam
575 1931 677 2003 vertit,
704 1935 791 2008 sapi·
842 1930 884 1991 hil
899 1930 1011 1992 habere
1025 1931 1234 2005 damnationis,
1259 1939 1290 1990 et
1305 1930 1540 2010 proinderiotu·

96 2024 156 2077 unt
172 2025 201 2077 et
215 2020 364 2077 renuunt.
378 2017 523 2076 Erasmus
538 2017 684 2095 affectum
699 2027 794 2079 maus·
841 2037 907 2093 ros3
924 2036 976 2078 eos
991 2038 1078 2092 vero,
1094 2021 1148 2099 qui
1163 2017 1326 2080 secuudum
1343 2035 1465 2077 carnem
1478 2025 1535 2076 sm·

97 2103 165 2164 tulit
187 2104 235 2163 hic
259 2110 290 2163 et
302 2104 333 2162 iu
354 2103 558 2183 sequentibus.
586 2103 792 2164 Tertullianus
840 2104 962 2175 bulaut,
982 2105 1130 2166 obnoxios
1146 2124 1213 2166 esse
1229 2103 1417 2164 damnationi
1432 2102 1542 2162 mcrtis.

95 2208 239 2266 sensnm,
255 2190 309 2249 lib.
325 2190 363 2250 de
377 2194 597 2250 resurrectione
613 2191 711 2250 carnis
727 2210 791 2271 cap.
841 2192 1012 2269 Utrumque
1027 2192 1133 2272 probat
1145 2192 1266 2271 proprio
1277 2189 1475 2271 syllogism03
1491 2208 1539 2268 po·

97 2278 146 2337 46.
174 2276 319 2336 Nonnulli
334 2280 565 2352 capitationem.
592 2275 667 2335 Mihi
683 2277 793 2356 signiti-
841 2279 950 2338 sterius
967 2277 1088 2357 quidem
1102 2279 1161 2338 hoc
1174 2276 1280 2338 moder
1296 2275 1469 2338 Prudentia
1480 2294 1539 2337 oar

96 2365 211 2423 mutius
238 2361 355 2422 videtur
389 2362 564 2442 prudentiae
595 2362 791 2437 vocabulum,
840 2365 888 2425 nis
903 2383 982 2424 mors
998 2372 1060 2440 est3
1084 2373 1131 2437 at,
1157 2365 1210 2446 qui
1230 2361 1398 2425 secundum
1423 2380 1539 2423 earnem

96 2449 176 2530 quod
193 2457 224 2508 et
238 2448 319 2529 apud
334 2457 454 2510 veteres
469 2450 594 2528 legitur,
610 2449 689 2508 huno
711 2450 791 2531 Apo·
842 2449 1004 2522 ambulant,
1020 2451 1148 2532 sapiunt,
1160 2470 1243 2531 'quas
1258 2452 1358 2512 caruis
1371 2459 1459 2524 sunt3
1471 2466 1538 2526 argo

95 2536 162 2595 stoli
177 2536 275 2595 locum
291 2537 426 2608 citantes,
453 2544 486 2595 ut
501 2536 678 2614 Hieronym.
694 2537 726 2596 in
740 2536 791 2596 lib.
840 2537 1008 2598 morientur.
1031 2537 1121 2597 Prius
1143 2547 1245 2597 autern
1268 2540 1325 2597 isto
1346 2534 1455 2596 modo:
1471 2535 1538 2594 Pru·

95 2630 198 2682 eontra
212 2620 317 2681 Jovin.
334 2642 400 2702 oap.
418 2626 482 2694 22„
499 2631 529 2681 et
544 2623 671 2700 August.
688 2630 792 2682 contra
841 2623 945 2684 dentis
961 2624 1085 2703 spiritus
1106 2625 1170 2684 rita
1193 2631 1241 2684 est
1260 2632 1293 2683 et
1311 2640 1391 2702 ραις
1416 2631 1465 2695 at,
1491 2619 1540 2700 qui

94 2708 177 2767 Fert.
194 2708 271 2786 disp.
289 2709 317 2766 2.
341 2707 406 2767 Neo
429 2709 506 2768 male
528 2705 737 2768 Tertullianus
760 2709 792 2768 in
840 2708 1005 2770 secundum
1020 2710 1159 2790 spiritum
1173 2709 1338 2781 ambulant,
1355 2707 1482 2788 sapiunt
1495 2725 1538 2776 aa

96 2794 241 2855 exhortet
265 2792 304 2852 ad
327 2795 421 2854 metit.
446 2814 512 2872 cap.
539 2795 586 2853 10.
608 2814 662 2873 pro
677 2793 792 2855 verbali
839 2814 919 2876 quae
933 2796 1152 2876 suutspiritusr
1167 2796 1340 2875 argovitam
1353 2810 1538 2874 consequeu-

94 2881 217 2940 verbnm
232 2882 382 2958 reposuit:
398 2882 480 2941 Nom
496 2882 791 2956 superoctonarium
839 2890 888 2942 tur
895 2890 924 2943 et
931 2901 1044 2962 paoem.
1054 2881 1225 2961 Utrumque
1232 2880 1440 2961 syllogismum
1447 2880 1540 2940 loma

95 2986 235 3041 carnem,
263 2973 416 3027 moreest.
433 2968 475 3027 Et
491 2966 647 3047 deinceps:
671 2969 791 3029 Stenn-
840 2968 1001 3028 dialectica
1016 2971 1200 3047 propositum
1215 2966 1286 3027 vida
1302 2965 1387 3047 apud
1403 2965 1440 3026 B.
1456 2965 1534 3027 'Pho

94 3055 172 3114 dnm
187 3056 335 3130 spiritum
352 3071 425 3114 uero
440 3069 561 3129 repere,
578 3056 654 3113 vitm
839 3074 918 3116 mam
944 3056 975 3114 in
1003 3054 1223 3115 commentario.
1258 3052 1484 3114 Obscuritatem
1508 3053 1537 3110 iu

138 3139 252 3200 Sensus
268 3140 347 3198 enim
363 3147 421 3199 est:
444 3139 572 3219 Sapere,
588 3158 708 3213 curare,
723 3160 790 3218 pro·
841 3148 983 3202 contextu
1009 3141 1138 3202 Paulino
1164 3139 1239 3200 iacit
1264 3138 1396 3200 musclis
1424 3157 1538 3199 sermo:

94 3224 198 3286 ridere
220 3246 270 3300 aa,
287 3243 366 3305 quae
380 3228 477 3286 earnis
493 3235 579 3300 sunt,
601 3234 725 3286 mortem
740 3225 791 3286 ad·
840 3230 925 3290 Nom
947 3228 1125 3304 prudentio
1150 3229 1258 3287 earnis
1279 3234 1334 3286 eto.
1368 3225 1443 3286 Nun
1458 3225 1536 3285 anim

94 3313 160 3385 ieri,
172 3320 296 3372 mortem
307 3321 448 3384 meretur,
460 3315 564 3392 utique
578 3321 738 3386 aeternam,
754 3310 792 3371 de
841 3322 968 3394 apparet
983 3313 1127 3394 quidnam
1142 3313 1256 3393 probat

94 3419 152 3480 qua
168 3399 244 3459 dixit
259 3418 323 3477 cap.
341 3403 369 3460 6.
393 3399 471 3459 Nam
487 3399 561 3477 finis
576 3399 706 3459 illorum
722 3417 791 3477 ope·
884 3399 946 3460 Sed
956 3398 1350 3468 iaciletolliturobscuriias,
1361 3399 1479 3459 sinam
1489 3417 1539 3476 per

93 3505 157 3546 rum
173 3503 259 3546 mors
274 3492 337 3561 eat,·
354 3493 385 3545 et
398 3486 702 3562 iterumzstipendia
714 3502 790 3562 pec·
841 3489 931 3564 atqui
946 3487 1171 3566 interpreteris,
1194 3493 1248 3544 aut
1262 3491 1346 3546 certe
1369 3485 1402 3545 iu
1424 3483 1539 3546 duabus

93 3575 156 3631 cati
176 3590 269 3632 mors.
293 3571 388 3651 Igitur
411 3573 510 3632 carnis
533 3571 693 3652 prudentia
712 3590 791 3631 mors
839 3573 998 3634 sententiis
1022 3571 1277 3653 praecedentibus
1307 3569 1454 3651 suppleas
1479 3569 1539 3631 ills·

92 3667 218 3718 vocatur
229 3659 267 3719 ab
280 3659 402 3733 effectu,
418 3660 489 3738 quia
502 3658 656 3719 mortifera
671 3666 725 3718 est.
840 3661 953 3719 tionem
965 3660 1022 3719 hoc
1034 3667 1139 3739 pacto:
1152 3661 1214 3739 Qui
1225 3657 1400 3719 sacrandum
1411 3675 1538 3718 earnem

135 3746 216 3805 No‘a
243 3764 407 3805 sermonem
428 3746 558 3805 hicnon
580 3764 645 3806 esse
667 3745 705 3805 de
720 3765 789 3824 pru·
839 3752 924 3820 eunt,
939 3748 1234 3822 praeseminant,
1250 3746 1396 3821 sopirent,
1409 3745 1539 3822 ideoque

92 3830 194 3891 dantia
217 3834 330 3906 camis,
352 3840 387 3890 ut
412 3840 457 3891 eat
471 3831 606 3912 speciale
622 3840 789 3914 peceatum,
838 3835 1027 3893 morientur.
1040 3835 1103 3911 Qui
1113 3850 1191 3893 vero
1203 3831 1379 3893 secundnm
1391 3832 1538 3908 spiritura!

92 3918 205 3999 dequo
222 3918 357 3979 Thomas
373 3921 401 3992 i,
418 3923 445 3978 2.
462 3939 513 4000 qu.
531 3923 581 3981 66.
599 3928 654 3979 art.
669 3922 695 3979 1.
708 3921 789 3992 eti,
837 3927 927 3992 rant,
952 3936 1033 3996 quoa
1047 3926 1123 3980 sant
1143 3922 1294 3996 spiritns,
1319 3920 1489 3994 sentirent,
1512 3923 1538 3976 at

92 4003 145 4065 aed
159 4014 193 4065 ut
207 4025 262 4087 per
278 4026 365 4065 omne
381 4025 476 4085 genus
493 4007 634 4065 vitiorum
652 4003 787 4066 diffundi·
833 4005 974 4083 proinde
988 4008 1106 4066 vivait
1130 4007 1211 4067 'Pum
1227 4005 1305 4065 euim
1321 4003 1480 4085 aptissime
1497 4021 1539 4064 ss·

90 4100 147 4164 tur,
164 4091 415 4172 quemadmodum
433 4111 473 4151 ex
489 4091 648 4152 antedictis
666 4099 712 4152 ast
725 4112 786 4151 rna·
836 4093 937 4172 quitur
950 4093 1106 4173 utriusque
1121 4093 1277 4172 probatio:
1291 4092 1376 4152 Nam
1389 4090 1538 4168 puden·

90 4178 236 4239 niiesmm.
251 4179 330 4243 Nun
345 4188 376 4238 ot
386 4177 542 4258 prudentia
554 4179 681 4258 spiritus,
697 4197 788 4258 quam
836 4182 882 4239 tio
898 4182 1023 4254 earnis,
1046 4196 1133 4240 mors
1148 4187 1209 4239 est:
1229 4178 1414 4255 prudentia
1433 4185 1538 4239 aram

90 4265 136 4327 illi
153 4269 254 4326 statim
278 4267 418 4347 opponit,
440 4266 591 4343 generalis
616 4275 661 4325 est
680 4266 786 4337 virtus,
835 4265 974 4342 apis-itae,
992 4268 1067 4326 vita.
1092 4263 1253 4326 Caeterum
1268 4263 1465 4343 prudentiam
1477 4282 1537 4325 osr-

89 4373 176 4417 omne
192 4373 287 4432 genus
300 4353 444 4412 honorum
454 4371 577 4431 operum
588 4353 785 4432 procuratrix.
835 4354 881 4412 uis
895 4359 1020 4413 mortem
1035 4371 1116 4422 esse,
1132 4352 1288 4412 coufirmat
1307 4368 1366 4430 par
1387 4349 1434 4423 id,
1456 4346 1537 4432 quod

133 4439 315 4500 Prudentia
323 4442 577 4515 autamspiritns,
593 4441 699 4499 vitaat
708 4456 785 4515 pue.
838 4438 995 4517 sequitur:

88 4526 204 4586 idest:
230 4526 345 4606 Sapere
367 4532 398 4585 et
412 4544 517 4585 curare
540 4544 592 4595 ea,
622 4533 786 4605 quaesunt
879 4527 907 4585 7.
930 4525 1269 4602 Quoniomropientin
1284 4525 1537 4585 comisiairnioa

88 4612 220 4692 Spiritus
247 4613 343 4673 sancti
368 4612 605 4692 concupiscentis
636 4610 784 4671 adversus
833 4618 877 4671 ast
890 4611 969 4671 Deo.
985 4608 1119 4671 Graece:
1141 4612 1323 4688 Propterea
1344 4611 1436 4686 quod
1455 4620 1538 4688 pra·

88 4718 216 4774 carnem,
230 4698 682 4779 paritnobisritanaeternam,
693 4699 785 4777 juxta
832 4699 942 4759 dantia
968 4701 1076 4759 earnis
1095 4699 1269 4771 inimicitia
1294 4703 1341 4758 est
1364 4699 1402 4759 in
1424 4698 1537 4759 »aas
