3254 5190
142 289 188 357 12
653 281 887 338 cancamum
905 281 937 335 u
954 282 1020 337 ctu.
1039 283 1058 336 1.

179 457 232 520 Ad
264 457 476 520 obediendum
508 458 583 536 tidei
615 462 652 520 ia
686 458 832 520 omnibus
881 457 1130 539 quemadmodum
1144 461 1233 521 vertit
1247 460 1392 521 Erasmus
1411 485 1473 523 non
1492 462 1581 538 male,

135 546 286 622 pentibus.
317 545 369 605 Ad
381 545 591 606 obediendum
602 546 688 622 fidei,
702 544 832 606 Graece:
880 547 950 626 quia
971 547 1148 624 praecessit:
1175 549 1211 607 in
1235 547 1347 624 quibus
1370 551 1440 610 estis
1462 556 1492 610 et
1513 568 1580 610 voa.

137 633 180 692 ad
203 633 416 694 obedientiam
437 632 519 709 fidei.
561 632 667 692 Fidem
697 640 831 710 metony-
924 632 1056 692 Dilectis
1079 635 1155 708 Dei,
1187 637 1307 694 voeatis
1336 640 1460 697 coactu.
1502 634 1582 696 Sub·

137 720 212 779 mice
232 720 333 799 posuit
352 738 405 798 pro
429 717 562 779 doctrina
583 718 667 779 fidei:
691 716 831 798 quemad·
880 717 959 791 audi,
975 719 1077 778 scribit
1092 720 1169 779 hanc
1185 721 1350 800 epistolam.
1388 723 1467 782 Nam
1482 742 1581 782 sermo

136 805 256 866 modum
278 814 309 865 et
329 806 429 864 Lucas
451 807 517 865 Act.
541 807 569 865 6.
586 805 704 865 dicens:
727 805 832 866 Marito
880 806 1036 885 hucusque
1058 825 1219 885 suspensus
1235 807 1282 867 hic
1305 807 1479 869 absolvitur.
1514 811 1580 869 Di·

137 893 232 953 turba
254 892 452 958 sacerdotum
475 892 638 952 obediebat
651 892 733 968 fidei.
756 891 830 952 Sen-
881 891 967 952 lectis
983 900 1012 951 et
1027 896 1146 952 vocatis
1160 914 1261 953 rursus
1281 896 1311 955 in
1327 893 1444 956 Graeco
1459 895 1582 955 nomina

136 998 200 1039 sus:
221 980 262 1039 Ut
276 986 381 1058 gentes
396 978 507 1058 ubique
522 979 668 1059 recipiant
682 976 832 1057 evangelii
880 986 957 1052 sunt,
979 999 1037 1038 non
1052 980 1216 1059 participia,
1231 972 1417 1059 ἀγαπητοῖς,
1434 978 1579 1059 κλητοῖς.

136 1064 308 1136 doctrinam,
332 1064 454 1124 credant
477 1066 643 1145 evaugelio.
673 1065 762 1124 Hanc
778 1085 829 1124 vo·
880 1064 992 1124 Sensus
1024 1074 1085 1124 est:
1117 1065 1230 1126 Amicis
1257 1066 1333 1139 Dei,
1364 1088 1399 1127 ac
1429 1068 1580 1149 gratuitae

137 1160 186 1210 cat
208 1152 422 1225 obedientiam3
446 1153 517 1231 quia
539 1153 673 1232 quamvis
695 1150 770 1212 fides
793 1152 832 1210 sit
880 1152 1044 1211 vocationis
1068 1152 1135 1230 ejus
1156 1150 1300 1214 beneficio
1317 1158 1436 1215 sanctis.
1460 1154 1580 1215 Graeca

135 1237 357 1310 inintellecta,
387 1244 487 1297 tamen
509 1237 548 1297 ad
579 1257 643 1297 earn
667 1238 828 1315 suscipien-
880 1258 939 1297 vox
964 1228 1127 1314 ἀγαπητὸς
1149 1258 1237 1318 quam
1259 1241 1320 1299 vim
1342 1240 1469 1313 habeat,
1500 1240 1580 1300 infra

136 1323 204 1384 dam
219 1325 386 1386 necessaria
401 1332 448 1385 est
462 1323 646 1398 obedientia,
670 1333 701 1383 et
715 1324 830 1384 humilis
880 1322 1060 1383 commodius
1083 1323 1281 1404 explicabitur
1296 1327 1335 1386 ad
1353 1327 1427 1387 illud
1443 1347 1507 1407 cap.
1527 1332 1579 1388 11.

136 1411 291 1472 submissio
324 1410 496 1470 voluntatis.
538 1411 588 1471 Sic
622 1414 640 1470 2
676 1409 744 1470 Cor.
781 1412 828 1469 10.
880 1411 1042 1471 Uerissimi
1081 1418 1215 1487 propter
1252 1420 1369 1488 potres.
1412 1414 1450 1473 Id
1480 1413 1578 1472 solum

134 1498 260 1578 loquens
283 1497 321 1557 de
345 1497 446 1556 officiis
469 1497 655 1577 apostolatus
677 1497 736 1570 sni,
759 1495 831 1555 dicit
878 1495 926 1556 hic
947 1515 1069 1569 moneo,
1102 1506 1234 1557 nostrum
1266 1500 1458 1580 interpretem
1481 1500 1578 1560 tribus

135 1605 168 1646 se
189 1585 221 1644 iu
243 1584 447 1664 captivitatem
470 1582 606 1663 redigere
630 1603 754 1644 omnem
776 1588 830 1644 iri·
877 1582 972 1642 modis
1003 1602 1067 1641 eam
1096 1603 1202 1643 vocem
1230 1584 1356 1647 reddere
1378 1586 1501 1660 Latine,
1523 1587 1576 1646 di·

134 1671 335 1732 tellectumiri
345 1667 664 1746 obsequium(Graece
672 1663 829 1747 ὑπακοὴν),
878 1670 1003 1744 lectam,
1030 1671 1236 1744 carissimum,
1261 1672 1515 1733 dilectissimum.-
1537 1693 1577 1734 ue

137 1759 349 1819 obedientiam
380 1757 503 1819 Christi.
543 1756 649 1816 Potest
679 1756 766 1829 illud,
793 1759 830 1816 ira
879 1757 944 1836 quis
966 1757 996 1816 in
1013 1755 1058 1814 his
1074 1755 1292 1835 distinguendis
1307 1761 1435 1819 inaniter
1449 1760 1575 1819 laboret

136 1845 281 1906 omnibus
295 1843 448 1920 pentibus,
465 1845 554 1903 etiam
571 1865 630 1903 non
646 1841 830 1903 incommode
921 1842 1046 1902 Sanctus
1069 1852 1176 1914 autem,
1199 1844 1255 1903 hoc
1276 1854 1321 1904 est
1334 1867 1408 1905 vera
1422 1845 1576 1926 praeditos

135 1933 266 1992 construi
278 1952 344 1992 cnm
356 1930 539 2009 apostolatu:
559 1929 639 2009 quod
650 1930 722 1988 fecit
733 1929 829 2009 Syrus
879 1931 1036 1989 sanctitate
1065 1936 1155 1988 vocat
1183 1930 1333 1992 Romanos
1361 1932 1481 2004 fideles,
1515 1951 1575 1991 nou

134 2020 287 2098 interpres.
331 2017 409 2076 Nam
432 2017 629 2095 apostolatum
647 2017 760 2077 Paulus
783 2036 829 2076 ac·
879 2017 949 2095 quia
972 2034 1074 2076 omnes
1097 2025 1127 2075 et
1148 2016 1257 2094 singuli
1281 2020 1375 2078 sancti
1398 2026 1496 2091 erant,
1520 2016 1576 2078 sed

135 2106 213 2184 cepit
243 2124 302 2164 non
331 2102 371 2162 ad
400 2122 491 2162 unum
521 2103 650 2185 aliquem
679 2103 829 2183 populum,
879 2102 958 2182 quod
981 2100 1118 2162 Ecclesia
1133 2103 1268 2162 Romana
1290 2104 1329 2164 ad
1352 2125 1441 2185 quam
1464 2104 1575 2175 scribit,

136 2190 189 2252 sed
211 2190 252 2250 ad
274 2209 375 2250 omnes
420 2196 511 2248 entes.
543 2189 722 2269 Quanquam
743 2208 828 2269 prae·
878 2196 910 2247 ut
926 2196 955 2248 et
977 2189 1036 2248 alia
1056 2208 1260 2268 quaecumque
1276 2191 1464 2269 particularis
1481 2191 1576 2250 eccle-

133 2279 242 2358 positio
266 2277 381 2338 Graeca
397 2210 434 2332 {a
457 2276 584 2354 priorem
600 2296 720 2336 sensum
735 2277 829 2354 magis
879 2276 937 2348 sia,
960 2276 1000 2334 sit
1021 2283 1190 2335 sanctorum
1205 2285 1306 2336 coetus
1322 2286 1352 2336 et
1371 2278 1574 2356 congregatio.

134 2373 226 2444 optat
879 2361 957 2420 Nam
980 2362 1075 2420 sancti
1097 2363 1128 2422 in
1149 2381 1329 2442 unaquaque
1352 2363 1480 2423 ecclesia
1507 2371 1577 2423 sunt

179 2453 245 2512 Pro
268 2452 398 2511 nomiae
420 2454 494 2523 ejus.
524 2448 611 2509 Haec
626 2467 696 2529 pars
713 2449 829 2508 omnino
878 2448 1040 2527 praecipua
1062 2449 1128 2526 ejus
1151 2449 1291 2508 membra.
1335 2451 1464 2528 Propter
1493 2449 1576 2530 quod

132 2537 292 2599 referenda
315 2545 360 2595 est
383 2535 420 2596 ad
440 2535 647 2614 apostolatum,
669 2544 704 2595 ut
725 2554 829 2594 sensus
879 2554 939 2593 non
961 2534 1055 2594 solum
1088 2535 1220 2595 ecclesia
1245 2537 1439 2610 universalis,
1469 2556 1576 2596 verum

134 2626 187 2685 sit:
218 2624 330 2702 Accepi
351 2622 533 2702 legationem
562 2621 641 2681 hanc
663 2620 830 2681 obeundam
879 2622 969 2679 etiam
990 2620 1143 2700 quaelibet
1163 2622 1350 2701 particularis
1376 2643 1449 2684 vere
1471 2631 1577 2683 sancta

133 2711 253 2771 nomine
275 2718 304 2770 et
327 2710 394 2768 vice
410 2706 528 2779 Christi,
552 2710 636 2786 cujus
652 2728 717 2767 sum
732 2709 827 2787 Apos-
878 2705 937 2765 dici
958 2714 1065 2785 potest.

133 2798 224 2858 tolus:
255 2794 416 2857 secundum
448 2794 522 2854 illud
551 2797 570 2853 2
600 2793 668 2854 Cor.
701 2798 728 2856 6.
763 2796 828 2855 Pro
921 2792 1106 2871 Quarenon
1129 2801 1314 2855 estnecesse
1337 2791 1575 2877 (quodquidam

136 2886 258 2948 Christo
281 2883 439 2958 legatione
459 2883 638 2959 fuooimur.
670 2880 738 2960 Quo
762 2880 828 2939 loco
876 2876 1001 2953 faciunt)
1024 2887 1142 2941 sanctos
1165 2881 1309 2942 hocloco
1332 2890 1363 2944 et
1385 2883 1452 2943 aliis
1475 2881 1576 2940 simili·

135 2973 240 3031 eadem
263 2978 308 3030 est
329 2969 511 3048 praepositio
535 2960 610 3044 ὑπὲρ
616 2990 628 3045 ,·
658 2987 716 3026 nec
743 2967 829 3026 slitcr
876 2967 932 3026 bus
954 2967 1143 3047 interpretari
1167 2987 1227 3040 ecs,
1251 2971 1302 3048 qui
1325 2989 1382 3048 per
1396 2970 1576 3049 baptismum

134 3059 182 3118 hic
204 3054 440 3135 interpretanda,
469 3053 548 3135 quod
576 3054 649 3114 fecit
678 3055 828 3126 Erasmus,
878 3054 969 3113 semel
992 3055 1166 3139 sanctificati
1192 3064 1274 3129 sunt,
1306 3056 1424 3115 etiamsi
1452 3055 1491 3115 ab
1522 3054 1577 3113 illa

135 3144 204 3204 dum
227 3144 332 3215 vertit,
355 3142 410 3202 sub
433 3144 533 3217 ipsius
555 3143 692 3202 nomine.
877 3141 1035 3200 sanctitate
1041 3141 1104 3217 jam
1118 3141 1292 3201 exciderint.
1315 3143 1383 3201 Hoc
1396 3143 1575 3222 euimpacto

178 3234 206 3290 6.
238 3232 279 3289 Iri
300 3230 412 3306 quibas
434 3231 504 3288 estis
520 3236 549 3288 et
563 3246 619 3288 vos
634 3230 830 3289 vocariJem
878 3228 972 3287 sancti
995 3227 1176 3300 dicerentur,
1206 3229 1256 3288 vel
1278 3230 1406 3288 Romani
1434 3230 1484 3289 vel
1514 3227 1576 3301 alii,

134 3318 258 3380 Christi.
282 3316 318 3376 Id
343 3323 398 3388 est,
423 3317 453 3374 in
476 3334 599 3396 quarum
622 3316 753 3394 gentium
776 3333 828 3373 nu·
879 3315 993 3374 etiamsi
1024 3313 1123 3374 nullus
1154 3316 1231 3376 inter
1261 3334 1312 3374 eos
1342 3335 1414 3375 vere
1445 3322 1575 3386 sanctus,

133 3425 215 3464 mero
239 3405 328 3464 ctiam
350 3423 405 3461 vos
427 3404 507 3474 estis,
528 3408 632 3481 utpote
650 3403 715 3480 jam
730 3401 829 3461 vocati
878 3398 909 3459 id
925 3409 978 3473 est,
996 3401 1097 3479 justus
1113 3409 1208 3460 esset:
1230 3402 1289 3460 imo
1306 3410 1411 3461 sancta
1425 3401 1576 3461 diceretur

133 3490 211 3552 Jesu
234 3489 359 3562 Christi,
390 3489 446 3548 hoc
469 3497 514 3548 est
543 3489 673 3566 gratuita
693 3489 754 3548 Dei
776 3509 827 3547 vo-
878 3486 1055 3546 universalis
1085 3487 1228 3562 ecclesia,
1265 3491 1384 3549 tametsi
1412 3488 1513 3549 nullus
1545 3489 1575 3547 in

133 3579 251 3637 catione
273 3577 346 3638 faeti
368 3574 472 3635 fideles
495 3576 573 3636 Jesu
596 3573 717 3634 Christi.
751 3575 829 3633 Nam
879 3591 915 3631 ea
937 3592 1009 3633 vera
1032 3574 1190 3634 sanctitate
1219 3583 1250 3633 et
1273 3576 1392 3652 justitia
1421 3573 1576 3655 praeditus

134 3674 163 3724 et
196 3664 252 3724 hcc
284 3664 350 3723 loco
387 3665 493 3723 vocati
529 3681 637 3721 nomen
671 3671 729 3734 est,
770 3679 830 3719 uon
879 3666 967 3718 esset.
1014 3658 1102 3739 Quod
1126 3668 1172 3720 est
1195 3662 1313 3720 omnino
1335 3661 1505 3722 absurdum.

133 3752 330 3831 participium.
353 3749 534 3828 Intelligitur
552 3749 670 3808 vocatio
694 3769 754 3807 non
777 3766 828 3809 ex·
923 3744 1036 3806 Gratia
1053 3746 1138 3807 uobis
1153 3755 1181 3807 et
1194 3766 1270 3824 pao.
1294 3746 1368 3807 Post
1389 3748 1576 3828 epigraphen

132 3846 217 3898 terna
239 3846 268 3898 et
290 3836 453 3897 communis
476 3834 542 3905 illa,
570 3854 648 3914 quae
677 3835 707 3894 in
728 3833 828 3893 multis
878 3830 1002 3891 solemni
1024 3853 1106 3892 more
1130 3834 1281 3893 exorditur
1307 3834 1462 3913 epistolam
1486 3856 1504 3894 a
1526 3855 1574 3893 sa·

133 3924 305 3999 frustratur,
337 3922 375 3982 de
399 3941 458 4001 qua
480 3921 587 3981 dicitur
616 3919 828 3999 in·evangelio
877 3918 1030 3990 lutatione,
1053 3939 1113 3998 qna
1134 3919 1213 3982 bene
1227 3928 1366 4000 precatur
1388 3922 1424 3980 iis
1446 3920 1486 3980 ad
1501 3941 1577 4002 quos

132 4011 236 4071 Matth.
262 4014 310 4072 20.
334 4009 430 4070 Multi
452 4010 566 4083 vocati,
591 4006 644 4066 sed
660 4026 718 4087 qua
734 4005 829 4066 effica-
879 4005 986 4064 scribit.
1032 4006 1091 4064 Est
1112 4016 1212 4067 autem
1235 4006 1309 4066 haec
1332 4007 1498 4086 apostolica
1520 4027 1576 4087 per

133 4101 209 4158 citer
230 4098 364 4159 homines
379 4105 524 4154 vocantur
542 4093 580 4152 ad
602 4092 700 4166 fidem,
723 4093 829 4152 sancti·
879 4092 1018 4172 epistolas
1031 4091 1180 4153 salutandi
1191 4092 1332 4168 formula,
1353 4114 1411 4174 qua
1423 4101 1454 4153 et
1466 4094 1577 4154 Petrus

132 4193 231 4257 tatem,
245 4181 655 4263 salutemzquaeestvccatio
668 4178 829 4238 secundum
877 4179 908 4238 in
931 4188 1055 4260 unaque
1079 4180 1221 4259 epistola,
1251 4187 1280 4237 et
1308 4179 1444 4240 Joannes
1475 4182 1505 4241 in
1528 4200 1575 4241 se·

131 4272 315 4352 propositum
338 4289 393 4329 seu
421 4267 723 4347 praedestinationem
753 4265 827 4326 divi·
878 4266 975 4325 cunda
990 4273 1020 4325 et
1034 4264 1133 4328 Judas
1155 4269 1200 4326 usi
1224 4273 1301 4327 sunt.
1346 4265 1478 4327 Verbum
1494 4266 1576 4347 quod

132 4378 213 4418 nam:
237 4355 385 4438 quomodo
407 4374 513 4414 vocem
535 4352 612 4413 hanc
635 4361 665 4412 et
693 4354 724 4412 in
745 4361 829 4433 parte
877 4351 926 4412 hic
949 4351 1150 4426 desideratur,
1179 4337 1311 4433 suppleri
1333 4361 1431 4432 potest
1452 4373 1492 4415 ex
1510 4355 1576 4433 jam

132 4452 288 4525 sequente,
312 4450 342 4502 et
364 4461 426 4520 cap.
451 4440 480 4500 8.
503 4440 591 4519 hujus
620 4441 776 4520 epistolae,
800 4447 830 4500 et
878 4438 965 4499 dictis
988 4440 1188 4520 apostolorum
1211 4440 1294 4500 Petri
1320 4448 1350 4498 et
1372 4439 1474 4501 Judae
1497 4443 1574 4520 epis·

131 4532 242 4611 passim
265 4529 337 4588 alibi
360 4526 473 4587 Paulus
496 4536 628 4608 usurpat.
877 4525 962 4586 tolia:
985 4526 1015 4587 id
1038 4535 1136 4586 autem
1160 4535 1221 4600 est,
1244 4528 1485 4604 multiplicetur,
1510 4529 1574 4590 sive

177 4620 204 4675 7.
241 4615 394 4677 Omaibua
410 4616 465 4692 qui
479 4622 553 4676 sum
568 4616 696 4676 Romae.
725 4613 829 4674 Potest
877 4612 957 4692 quod
980 4612 1058 4674 idem
1082 4621 1135 4686 est,
1159 4613 1383 4690 adimpleatur.
1416 4615 1473 4674 Est
1496 4617 1574 4675 enirn

131 4703 220 4764 stiam
242 4703 328 4777 verti,
351 4701 497 4766 omuibus
519 4704 575 4782 qui
597 4704 669 4764 estis
686 4702 826 4764 Borrae:
877 4698 957 4760 idem
980 4700 1010 4760 in
1034 4699 1148 4763 Graeco
1170 4701 1349 4763 vocabulum
1371 4696 1575 4782 πληθυνθείη.
