3254 5190
128 426 202 468 sano
223 408 289 489 ipse
311 415 376 469 orat
397 408 539 470 Gentium
562 409 682 481 Doctor‚
704 409 782 470 tales
804 429 924 492 quoque
947 409 1021 469 alios
1043 407 1144 469 lucore
1166 407 1334 489 satagebat
1380 409 1468 469 Talis
1491 408 1573 488 Apo·

127 510 271 572 stolorum
284 511 430 594 Princeps
444 512 563 587 Petrus,
586 514 656 575 talis
676 512 820 588 Jocobns,
843 512 978 575 Joaunos
1000 520 1030 573 et
1052 511 1162 587 Judss,
1186 532 1321 594 quorum,
1342 520 1376 572 ut
1398 513 1461 571 vita
1477 511 1574 572 formo

128 623 182 689 est,
205 617 249 676 sic
272 614 409 676 doctrina
431 637 535 677 norma
556 617 633 694 fidei
647 620 792 696 osusque
806 614 1003 677 Christianae.

231 719 321 799 Quod
342 739 410 780 cunr
433 721 526 800 probe
547 728 649 782 nosset
670 724 717 782 vir
737 720 820 781 vitae
841 720 1052 800 integerrimae
1075 728 1105 781 ct
1126 740 1212 782 rarae
1234 720 1413 782 eruditionis
1440 720 1574 781 Guilicl-

127 841 197 884 mrss
220 825 327 885 listins
333 867 343 898 ,
367 823 422 884 SS.
445 825 628 887 Litterarum
649 826 680 887 in
702 824 798 888 Acad.
819 824 966 885 Duacoua
985 823 1144 886 Professor
1164 824 1341 904 primarius.
1372 832 1404 886 et
1425 824 1574 884 univorsi-

127 928 199 986 trtis
222 926 334 991 ibidem
355 926 567 1002 concellarius,
589 947 728 991 necnon
750 929 908 990 seminario
929 927 1028 1006 Regio
1051 927 1182 988 Praeses
1203 927 1330 1008 allego
1352 926 1454 1001 datus,
1477 935 1574 988 totum

126 1049 193 1091 soso
215 1029 382 1092 sublimiori
403 1030 593 1094 litteraturae
614 1041 645 1094 et
666 1031 829 1093 formandis
851 1029 890 1091 ad
913 1031 1077 1092 animarum
1105 1052 1208 1092 curam
1230 1040 1261 1092 et
1282 1031 1440 1094 Ecclesiae
1461 1032 1574 1093 bonum

125 1134 253 1196 alumnis
276 1138 463 1197 consecrarit
491 1131 586 1218 (quod
606 1156 715 1199 munus
736 1137 877 1216 triginta,
907 1143 939 1195 et
967 1135 1098 1215 amplius
1127 1155 1222 1196 anuos
1252 1136 1364 1197 eximia
1393 1156 1459 1197 cum
1482 1135 1574 1197 laude

125 1232 251 1319 gessit),
282 1248 314 1297 ot
335 1240 497 1315 Epistulas
519 1241 716 1317 Apostolicos
737 1239 915 1300 doctissimis
945 1237 1254 1300 Commentationibns
1283 1239 1477 1300 illustrandas
1507 1258 1572 1297 sus-

127 1343 223 1422 cepit,
251 1360 415 1423 pcrsussus
436 1344 557 1424 utique,
587 1344 723 1425 spiritum
744 1345 914 1404 animumve
935 1344 1116 1405 Pastoribus
1138 1352 1168 1403 et
1191 1342 1400 1405 Ecclesiorurn
1424 1343 1574 1402 Praelatis

127 1445 267 1525 dignum,
295 1444 412 1522 idest,
442 1446 663 1527 Apostolioum,
691 1468 752 1508 uon
775 1446 896 1508 aliunde
916 1446 1038 1520 melius,
1072 1466 1163 1527 quam
1187 1465 1224 1506 ex
1251 1447 1325 1526 ipsis
1348 1447 1467 1526 scriptis
1490 1447 1570 1525 Apo-

126 1551 248 1611 stolicis-
262 1550 383 1611 haumri.

228 1653 310 1715 Huic
332 1674 421 1735 porro
444 1655 574 1729 auctori,
597 1657 682 1716 novis
705 1656 767 1733 jam
789 1654 867 1714 curis
889 1655 1034 1733 typisque
1057 1653 1214 1734 eleganter
1237 1652 1399 1726 adornato,
1423 1654 1492 1712 dum
1516 1674 1571 1732 pro

125 1777 209 1819 more
229 1759 391 1819 Petronum
414 1777 541 1840 quaero,
572 1759 661 1820 alium
689 1766 812 1839 praeter
833 1758 896 1833 To,
925 1755 1093 1818 Admodum
1116 1756 1298 1818 Reverendo
1328 1766 1359 1817 st
1379 1759 1573 1836 Amplissimc

126 1864 267 1937 Domine,
290 1865 393 1924 inveni
414 1864 573 1924 nominem.
618 1862 659 1922 At
680 1862 712 1924 id
733 1880 807 1922 saue
820 1860 1038 1940 percommode.
1083 1860 1156 1922 Sive
1177 1863 1256 1921 enim
1271 1861 1412 1940 Apostoli
1435 1863 1571 1940 spiritum

126 1986 310 2050 scopumqne
332 1976 449 2048 specto,
480 1968 546 2029 sive
567 1967 739 2047 interpretis
767 1964 899 2026 studium
921 1972 1112 2044 mentemque
1135 1965 1226 2039 libr03
1256 1973 1497 2044 necutrumque
1521 1965 1571 2022 Tu

124 2073 176 2153 pia
198 2079 230 2132 et
249 2071 331 2133 felici
353 2072 555 2133 aemulatione
574 2070 716 2144 sectaris,
747 2072 868 2150 utrique
889 2068 939 2129 'l'o
960 2067 1101 2128 Eruditio
1132 2076 1162 2128 et
1191 2076 1326 2147 spectatu
1348 2068 1452 2128 Virtus
1482 2069 1569 2126 adso·

124 2177 195 2237 cist
238 2177 388 2237 Fecerunt
401 2176 515 2250 ambos,
538 2184 573 2236 ut
589 2177 655 2256 jem
670 2174 720 2236 diu
742 2176 808 2247 isto,
831 2192 893 2255 quo
914 2193 993 2235 nunc
1008 2173 1121 2233 emines
1144 2172 1274 2251 fastigio,
1296 2172 1403 2252 dignus
1419 2172 1571 2245 habererc,

125 2278 263 2360 adeoque
284 2279 449 2356 Norbcstr',
480 2281 577 2340 suncti
597 2279 680 2340 illius
703 2287 734 2340 et
753 2279 857 2358 magui
877 2276 1034 2336 Praesulis
1056 2278 1165 2347 vestri,
1199 2277 1309 2336 virtute
1330 2278 1443 2356 pariter
1465 2287 1497 2335 et
1519 2298 1569 2334 no·

125 2385 208 2445 mins
230 2383 417 2445 claresceres.

228 2486 371 2549 Gratulor
391 2506 466 2549 sano
487 2507 526 2548 ex
549 2489 648 2548 auimo
671 2487 779 2548 Ordini
802 2488 880 2560 Tuo,
903 2484 1038 2567 gratulor
1053 2487 1218 2554 Ecclesiae,
1242 2487 1329 2565 cujus
1351 2486 1486 2547 decorem
1506 2489 1571 2565 jorn

16 2620 20 2633 =
126 2592 216 2671 quasi
236 2591 421 2671 postliminio
444 2610 498 2671 por
520 2600 566 2653 tot
588 2592 718 2671 inclytae
742 2590 868 2671 Dcoque
889 2589 1003 2651 dicatas
1025 2590 1247 2670 Religiosorum
1271 2591 1398 2651 familiae
1421 2590 1513 2670 deligi
1535 2613 1572 2650 ac

125 2694 216 2775 dirigi
238 2697 351 2775 passim
373 2695 525 2772 videmus3
548 2694 668 2775 etquid
688 2694 771 2755 eliud
786 2695 912 2755 ominari
929 2694 1011 2769 licet,
1033 2714 1102 2753 cum
1118 2694 1176 2769 Te,
1199 2696 1324 2774 'fuique
1346 2695 1457 2754 similes
1472 2697 1571 2771 viduo,

124 2818 233 2880 qnam,
263 2798 345 2880 quod
375 2799 431 2860 sub
452 2800 564 2861 talibus
586 2798 786 2860 Praesidibus
816 2798 976 2881 discipline
996 2797 1187 2878 Religionum
1214 2798 1345 2860 movebit
1367 2800 1509 2871 lacertos,
1542 2812 1572 2860 et

125 2910 243 2984 praetor
264 2923 346 2984 spem
371 2906 499 2964 omnium
521 2904 607 2985 quasi
628 2902 744 2963 reddita
762 2905 924 2982 juveutute
946 2901 1131 2964 revirescet?

230 3008 330 3068 Macte
344 3007 398 3068 tali
415 3009 534 3079 virtuto,
557 3027 618 3087 qua
640 3009 761 3086 cepisti,
783 3008 854 3068 vive
869 3007 945 3079 Deo,
968 3008 1049 3081 Tibi,
1071 3009 1213 3089 Tuisque
1228 3007 1277 3068 diu
1300 3008 1383 3080 felix,
1407 3018 1436 3068 et
1458 3010 1570 3068 salvus.

124 3112 177 3174 sic
198 3133 304 3194 precor
325 3132 364 3174 ex
387 3114 495 3186 animo,
519 3131 609 3192 quem
624 3111 695 3173 Tibi
718 3114 805 3173 unico
826 3110 968 3173 devotum
982 3114 1072 3190 sisto,
1095 3122 1148 3174 out
1169 3115 1195 3175 si
1214 3116 1319 3187 mavis,
1341 3115 1482 3193 Magnum
1506 3117 1572 3192 ejus

124 3224 232 3278 testem
247 3217 416 3297 Vutomque
438 3218 523 3276 mitto
546 3236 600 3278 vus
615 3216 778 3277 Electiorris
793 3218 933 3278 Paolum
940 3240 953 3296 ,·
975 3226 1117 3300 optoque,
1140 3228 1175 3278 ut
1196 3238 1263 3278 cum
1281 3238 1316 3278 so
1339 3229 1436 3279 certos
1459 3220 1570 3279 bonum

124 3331 287 3396 certamen,
309 3341 428 3383 currum
443 3341 630 3383 consummes
651 3320 788 3394 feliciter,
810 3329 842 3380 et
856 3319 979 3382 tandem
1000 3325 1161 3403 repositam
1180 3324 1252 3384 Tibi
1274 3343 1411 3384 coronam
1431 3326 1571 3403 justitiae

125 3449 144 3489 a
166 3426 258 3489 Justo
279 3426 392 3489 Judioo
413 3445 575 3508 perennem
598 3426 736 3506 rocipias.

227 3558 361 3618 miurus
379 3561 499 3617 mendis
517 3560 608 3624 ronna
628 3563 698 3613 Anno
717 3560 865 3614 Mltcxxxl.

435 3739 522 3800 Adm.
545 3738 714 3801 Reverend.
737 3746 770 3801 ot
790 3738 917 3819 Amplis.
941 3738 974 3798 P.
1000 3739 1052 3799 Ψ·

642 3925 823 3979 devotissimus

1099 4096 1183 4186 l’l'l'.
1209 4096 1469 4205 lllllllllldllld,

1216 4224 1363 4292 Bibliopols.
