3254 5190
439 278 602 335 merom
619 278 695 335 isi>
713 274 901 334 commus
934 270 1018 331 iffi.
1035 277 1078 331 st
1411 276 1485 347 50¹1

67 458 202 519 *Latinis
217 464 280 533 est,
296 476 334 517 ex
349 457 529 536 Hieronymi
544 456 741 536 castigatione
835 456 876 516 Ut
897 457 938 515 sit
960 448 1072 515 sande
1093 468 1226 528 corpora
1248 460 1278 512 st
1300 452 1432 528 spiritis
1448 451 1487 511 in

67 565 94 603 rs
118 542 247 605 habero:
272 562 309 604 ac
330 543 457 625 proinde
480 551 510 603 et
532 545 599 621 ipsa
621 543 741 603 Graeca
789 540 906 602 Graeco
922 541 1092 620 geminatur
1112 539 1285 618 conjunctio
1308 545 1486 614 sisorpors

67 630 123 689 iius
139 631 286 709 temporis
300 632 444 692 variasse.
482 629 553 690 Non
568 631 646 689 eninr
662 636 740 689 tran·
788 635 818 688 st
839 631 974 704 spiritu:
1001 623 1254 707 quemadmodum
1278 627 1364 685 etin
1384 623 1486 685 mults

67 715 136 789 ulit,
152 715 236 796 quod
251 718 283 776 in
294 715 411 777 Graeco
426 735 485 776 non
501 714 582 793 legit
605 715 742 776 Affirmat
787 715 903 774 Latinis
915 714 1005 773 etiam
1014 712 1153 772 vetustis.
1176 713 1313 791 Exponit
1322 709 1487 790 Apostolus

67 810 144 863 rtem
162 822 195 863 se
211 803 409 863 transtulisse.
789 800 872 879 quod
893 800 988 871 dixit,
1010 801 1126 875 sopitat
1150 816 1232 874 quae
1247 800 1382 860 Domini
1403 803 1487 858 sunt

79 888 146 949 Sed
154 909 212 949 nec
219 886 309 950 hodie
318 888 427 951 desunt
435 887 616 966 exemplaria
624 886 742 949 Graeca
789 887 858 947 Hoc
873 889 951 946 enim
967 885 1095 946 studium
1112 892 1165 957 est,
1181 885 1257 944 haec
1271 903 1344 944 curs
1358 892 1390 944 et
1405 883 1485 964 eogi-

67 974 162 1036 stiriis
178 975 351 1036 conformia.
373 976 507 1036 Annotat
518 973 666 1053 ejusmodi
682 973 741 1034 duo
789 975 861 1034 tatio
876 973 1012 1033 moliaris
1027 973 1172 1051 innuptae
1188 977 1219 1031 et
1233 972 1374 1050 virginis,
1394 978 1432 1033 ot
1446 972 1488 1030 sii

67 1058 127 1123 SS.
155 1060 305 1123 Robertns
320 1060 502 1142 Stephanus.
536 1061 676 1120 Tertium
703 1078 741 1120 ex
789 1068 902 1121 annac
917 1077 1049 1135 corpora
1065 1065 1094 1117 st
1108 1060 1233 1135 spiritu.
1271 1059 1392 1119 δαπαα
1413 1074 1487 1118 eor-

67 1148 247 1229 pographia
262 1146 392 1208 Simonis
415 1146 554 1208 Colinaei
574 1147 741 1227 proiectum
786 1165 877 1223 pore,
894 1146 926 1206 id
941 1153 996 1213 est,
1011 1153 1048 1204 ut
1062 1162 1169 1225 corpus
1184 1143 1295 1204 lrabeat
1311 1153 1403 1224 atque
1418 1162 1488 1204 con-

67 1256 85 1295 c
114 1236 209 1295 1534.
237 1230 413 1294 observavit
434 1233 612 1294 Francisons
633 1235 741 1294 Lucas.
790 1240 892 1294 servet
905 1230 1052 1292 mundum
1067 1251 1086 1290 a
1099 1229 1246 1291 foeditate
1261 1229 1406 1304 libidiuis,
1422 1231 1488 1290 sine

67 1321 126 1381 uin
157 1328 190 1381 et
220 1321 359 1399 seqnitur
388 1326 480 1401 atque
510 1316 636 1399 exponit
664 1320 742 1380 hanc
791 1338 853 1400 qua
878 1338 938 1380 non
964 1326 1011 1379 est
1036 1328 1122 1378 actus
1148 1317 1326 1396 conjugalis.
1367 1318 1489 1380 &natu

67 1414 214 1467 ramorum
229 1405 367 1466 codicum
382 1406 542 1467 lectionem
562 1414 669 1466 catena
683 1406 742 1467 Ge·
790 1408 917 1484 spiritu,
931 1412 966 1464 nt
973 1403 1012 1464 ad
1020 1403 1193 1465 munditiem
1202 1402 1387 1484 corporalem
1395 1404 1487 1466 etiam

67 1494 200 1567 musis,
237 1492 356 1554 Graeca
384 1490 514 1553 lectione
543 1488 741 1553 dissimulata
790 1493 883 1553 animi
897 1493 1012 1571 puritas
1025 1490 1167 1564 accedat,
1189 1508 1251 1571 que
1264 1491 1371 1552 mulier
1385 1491 1487 1569 hujus·

67 1599 130 1655 pas
143 1578 271 1660 quidem
283 1579 380 1655 lectio,
396 1580 422 1638 si
435 1580 503 1660 quis
510 1578 633 1658 propius
646 1587 740 1639 atten-
790 1579 871 1640 modi
878 1581 946 1639 Deo
957 1578 1162 1658 propinquior,
1174 1585 1206 1638 et
1217 1575 1256 1636 ad
1267 1597 1305 1637 ea
1314 1575 1488 1658 cogitanda,

67 1675 109 1743 st,
133 1668 238 1747 inepta
261 1666 366 1727 merito
387 1665 587 1725 videaturad
614 1683 742 1737 sensum,
792 1685 871 1746 quae
885 1666 1008 1725 Domini
1024 1673 1106 1738 sunt,
1122 1665 1221 1743 aptior
1235 1661 1386 1726 reddatur.

67 1771 131 1815 uem
145 1751 281 1813 reddunt
295 1755 480 1833 interpretes.
505 1751 584 1833 Quis
598 1753 677 1812 eninr
692 1751 742 1812 rei
834 1753 981 1832 Quamvis
998 1752 1088 1830 igitur
1098 1751 1188 1810 etiam
1202 1750 1311 1811 mulier
1320 1759 1417 1832 nupta
1431 1768 1487 1810 sno

67 1856 159 1900 raeco
181 1838 234 1899 vel
247 1839 357 1901 Latine
379 1840 423 1898 sic
445 1838 592 1918 loquitur:
608 1837 743 1899 Dissidet
791 1839 879 1899 modo
901 1839 1000 1918 possit
1022 1858 1058 1898 ac
1081 1837 1191 1898 debeat
1215 1855 1282 1899 esse
1303 1844 1409 1900 sancta
1424 1856 1489 1897 cor·

67 1926 226 1987 ‚ristetdw
247 1932 278 1984 et
291 1926 399 1987 Plator
421 1944 476 2004 pro
501 1945 536 1984 eo
560 1924 641 2006 quod
661 1925 741 1985 dice
791 1928 872 2006 pore¹
886 1932 918 1985 et
938 1925 1060 2005 spiritu,
1083 1923 1154 1984 dum
1176 1943 1209 1984 se
1233 1925 1388 1986 continent
1409 1924 1489 1983 iutra

67 2020 132 2086 stur,
148 2010 279 2073 dissidet
294 2012 666 2089 AristotelesaPlatone;
690 2020 743 2072 snt
790 2015 865 2074 fines
896 2012 1013 2072 meent
1041 2032 1077 2071 ac
1108 2010 1272 2071 Christiani
1306 2010 1489 2073 matrimonii

67 2099 136 2161 crito
166 2098 293 2181 plurali,
326 2097 474 2173 dissident
502 2098 682 2160 Aristoteles
712 2108 742 2158 et
790 2098 873 2175 (nam
900 2096 1051 2178 quomodo
1077 2116 1138 2157 non
1168 2104 1285 2170 sancta,
1312 2116 1366 2177 per
1396 2115 1489 2175 quam

67 2184 154 2247 lat'ei
175 2185 224 2247 lta
239 2183 397 2246 dicendum
419 2183 469 2245 hic
483 2184 605 2247 luisset:
626 2188 742 2247 Divisa
790 2185 1007 2262 modificatas
1035 2192 1079 2245 est
1108 2184 1160 2243 eir
1197 2182 1360 2261 infidelis?
1396 2201 1489 2262 supra

67 2273 227 2334 amnites
249 2292 270 2332 a
292 2275 435 2348 sisoim:
459 2273 550 2351 juxta
571 2290 663 2354 quam
684 2273 742 2332 ior
791 2292 880 2333 versu
908 2269 986 2346 rt),
1012 2270 1106 2331 multo
1132 2276 1233 2330 tamen
1256 2271 1432 2333 eminentior
1456 2271 1487 2329 iu
1596 2284 1600 2297 “

67 2376 121 2420 ram
143 2358 240 2421 vertit
260 2358 432 2420 Hentenius
454 2359 486 2419 id
509 2359 593 2438 quod
613 2359 689 2437 legit
710 2360 742 2420 iu
789 2360 917 2421 muliere
940 2361 1081 2437 innupta,
1106 2357 1279 2436 praesertim
1307 2359 1337 2418 in
1360 2357 1487 2435 virgine,

67 2446 246 2508 tcumsnio:
261 2446 376 2507 Divisa
391 2452 435 2506 est
447 2450 620 2522 conjupoto
636 2462 657 2504 c
672 2446 742 2505 oir-
790 2448 937 2507 sanctitas
953 2443 1194 2515 commendatur,
1215 2451 1249 2502 nt
1264 2463 1343 2523 quae
1362 2460 1486 2524 prorsus

67 2535 132 2594 ise.-
153 2532 205 2594 vel
220 2533 319 2613 potius
334 2534 363 2593 in
379 2532 506 2615 plurali,
529 2523 743 2610 μεμερισμὲναι
789 2534 889 2592 aliena
910 2532 948 2591 sit
970 2533 1009 2593 ab
1025 2550 1116 2611 opere
1137 2537 1167 2590 et
1181 2529 1341 2613 voinptste
1363 2526 1488 2591 carnali.

67 2613 112 2695 bi,
128 2620 257 2680 divisor
271 2626 346 2681 eunt
360 2621 477 2680 mulier
493 2626 523 2678 et
537 2622 637 2695 viros.
664 2619 743 2678 Nam
791 2618 861 2699 Qua
882 2618 1124 2679 consideratione
1142 2626 1237 2696 negat
1252 2618 1488 2679 Primasiusnu·

67 2706 257 2767 rrErasmns
270 2707 409 2767 verterit:
431 2708 547 2767 Divisa
570 2712 644 2767 suot
666 2706 743 2766 laec
790 2714 872 2787 ptam
898 2724 965 2767 erse
999 2713 1133 2766 sanctam
1160 2723 1285 2785 corpore
1311 2714 1342 2765 et
1370 2704 1487 2785 spiritu.

67 2812 104 2855 tto
142 2794 265 2854 mulier
280 2800 310 2853 et
332 2796 444 2869 vis-905
467 2812 556 2874 quum
571 2792 688 2855 Graece
703 2793 743 2851 sit
789 2794 852 2854 Suo
867 2802 966 2853 temen
982 2792 1069 2852 modo
1085 2798 1217 2851 sanctam
1235 2810 1304 2853 esse
1318 2800 1350 2853 et
1364 2808 1489 2870 corpore

67 2838 237 2959 tpdptorct,
261 2880 366 2940 divisa
382 2887 442 2957 est,
467 2897 523 2938 nec
538 2879 618 2940 adsit
633 2899 742 2960 suppo·
790 2890 822 2941 et
837 2882 960 2959 spiritu,
987 2878 1076 2941 docet
1090 2886 1183 2958 atque
1198 2878 1406 2960 exscriptoris
1420 2896 1489 2958 pro·

67 2976 129 3027 tum
144 2965 267 3047 plurale
279 2975 425 3041 nentrum,
439 2965 518 3048 quod
530 2967 624 3027 verbo
639 2985 742 3026 nume·
789 2968 842 3028 bat
853 2968 979 3047 August.
996 2966 1046 3027 lib.
1064 2965 1102 3026 de
1118 2964 1197 3024 bono
1207 2964 1364 3027 viduitatis
1378 2984 1445 3044 cap.
1458 2963 1488 3024 5.

67 3072 101 3113 rm
113 3060 205 3114 sn‘um
217 3054 424 3127 communicet,
439 3054 504 3133 ipse
518 3053 636 3113 viderit.
660 3050 741 3112 Illud
791 3062 823 3114 et
838 3054 866 3114 6.
883 3062 915 3114 et
930 3053 968 3114 de
983 3053 1063 3114 bono
1080 3052 1232 3130 conjugali
1247 3072 1316 3134 cap.
1335 3057 1384 3113 11.
1407 3051 1488 3112 Scri·

67 3138 291 3215 ido,'Paulum
314 3158 381 3200 esse
403 3140 538 3200 locutum
560 3158 643 3200 more
662 3139 741 3199 Scri·
789 3146 898 3220 pturae
913 3148 998 3201 sunt:
1019 3139 1186 3215 Templum
1198 3141 1259 3199 Dei
1271 3148 1416 3201 sanctum
1432 3145 1485 3215 est,

67 3246 165 3301 une,
182 3245 240 3308 quo
256 3226 387 3287 divisum
403 3226 517 3308 aliquid
532 3225 652 3298 dicitnr,
673 3227 743 3306 qnia
791 3228 877 3305 quod
892 3230 961 3288 estis
976 3246 1047 3303 voe,
1076 3245 1167 3306 supra
1183 3245 1247 3307 cap.
1265 3233 1293 3290 3.
1332 3226 1487 3301 Membra,

67 3322 141 3375 ntes
162 3312 259 3375 habet
277 3321 329 3373 ant
350 3314 482 3373 membra
505 3316 583 3373 inter
606 3332 640 3374 se
656 3312 741 3373 dissi·
791 3333 845 3376 seu
868 3332 1005 3393 corporo
1027 3321 1132 3376 vestro
1148 3314 1301 3391 templum
1322 3314 1489 3390 111111391-

67 3400 159 3474 sntia,
184 3408 218 3461 nt
232 3400 343 3460 Matth.
362 3403 410 3460 12.
434 3418 570 3476 raonem
593 3401 740 3477 divisum,
790 3404 872 3462 ritus
893 3404 1013 3478 sancti,
1036 3405 1092 3478 qni
1114 3403 1150 3460 in
1172 3401 1262 3461 vobis
1284 3408 1345 3476 ast,
1369 3420 1435 3485 csp.
1457 3404 1486 3461 e.

67 3492 168 3564 ritas,
185 3486 299 3547 demus
314 3488 427 3547 divisa.
451 3486 597 3548 Similiter
606 3488 698 3547 Marc.
712 3487 740 3547 3.
789 3492 841 3550 Sic
858 3488 1036 3564 aliquando
1059 3495 1088 3548 et
1110 3494 1239 3549 sanotae
1253 3490 1401 3550 maistres
1415 3506 1488 3564 sps·

88 3574 171 3635 Luc.
198 3577 246 3634 11.
275 3574 353 3634 Item
375 3573 441 3634 Act.
472 3576 519 3633 14.
558 3576 673 3635 Divisa
699 3583 743 3634 est
790 3582 899 3636 rantes
921 3579 957 3636 ist
980 3575 1488 3651 mommorenciacensem

67 3660 235 3735 altitudo,
266 3668 298 3720 et
326 3660 417 3739 irujns
448 3661 594 3741 epistolae
619 3679 684 3741 cap.
715 3667 741 3722 1.
787 3665 932 3739 propriis
946 3666 1033 3723 siris.
1059 3663 1152 3722 iPet.
1166 3663 1195 3721 8.
1218 3663 1340 3725 lismet
1355 3660 1486 3723 ecclesia

67 3748 416 3810 emercaretur?
439 3746 511 3808 licet
525 3748 674 3809 interdum
690 3748 740 3809 ad-
789 3768 849 3809 uon
876 3752 908 3810 in
935 3748 1008 3810 solis
1033 3748 1201 3827 virginibus
1227 3756 1323 3830 atque
1354 3750 1487 3829 innuptis

67 3838 239 3911 iturissae,
256 3834 481 3895 adversumse.
518 3835 568 3895 Sic
582 3835 679 3895 Panlo
694 3837 743 3897 vir
789 3846 894 3896 sancta
909 3845 962 3910 est,
978 3835 1076 3897 sedin
1092 3835 1238 3908 iisetiam,
1254 3840 1402 3915 quicasto
1418 3855 1489 3896 oon·

67 3930 190 3984 :oratus
206 3922 328 3981 divisus
344 3929 388 3982 est
410 3923 441 3981 in
463 3923 580 4002 seipso,
602 3923 740 3982 nimirum
786 3922 873 4002 jngio
889 3921 1022 4004 copulati
1036 3930 1114 3983 suut.
1148 3920 1309 3984 Notandus
1330 3922 1381 3984 hic
1402 3922 1487 3983 locus

67 4010 145 4071 rdiis
161 4009 341 4087 artibusque
357 4010 522 4069 cannariis.
564 4008 658 4068 Porro
674 4028 741 4070 sen·
790 4019 895 4070 contra
910 4011 1091 4081 haereticos,
1115 4008 1167 4090 qui
1181 4009 1292 4070 docent
1306 4010 1488 4090 virginitatis

67 4096 243 4159 sGraecae
258 4094 415 4169 lectionis,
431 4104 462 4155 nt
478 4114 545 4156 earn
560 4104 742 4175 acceperunt
790 4095 920 4158 studium
943 4097 982 4157 ab
997 4095 1143 4177 Apostolo
1167 4096 1368 4159 commendari
1390 4096 1487 4156 solum

67 4185 151 4246 raeci
169 4190 433 4254 commentatores,
460 4189 491 4242 et
504 4182 635 4242 Basilius
650 4200 741 4264 supra
789 4185 964 4255 eonomine,
979 4182 1061 4264 quod
1071 4183 1221 4244 bominem
1232 4183 1406 4264 expeditum
1421 4181 1486 4243 red·

67 4278 153 4343 atus,
170 4268 318 4349 ejusmodi
334 4278 387 4341 est,
403 4288 492 4349 quem
512 4270 660 4347 expressit
673 4289 739 4329 ver·
788 4270 839 4331 dat
854 4292 872 4331 a
888 4271 965 4331 curis
979 4270 1071 4350 hujus
1086 4268 1198 4344 muudi,
1214 4291 1273 4331 non
1288 4278 1389 4330 antem
1403 4268 1486 4350 qnod

67 4380 76 4419 r
104 4357 254 4435 Syriaca:
283 4356 412 4417 Divisae
438 4365 508 4415 sunt
534 4374 570 4415 ae
597 4355 739 4417 differunt
788 4376 841 4438 per
856 4377 889 4418 se
903 4359 972 4418 Deo
987 4359 1116 4436 placeat

67 4454 116 4505 ter
130 4462 167 4503 se
179 4441 286 4502 studiis
299 4448 328 4501 et
340 4444 419 4502 curis
432 4441 652 4525 quodammodo
669 4461 737 4503 con·
831 4446 922 4522 Quos
937 4452 1043 4505 catam
1058 4450 1163 4521 nupta
1182 4450 1241 4519 est,
1265 4447 1384 4520 sopitat
1404 4462 1487 4520 quae

67 4532 136 4593 ntis
152 4536 251 4609 nupta
265 4528 373 4588 molier
389 4538 419 4589 et
434 4532 536 4609 virgo,
556 4550 609 4589 sen
633 4530 740 4590 mulier
787 4539 864 4592 sunt
891 4533 1008 4592 mundi
1015 4555 1025 4592 .·
1059 4530 1217 4609 quomodo
1245 4532 1376 4607 placeat
1404 4534 1484 4591 viro.

67 4624 173 4698 rupta
208 4615 296 4675 Haec
312 4616 391 4675 enirn
406 4626 490 4676 curat
505 4636 558 4688 ea,
582 4636 662 4697 quae
677 4618 739 4677 Do·
787 4616 904 4679 Graece
924 4619 1070 4695 placebit.
1108 4617 1196 4678 Haec
1222 4618 1318 4679 altera
1344 4636 1416 4698 pars
1440 4624 1488 4679 est

67 4705 104 4766 ni
120 4712 210 4779 sunt,
227 4703 320 4781 juxta
333 4720 451 4764 sensnm
469 4704 609 4786 superius
624 4703 737 4766 datum.
786 4702 977 4782 discriminis,
998 4706 1084 4787 cnjus
1105 4723 1211 4767 sensus
1233 4713 1320 4792 patet
1340 4724 1380 4773 ex
1395 4722 1486 4792 snpe-
