3254 5190
93 272 139 341 78

89 440 188 511 latam,
203 458 282 499 nunc
297 439 408 519 repetit
423 439 491 497 aliis
503 437 620 511 verbis3
635 436 727 516 idque
740 457 786 496 su·

89 525 291 605 pradictorum
303 528 467 598 occasione,
479 527 606 584 maxime
618 525 691 604 ejus,
706 523 788 603 quod

91 612 240 684 docuerat,
255 612 356 671 Deum
368 613 432 671 sine
445 611 614 672 discrimine
622 610 788 689 justificare

90 709 150 758 tam
158 701 354 780 praeputium,
370 719 460 779 quam
469 698 719 758 circumcisionem
730 719 737 754 :
750 718 787 756 ex

91 806 149 865 quo
159 787 338 865 sequebatur
348 786 386 844 ad
397 786 542 864 justitiam
552 783 625 843 nihil
636 786 788 855 interesse,

90 874 170 932 sitne
186 875 253 951 quis
270 874 479 945 circumcisus,
502 892 541 930 ao
556 891 625 930 non.
653 869 712 929 Ubi
724 872 788 948 jam

89 961 187 1018 locum
203 958 295 1018 habet
310 960 464 1038 quaestio:
489 962 575 1036 Quae
592 958 682 1036 igitur
696 959 788 1015 utili·

90 1055 138 1105 tas
153 1046 426 1105 circmcisionis?
442 1045 592 1125 Quoniam
608 1064 681 1103 vero
693 1044 787 1103 Abru-

89 1133 158 1192 ham
174 1134 286 1212 primus
302 1131 474 1191 mandatum
490 1131 727 1190 circumcisionis
740 1144 796 1189 ac·‘

90 1221 177 1299 cepit,
194 1217 335 1298 idemque
346 1219 448 1296 justus
460 1238 496 1278 ac
507 1219 566 1278 Dei
578 1218 690 1278 amicus
703 1236 786 1296 prae·

89 1307 206 1366 dicatur
230 1306 261 1364 in
287 1306 457 1384 scripturis,
482 1306 550 1365 ideo
580 1306 787 1383 quaestionem

89 1394 215 1453 resumit
230 1393 262 1450 in
275 1412 404 1472 persona
418 1391 567 1463 Abrabae,
593 1391 675 1470 quod
691 1392 786 1450 saten-

91 1480 161 1539 dum
177 1478 323 1551 videatur,
339 1499 409 1538 eum
424 1478 519 1539 fuisse
525 1479 723 1555 justificatum
734 1497 788 1556 per

90 1567 359 1627 circumcisionem.
385 1565 464 1624 Nam
479 1565 583 1625 dicere
598 1574 718 1644 poterat
733 1565 786 1624 Ju-

89 1653 192 1726 daeus,
209 1654 282 1732 quid
297 1654 326 1712 ei
341 1653 451 1732 profuit
467 1653 659 1724 circumcisio,
687 1653 712 1710 si
728 1671 787 1710 non

89 1740 128 1801 ad
139 1738 312 1819 justitiam?
322 1739 422 1798 Valde
434 1741 511 1799 enim
524 1740 625 1817 magni
636 1737 788 1798 faciebant

89 1827 346 1887 circumcisionem
365 1826 497 1898 iudaei,
512 1837 545 1883 ut
558 1827 648 1885 etiam
664 1823 786 1904 quidam

90 1935 130 1974 ex
146 1916 191 1975 eis
207 1914 343 1973 dicerent
358 1913 395 1972 ad
411 1912 552 1991 gentiles:
568 1914 638 1972 nui·
650 1915 787 1972 circam·

89 2002 259 2076 cidamini,
276 2005 487 2075 compotatio
501 2000 635 2059 soloci-i.
651 2000 718 2057 Act
737 1998 785 2056 15.

132 2089 227 2149 Porro
244 2088 415 2167 quaestioni
429 2085 546 2145 Paulus
561 2087 604 2144 ita
615 2082 787 2164 respondet,

88 2184 123 2234 ut
137 2175 245 2235 doceat
266 2195 325 2233 non
349 2195 388 2234 ex
407 2173 647 2242 circumcisione,
672 2170 724 2231 sed
748 2190 784 2229 ex

87 2262 147 2322 fide
158 2261 361 2341 justificatum
375 2261 470 2319 fuisse
485 2258 653 2318 Abraham:
677 2278 732 2316 noc
743 2267 785 2315 ta·

87 2369 156 2407 men
173 2348 281 2408 inutile
294 2349 389 2407 inisse
404 2346 642 2406 circumcisionis
658 2346 785 2423 signum.

88 2434 282 2515 Quamquam
298 2456 358 2495 non
371 2433 505 2494 instituit
515 2432 563 2491 hic
571 2451 661 2510 agere
669 2430 708 2490 de
720 2430 787 2508 lege

88 2521 309 2593 caerimoniali,
335 2540 415 2601 quae
438 2518 509 2577 data
531 2516 590 2578 fuit
612 2518 702 2596 longe
718 2525 787 2595 post

87 2608 255 2681 Abraham,
287 2606 340 2667 sed
370 2605 465 2665 solum
492 2603 530 2663 de
551 2604 786 2674 circumcisione,

88 2712 175 2773 quae,
191 2695 270 2752 sicut
284 2695 329 2752 ait
343 2692 494 2752 Dominus
511 2690 599 2750 Joan.
619 2693 646 2749 7.
663 2692 736 2750 ll'on
749 2708 787 2748 ex

88 2782 173 2840 Mose
201 2788 280 2850 erat,
306 2780 359 2839 sed
375 2797 413 2838 ea
426 2778 591 2853 patribus:
615 2778 687 2837 licet
701 2777 785 2836 insti·

87 2867 162 2925 tutis
184 2864 336 2943 legalibus
363 2863 420 2923 sub
443 2864 530 2922 Mose
555 2865 785 2942 ceperitaunu·

87 2951 203 3011 merari.
230 2952 309 3009 Nam
332 2950 370 3010 de
393 2949 542 3028 legalibus
558 2951 588 3008 in
604 2952 786 3021 universum,

88 3036 167 3119 quod
183 3037 260 3096 nibil
283 3036 320 3096 ad
339 3037 492 3114 justitiam
516 3035 687 3108 conferant,
713 3035 786 3094 alibi

89 3123 177 3183 docet
191 3123 357 3203 Apostolus
374 3143 413 3182 ex
430 3121 579 3200 professo:
603 3129 639 3180 ut
661 3124 692 3180 in
708 3122 785 3199 epis·

90 3210 162 3268 tolis
170 3210 209 3269 ad
219 3209 346 3269 Galatas
355 3216 387 3268 et
398 3209 436 3267 od
445 3208 611 3268 Hebraeos.
623 3208 658 3267 In
667 3208 785 3268 Graeco

89 3296 137 3354 bic
154 3305 201 3355 est
216 3295 288 3355 ordo
304 3296 481 3354 verborum:
506 3296 590 3374 Quid
612 3313 685 3368 erpo
701 3295 786 3352 dice-

89 3400 159 3440 mus
174 3383 354 3456 Abrabam,
379 3389 507 3456 patrem
531 3388 678 3440 oostmm
694 3384 786 3440 iove·

89 3474 170 3528 aisse
186 3469 357 3529 secundum
373 3469 528 3526 curnem?
540 3478 574 3526 ut
589 3467 662 3526 illud
674 3486 786 3527 secun·

90 3556 169 3614 dum
199 3574 327 3614 carnem
358 3553 547 3614 referendum
576 3552 718 3612 videatur
749 3551 785 3611 ad

88 3640 215 3701 verbum
239 3644 402 3700 invenisse.
430 3639 519 3719 Quod
545 3639 668 3720 quidem
690 3641 788 3698 voluit

89 3727 186 3804 Syrus
202 3729 358 3805 interpres,
375 3725 444 3785 dum
456 3728 498 3785 ita
510 3729 616 3786 vertit:
629 3727 713 3804 Quid
725 3728 787 3801 ipi-

90 3821 144 3872 tur
159 3814 295 3872 dicimus
309 3814 347 3871 de
363 3813 537 3888 Abrabam,
561 3815 710 3888 principe
722 3831 787 3888 pa·

90 3907 194 3974 trum,
221 3901 307 3976 quod
329 3902 502 3958 invenitis
519 3902 637 3959 carne?
661 3898 741 3978 Quin
758 3906 787 3957 ct

89 3987 191 4045 Latini
206 3985 340 4065 quidam,
357 3993 391 4043 ut
405 3995 622 4045 commentator
635 3984 787 4056 Ambros,

88 4071 228 4151 Aquinas
243 4083 275 4132 et
290 4070 456 4149 cajetanus
473 4073 517 4130 sic
544 4076 786 4151 interpretantur,

89 4167 124 4217 ut
138 4160 309 4219 secuudum
325 4177 457 4218 carnem
479 4158 612 4219 referant
635 4158 674 4218 ad
696 4162 787 4217 inve·

88 4248 178 4304 nisse.
194 4245 291 4305 Juxta
300 4265 392 4325 quam
408 4263 462 4304 seu
474 4246 642 4317 lectionem,
652 4264 707 4304 seu
720 4263 788 4303 con·

89 4333 300 4406 structionem,
324 4351 430 4391 sensus
453 4333 522 4390 erit:
550 4332 633 4412 Quid
655 4331 787 4392 dicemus

89 4416 258 4491 Abrabam,
281 4426 397 4497 patrem
420 4427 569 4492 nostrum,
593 4426 788 4478 consecutum

90 4504 183 4564 fuisse
198 4525 253 4584 per
267 4505 525 4565 circumcisionem
541 4504 663 4565 caruis?

131 4592 173 4650 At
188 4600 290 4652 noster
305 4592 460 4670 interpres,
477 4593 531 4670 qui
545 4592 638 4651 verba
650 4599 787 4667 transpo-

89 4680 158 4751 suit,
173 4678 252 4738 bunc
268 4676 390 4737 videtur
402 4697 522 4738 sensum
530 4677 630 4738 facere
638 4677 788 4736 voluisse:

610 261 846 315 comitiatus
857 262 889 315 lli
898 262 963 315 CAP.
978 262 1018 315 tv.

836 437 923 517 Quid
939 436 1073 497 dicemus
1089 437 1249 512 Abrabam,
1265 440 1319 520 qui
1332 448 1420 520 pater
1435 446 1540 499 noster

838 534 885 584 est
901 524 1067 584 secundum
1083 545 1218 600 carnem,
1240 526 1269 585 id
1285 534 1347 600 est,
1370 524 1539 587 secuudum

836 611 986 670 carnalem
1009 614 1257 689 propagationem
1281 609 1430 693 (loquitur
1457 613 1538 671 enim

834 698 998 776 Apostolus
1015 717 1054 755 ex
1068 718 1198 776 persona
1212 718 1286 759 suae
1301 696 1422 778 gentis),
1445 697 1539 778 adep·

835 796 898 844 tum
905 785 999 844 fuisse
1008 803 1062 863 per
1069 785 1141 858 boc,
1159 782 1539 865 quodfuitcircumcisus?

837 873 915 930 Nam
924 871 963 930 de
971 872 1195 930 circumcisione
1204 874 1322 933 moveri
1330 873 1538 953 quaestionem

835 960 995 1037 sequentia
1011 957 1169 1018 docebunt
1192 959 1239 1018 Ita
1262 980 1384 1039 quoque
1404 958 1537 1038 Chryso

835 1055 965 1116 stemus,
979 1045 1106 1122 ejusque
1117 1064 1280 1124 sequaces,
1299 1056 1330 1105 et
1340 1046 1472 1106 Pbotius
1488 1064 1539 1105 ex·

835 1141 961 1210 ponunt,
978 1139 1176 1209 agnoscentes
1191 1131 1383 1211 hyperbaton
1401 1135 1434 1192 in
1453 1139 1540 1191 textu

836 1217 963 1278 Graeco.
987 1219 1167 1297 Faventque
1182 1218 1253 1279 buic
1268 1219 1485 1279 constructioni
1507 1226 1540 1277 et

835 1306 938 1364 sensui
954 1304 1015 1363 alia
1029 1305 1096 1363 loca
1111 1303 1194 1383 apud
1219 1305 1365 1380 Paulum,
1387 1315 1424 1365 ut
1446 1306 1537 1383 hujus

836 1391 982 1469 epistolae
992 1410 1055 1471 cap.
1067 1396 1092 1449 l.
1101 1413 1108 1448 :
1117 1393 1292 1451 Eraemioe
1301 1393 1414 1454 David
1421 1411 1536 1452 semn-

836 1480 911 1537 dum
928 1497 1066 1536 carnem.
1083 1479 1123 1536 Et
1144 1478 1220 1537 inira
1236 1499 1302 1557 cap.
1326 1484 1372 1540 e:
1397 1483 1537 1556 quisunt

835 1567 963 1640 cognati
977 1569 1039 1624 aiei
1053 1564 1225 1624 secandum
1240 1584 1381 1625 carnem.
1402 1568 1449 1626 Ac
1468 1585 1536 1626 rur·

835 1673 913 1711 sum:
934 1653 986 1712 Ea
1006 1652 1117 1728 quidm
1134 1659 1176 1710 est
1194 1653 1335 1713 Christus
1360 1652 1536 1713 secundum

836 1758 972 1799 carnem.
993 1739 1060 1797 Etl
1076 1737 1144 1798 Cor.
1161 1741 1225 1797 10.:
1247 1740 1355 1799 Videte
1372 1740 1478 1799 Israel
1488 1758 1535 1798 se-

836 1826 977 1884 wadum
990 1844 1128 1885 camon.

879 1915 908 1971 2.
924 1914 959 1973 Si
975 1916 1060 1972 enim
1075 1912 1239 1972 Abrohom
1262 1931 1299 1972 ea
1320 1912 1468 1990 operibus
1479 1914 1536 1986 iti·

834 1999 988 2075 stificatus
1018 2007 1078 2073 cst,
1109 1999 1202 2057 babet
1231 1999 1381 2075 gloriam,
1397 1999 1452 2058 sed
1467 2015 1536 2059 oon

836 2085 926 2162 apud
942 2088 1057 2146 Deum
1084 2085 1164 2145 Male
1188 2085 1309 2165 quidam
1332 2085 1471 2146 codices:
1499 2102 1537 2145 ea·

836 2173 983 2249 operibus
1006 2175 1097 2248 lepis,
1122 2171 1227 2231 addito
1250 2172 1366 2232 scilicet
1386 2169 1536 2232 vocabulo

835 2261 921 2334 lepis,
939 2259 1021 2337 quod
1036 2279 1092 2318 nec
1109 2261 1139 2317 iu
1156 2258 1281 2318 Graecis
1293 2267 1347 2332 est,
1362 2280 1422 2319 uec
1434 2259 1466 2319 in
1479 2258 1534 2337 Sy·

834 2348 932 2417 riaois,
947 2365 1003 2403 neo
1020 2346 1050 2405 in
1064 2344 1240 2404 melioribus
1256 2345 1384 2404 Latinis.
1400 2343 1463 2406 Sed
1478 2363 1534 2405 nee

836 2442 902 2492 erat
913 2432 988 2490 ratio
1001 2430 1231 2504 curadderetur,
1248 2450 1338 2511 quum
1348 2452 1450 2492 sermo
1460 2439 1537 2493 osso

835 2519 873 2578 de
888 2518 1055 2592 Abraham,
1079 2518 1167 2596 cujus
1182 2524 1318 2596 tempore
1333 2517 1385 2578 lex
1400 2517 1535 2579 noudum

836 2614 901 2663 erat
930 2603 1009 2662 data.
1042 2605 1133 2683 Legit
1163 2603 1286 2683 quidem
1319 2613 1536 2666 commentator

834 2691 975 2751 Ambros.
1002 2700 1032 2749 et
1055 2691 1195 2769 exponit,
1218 2689 1273 2750 sed
1295 2709 1367 2749 usus
1389 2690 1535 2752 mendoso

834 2786 933 2848 textu,
955 2776 1205 2856 quemadmodum
1222 2785 1253 2837 et
1265 2777 1420 2856 Aquinas,
1437 2777 1536 2838 etalii

835 2863 969 2943 quidam.
989 2864 1145 2938 Gloriam,
1162 2862 1280 2923 Graece
1292 2857 1451 2940 καύχημα,
1465 2864 1536 2939 plo·

834 2953 1018 3009 mationem.
1031 2949 1164 3010 Proinde
1176 2948 1286 3008 clarius
1297 2949 1352 3008 alii
1363 2958 1535 3011 verterunt:

834 3037 936 3111 babet,
951 3037 1038 3112 quod
1052 3038 1217 3111 glorietur.
1225 3037 1319 3095 Porro
1328 3036 1438 3096 vocula
1450 3039 1535 3097 enim

835 3145 894 3183 non
911 3123 1039 3181 causalis
1056 3131 1104 3182 est
1119 3124 1175 3182 lroc
1191 3122 1266 3195 loco,
1282 3122 1335 3182 sed
1352 3123 1536 3203 suppletiva,

835 3230 895 3289 qua
907 3210 1135 3288 responsionem
1147 3209 1328 3287 aggreditur.
1348 3208 1395 3268 Ac
1407 3211 1537 3289 primum

835 3295 940 3364 docet,
956 3294 1030 3374 quid
1054 3315 1111 3355 non
1127 3296 1220 3355 fuerit
1243 3304 1423 3354 consecutus
1441 3295 1536 3355 Abra·

835 3383 904 3442 bam
938 3401 993 3460 per
1022 3382 1292 3452 circumcisionem,
1322 3381 1433 3443 deinde
1464 3378 1537 3461 quid

835 3479 1023 3528 consecutus.
1046 3469 1148 3548 Negat
1171 3476 1363 3527 consecutum
1379 3467 1477 3528 fuisse
1488 3468 1537 3545 ju·

834 3557 955 3628 stitiam,
981 3556 1055 3634 quia
1070 3576 1129 3630 npn
1146 3555 1342 3632 exoperibus
1353 3554 1539 3633 justificatus

837 3652 890 3701 est.
914 3641 951 3700 Id
967 3660 1039 3700 vero
1055 3641 1163 3720 probat
1177 3641 1234 3700 boc
1258 3639 1362 3698 modo:
1387 3640 1420 3701 Si
1442 3634 1539 3700 Abra·

838 3729 904 3787 ham
923 3748 961 3786 ex
977 3726 1118 3805 operibus
1130 3729 1315 3806 justificatus
1339 3734 1401 3800 est,
1425 3736 1459 3787 et
1478 3747 1540 3786 non

839 3832 877 3874 ex
893 3813 966 3885 fido,
981 3812 1092 3885 babet,
1108 3816 1190 3874 unde
1213 3814 1375 3893 glorietur,
1402 3813 1484 3873 unde
1505 3832 1539 3875 se

834 3902 933 3979 jactet
944 3897 1025 3979 apud
1038 3899 1180 3972 homines,
1192 3910 1335 3977 tanquam
1345 3901 1473 3978 justum,
1485 3899 1540 3961 sed

835 4007 895 4047 uon
911 3985 995 4065 apud
1010 3985 1129 4061 Deum,
1145 3988 1218 4066 quia
1230 3987 1300 4045 talis
1307 3987 1430 4063 justitia
1442 3981 1541 4067 (qnod

834 4075 865 4134 iu
874 4073 1079 4152 superioribus
1088 4068 1303 4149 demonstravi)
1312 4093 1373 4132 non
1389 4081 1438 4133 est
1448 4073 1539 4152 justi·

835 4161 877 4220 tia
892 4160 961 4219 Dei.
985 4160 1080 4237 Atqui
1099 4162 1130 4218 in
1149 4160 1287 4220 confesso
1308 4168 1363 4219 est.
1385 4158 1539 4219 Abraham

835 4246 976 4305 babuisse
991 4246 1116 4324 gloriam
1128 4246 1208 4326 apud
1223 4247 1338 4306 Deurlr:
1365 4265 1425 4305 non
1446 4246 1541 4326 igitur

837 4333 1031 4410 exoperibus
1040 4332 1227 4409 justificatus
1240 4342 1293 4394 est
1306 4332 1538 4393 Hancenimar·

836 4421 974 4498 gumenti
991 4421 1215 4480 conversionem
1232 4440 1269 4480 ex
1281 4421 1420 4498 opposito
1433 4438 1538 4479 conae·

837 4505 1229 4584 quentisPaulusintendit.
1237 4507 1298 4566 Ubi
1306 4516 1408 4567 tamen
1415 4527 1476 4567 uon
1483 4506 1540 4567 hoc

837 4593 935 4665 sentit,
948 4612 1030 4665 eum,
1044 4594 1095 4671 qui
1108 4613 1147 4653 ex
1156 4592 1295 4673 operibus
1302 4592 1484 4671 justificatus
1494 4594 1538 4653 ri·

836 4676 930 4750 detur,
945 4680 1049 4738 merito
1057 4697 1148 4757 posse
1162 4679 1285 4758 gloriari
1297 4676 1337 4737 de
1353 4699 1408 4739 sue
1419 4678 1538 4758 justitia
