3254 5190
471 287 634 342 srrsrocss
652 288 691 342 ιο
710 287 863 343 scurras.
900 287 984 340 raas.
1003 289 1044 340 so.
1063 289 1105 341 ιι.
1461 299 1507 365 ³7

65 463 136 523 idern
152 464 307 542 significat
317 462 399 543 qaod
414 483 459 535 ea,
482 483 569 544 qnam
584 463 673 543 paulo
689 468 759 524 ante
856 463 1115 538 Contumeliosos,
1140 462 1257 523 Graece
1271 455 1430 540 θβριστθς,
1448 486 1508 546 quo

64 550 199 609 malitiam
215 552 313 610 vertit
322 551 477 628 interpres.
501 551 580 628 Apte
591 558 690 610 tamen
703 551 761 610 dis·
811 570 886 610 voce
902 548 966 607 fere
981 550 1165 628 significatur
1180 551 1359 610 contumelia
1374 551 1453 625 facti,
1475 562 1508 613 ut

63 638 211 715 tinguitur,
235 635 319 717 quod
334 630 464 711 πονηρία
486 639 656 704 versutiam,
671 637 702 696 id
718 645 763 697 est
811 644 858 696 est
872 635 1021 694 hominurn
1037 635 1188 709 ferocium,
1212 637 1263 716 qui
1286 636 1361 696 alios
1378 640 1507 716 pervim

63 722 147 781 iallu
162 722 300 783 nocendi
316 721 453 793 studium,
471 717 566 780 κακία
581 724 762 802 perversita-
811 722 988 803 opprimunt.
1013 720 1184 802 Cyprianus
1200 722 1273 801 legit
1287 727 1469 795 injuriosos.

64 820 115 867 tem
128 809 224 868 animi
241 809 365 888 proprie
380 808 549 884 significare
564 808 711 869 videntur.
852 807 1019 883 Superbos.
1042 810 1111 868 Non
1134 808 1229 867 solum
1251 809 1282 868 in
1294 830 1329 870 eo
1353 812 1506 890 superbos,

99 895 218 953 Plenus
234 895 375 969 invidio,
399 895 577 955 homicidio.
600 894 642 954 Ut
657 895 761 956 similis
810 893 889 976 quod
915 894 1014 952 Deum
1040 895 1190 972 cognitum
1215 914 1275 953 nou
1304 897 1379 956 sicut
1409 898 1507 957 Deum

10 984 12 989 '
63 981 120 1040 soni
134 990 207 1040 sunt
221 1000 316 1041 voees
330 981 361 1039 in
377 980 492 1041 Graeco
509 972 634 1056 φθόνου,
656 973 759 1057 φόνου,
809 980 1052 1060 glorificaverunt
1074 988 1126 1040 aut
1151 981 1262 1058 gratias
1288 992 1427 1060 egerunt,
1454 983 1509 1045 sed

10 1122 12 1129 .
63 1069 99 1126 ita
111 1069 187 1126 vitia
211 1077 355 1146 cognata,
377 1085 501 1146 quornm
523 1068 647 1127 alterum
670 1070 762 1128 oritur
810 1088 843 1127 se
864 1068 1015 1145 sapientes
1037 1086 1104 1127 esse
1122 1066 1279 1142 dixerunt3
1303 1069 1383 1148 quod
1406 1089 1507 1129 eorum

63 1153 211 1225 multare,
224 1155 320 1232 juxta
331 1152 405 1212 illud
417 1152 488 1232 Sap.
499 1157 527 1214 2.
543 1154 675 1214 Invidia
687 1155 761 1213 dia·
809 1163 963 1233 peccatum
990 1174 1080 1233 supra
1107 1162 1365 1213 commemoratum
1387 1155 1443 1215 fuit
1469 1156 1507 1214 ab

10 1252 15 1301 f
62 1239 120 1298 boli
133 1259 226 1300 mors
249 1242 388 1299 intravit
410 1242 446 1298 ire
462 1240 568 1301 orbem
590 1248 760 1300 terrorum.
809 1239 962 1319 apostolo:
993 1260 1095 1300 verum
1124 1241 1212 1299 etiam
1235 1240 1315 1319 quod
1340 1242 1506 1321 sapientiae

62 1326 98 1385 Et
113 1332 128 1386 1
147 1327 284 1387 Joannis
300 1327 329 1385 3.
346 1327 457 1386 Omnis
471 1329 526 1402 qui
541 1328 608 1386 odit
621 1328 760 1404 fratrem
808 1328 930 1386 nomine
957 1346 1023 1386 sese
1049 1326 1174 1385 caeteris
1200 1327 1367 1387 hominibus
1389 1328 1506 1408 praefe-

62 1431 160 1486 mm,
184 1413 350 1473 homicida
373 1421 435 1472 est:
457 1413 572 1472 scilieet
595 1422 647 1473 aut
661 1434 694 1473 re
708 1420 761 1472 ant
810 1422 923 1485 rentes,
959 1433 1024 1472 eam
1058 1412 1148 1472 animi
1181 1412 1350 1492 superbiam
1384 1423 1506 1474 externo

61 1498 221 1559 rohutate.
250 1500 354 1579 Quare
365 1506 397 1559 et
407 1498 456 1559 hic
467 1500 522 1559 sub
538 1499 695 1560 homicidio
707 1519 759 1559 vo·
810 1497 888 1558 fastu
910 1520 1024 1559 morum
1047 1498 1246 1571 ostenderent,
1269 1498 1508 1562 adeoutdehoo

10 1652 13 1667 ,
62 1585 203 1646 lautatem
215 1584 374 1644 occidendi
386 1586 614 1664 comprehende.
632 1587 709 1646 Nam
721 1586 760 1660 hi,
809 1586 882 1645 vitio
906 1586 993 1645 stiam
1015 1585 1095 1665 apud
1125 1587 1233 1664 vulgus
1261 1586 1338 1645 male
1360 1587 1506 1647 audirent

62 1671 96 1731 ds
114 1673 229 1752 quibrm
244 1671 411 1751 Apostolus
433 1672 571 1751 loquitur,
592 1682 626 1731 ut
648 1672 761 1732 invidia
810 1672 912 1747 Atque
927 1670 1006 1731 istud
1022 1673 1079 1730 boc
1095 1670 1161 1730 loco
1177 1672 1296 1750 proprie
1309 1674 1507 1751 significatum

61 1758 137 1837 pleni
149 1767 247 1829 erant,
262 1760 306 1818 ita
316 1758 472 1819 voluntate
485 1768 569 1818 erant
579 1758 760 1835 homicidae3
809 1758 933 1818 videtur.
948 1757 1120 1839 Eodemque
1131 1760 1261 1853 pertinet
1270 1759 1350 1837 quod
1359 1761 1505 1841 sequitur:

62 1855 212 1904 caeterum
238 1845 275 1904 ab
299 1864 390 1923 opere
418 1845 618 1925 perpetrando
642 1845 758 1924 legibus
852 1846 973 1905 Eletus.
992 1843 1109 1904 Graece
1125 1836 1292 1919 αλαζόνας,
1309 1866 1433 1926 proquo
1447 1845 1505 1925 Gy-

61 1926 199 1990 deterriti.
808 1932 931 2009 prianus
946 1931 1020 2008 legit
1030 1934 1189 2004 jactantes
1201 1934 1259 1989 sui.
1284 1932 1384 1991 Latini
1395 1942 1505 1993 vocant

99 2017 326 2092 emendem,
345 2019 430 2078 dolo.
453 2018 539 2078 Haec
554 2037 672 2099 quoqne
686 2019 760 2077 vitia
809 2017 962 2096 gloriosos,
985 2018 1083 2096 qualis
1105 2018 1157 2077 ille
1179 2016 1264 2075 miles
1284 2017 1366 2094 apud
1380 2020 1505 2078 Terent.

61 2122 121 2162 earn
131 2103 251 2163 invidia
263 2113 294 2164 et
305 2103 464 2164 homicidio
472 2107 590 2183 generis
599 2113 667 2163 sunt
679 2105 757 2183 ejus·
808 2106 920 2164 Elatus
936 2112 966 2162 et
979 2105 1129 2179 superbos
1141 2102 1236 2162 babes
1250 2105 1338 2162 etiam
1351 2108 1369 2163 2
1383 2106 1461 2164 Tim.
1476 2110 1503 2168 3.

60 2187 132 2248 dem.
147 2189 316 2251 Consentio
334 2200 379 2250 est
394 2209 461 2250 cum
474 2192 539 2270 quis
552 2200 648 2251 certat
659 2191 758 2251 studio
807 2192 920 2270 positos
936 2192 966 2248 in
981 2191 1058 2251 serie
1073 2208 1245 2269 magnorum
1261 2191 1407 2249 vitiorum.

10 2326 12 2339 .
61 2274 205 2346 abnuendi,
226 2297 287 2337 non
302 2296 404 2337 amore
418 2278 561 2337 veritatis.
585 2277 682 2336 Dolus
697 2298 758 2336 ma·
851 2279 1038 2338 laceratores
1059 2279 1228 2336 mulorum.
1251 2275 1285 2334 Id
1302 2285 1355 2349 est,
1379 2279 1504 2356 quinon

10 2368 12 2375 '
61 2360 188 2423 <finatis
204 2363 308 2422 estad
324 2362 499 2423 fallendum.
808 2364 941 2422 contenti
955 2364 1044 2434 vitiis,
1060 2363 1188 2441 flagitiis,
1203 2361 1310 2421 aliisve
1323 2364 1504 2435 excessibus,

97 2449 320 2524 Iulipaitate,
345 2450 461 2510 scilicet
484 2470 528 2521 ea,
551 2470 628 2529 quae
650 2451 681 2509 in
695 2471 755 2509 mo·
807 2469 881 2529 quos
896 2449 948 2507 alii
967 2450 1030 2526 jam
1046 2457 1116 2508 ante
1133 2452 1319 2521 invenerunt,
1343 2452 1431 2508 etiam
1447 2451 1505 2529 ipsi

59 2534 134 2595 ιίθιιι
163 2546 300 2617 apparet.
345 2535 381 2595 Id
413 2536 489 2595 enim
521 2537 668 2615 significat
696 2557 757 2597 vox
807 2557 886 2595 nova
902 2536 990 2594 luxus
1003 2556 1038 2594 ac
1051 2535 1204 2595 libidinum
1217 2555 1329 2613 genera
1340 2535 1504 2615 modosque

59 2620 175 2682 (lm
195 2617 381 2701 κακοήθεια,
405 2642 495 2702 quam
517 2625 614 2702 possis
635 2628 754 2684 morosi·
807 2623 986 2700 excogitant.
1001 2622 1109 2683 Potest
1120 2623 1209 2681 etiam
1222 2622 1349 2701 intelligi
1360 2622 1399 2682 de
1410 2623 1504 2695 malis,

60 2716 158 2781 mem,
174 2729 231 2768 seu
245 2730 360 2770 morum
375 2710 566 2788 asperitatem
581 2730 617 2769 ac
632 2709 754 2769 difficul·
806 2708 836 2768 id
849 2717 896 2768 est
908 2711 1090 2769 nocumentis
1103 2729 1139 2768 ac
1152 2707 1278 2768 nocendi
1290 2710 1501 2783 instrumentis,

61 2804 150 2855 tatem
166 2795 279 2856 dicere.
806 2797 914 2874 quibus
930 2793 981 2854 alii
996 2795 1163 2856 laeduntur.

98 2884 150 2944 30.
173 2884 384 2957 Semnones,
407 2882 608 2942 detractores.
636 2883 755 2961 Signifi·
848 2884 1039 2942 Parentibus
1062 2903 1127 2943 nea
1158 2882 1343 2943 obedientes.
1389 2881 1504 2943 Graece

57 2969 202 3039 mutii,
225 2972 279 3049 qni
298 2971 451 3049 proximos
473 2969 590 3029 occulte
612 2969 755 3043 mordent,
807 2959 971 3044 ἀπειθεῖς,
996 2970 1216 3043 inobedientes,
1240 2971 1435 3048 immorigeri,
1457 2989 1501 3028 re·

57 3054 99 3117 illi
111 3068 146 3115 at
161 3056 283 3116 solvant
304 3055 474 3128 amicitiam,
496 3055 545 3115 isti
566 3064 600 3115 ut
622 3055 757 3116 lacerent
806 3055 944 3128 tractarii,
968 3058 1020 3136 qui
1042 3058 1158 3116 monitis
1183 3057 1286 3116 uolunt
1305 3059 1502 3136 acquiescere.

56 3142 173 3203 finam.
197 3143 281 3203 Vitia
304 3142 427 3222 linguae
448 3142 515 3221 plns
532 3144 603 3203 satis
618 3152 697 3214 nota,
719 3165 755 3203 ac
806 3141 925 3203 Graeca
938 3164 1000 3202 vox
1021 3152 1113 3215 sonat,
1137 3163 1173 3201 ac
1196 3144 1221 3202 si
1238 3142 1319 3202 dicas
1343 3145 1501 3222 impersua·

55 3231 177 3290 nimium
192 3229 372 3310 frequentia.
804 3229 914 3303 sibiles,
930 3250 991 3308 qua
1006 3231 1116 3307 passim
1129 3231 1158 3289 in
1172 3231 1317 3308 scriptura
1332 3230 1499 3308 significan·

96 3316 321 3378 Deoodibr'lea.
333 3316 546 3393 Hanepartem
554 3316 656 3394 glossa
665 3336 754 3396 quae·
805 3325 853 3374 tur
867 3314 1021 3375 increduli.
1054 3314 1114 3375 Sed
1129 3316 1177 3373 hic
1192 3325 1313 3395 propter
1328 3316 1500 3395 adjunctum

55 3403 122 3465 dm
136 3405 277 3465 annectit
298 3403 375 3483 parti
389 3402 590 3482 praecedenti,
613 3412 754 3482 tanquam
806 3401 936 3462 dativum
957 3402 1149 3477 parentibus
1171 3401 1361 3463 obedientiae
1378 3404 1499 3483 opponi-

55 3488 521 3571 mtiatapostolusdetractores
533 3509 601 3549 esse
611 3491 679 3550 Deo
692 3489 754 3550 odi·
805 3499 860 3548 tur.
884 3487 1009 3548 Addidit
1024 3488 1100 3548 hanc
1115 3495 1229 3567 partem
1246 3488 1418 3568 Apostolus,
1441 3511 1501 3569 qua

55 3577 139 3638 bilsa.
163 3576 229 3638 Sed
243 3577 349 3638 melius
365 3576 488 3635 seorsim
503 3576 619 3655 legitur,
641 3584 676 3635 ut
690 3597 754 3637 cae·
806 3576 912 3636 doceat
927 3575 1043 3636 illorum
1056 3574 1196 3633 malitiam
1209 3594 1245 3633 eo
1257 3595 1453 3654 progressam,
1470 3586 1503 3637 ut

55 3676 116 3724 tn
130 3666 212 3725 vitia
228 3663 277 3723 hic
289 3670 471 3723 enumerata.
494 3661 751 3724 Graeceunadic·
805 3662 949 3722 adversus
972 3663 1065 3741 ipsam
1087 3669 1221 3720 naturam
1243 3669 1419 3740 pugnarent,
1442 3684 1503 3723 non

53 3752 95 3811 tio
103 3760 155 3812 est
169 3749 369 3826 θεοστυγεῖς,
386 3755 533 3829 questam
544 3750 692 3827 significat
705 3769 756 3812 eos
806 3748 901 3809 solum
913 3750 943 3806 in
956 3747 1137 3827 turpitudine
1148 3747 1339 3826 voluptatum,
1351 3747 1431 3828 quod
1438 3750 1504 3828 jam

54 3838 164 3919 quibus
180 3838 270 3897 Deus
293 3855 403 3896 exosus
425 3843 479 3908 est,
501 3855 590 3914 quam
606 3837 658 3915 qui
673 3839 756 3897 exosi
807 3835 918 3895 dictum
941 3844 993 3906 est,
1016 3855 1118 3894 verum
1142 3835 1232 3893 etiam
1255 3836 1284 3893 in
1308 3833 1502 3896 detrectando

54 3926 130 3984 Deo.
146 3924 241 3983 Prior
252 3923 431 4002 significatio
443 3923 538 4000 magis
549 3922 676 4001 quadrat
687 3924 756 3983 huic
807 3922 919 3983 honore
932 3930 963 3980 et
975 3921 1116 4002 obsequio
1128 3921 1300 4000 parentibus
1314 3919 1423 3981 debito.
1440 3921 1503 3982 Sed

55 4012 129 4071 beo.
148 4009 336 4070 Beiemntur
349 4009 426 4069 euim
439 4009 681 4082 vitiahominum,
697 4030 758 4071 non
807 4018 837 4068 et
858 4009 916 4068 hoc
939 4008 1043 4067 vitium
1067 4010 1167 4087 posuit
1183 4013 1201 4068 2
1218 4009 1296 4067 Tim.
1315 4012 1342 4069 3.
1365 4009 1443 4068 inter
1458 4029 1502 4081 aa,

55 4099 114 4159 Dei
127 4117 206 4176 erga
222 4096 355 4157 homines
371 4095 504 4154 affectus.
528 4094 617 4156 Unde
630 4094 756 4176 Cypria·
808 4094 915 4175 quibus
931 4102 1065 4173 tempora
1080 4093 1242 4154 redduntur
1257 4095 1434 4172 periculosa.

54 4205 109 4245 m
131 4184 223 4263 epist
248 4185 297 4244 68.
315 4182 388 4262 legit
402 4181 604 4242 abhorrentes
624 4184 704 4259 Deo,
728 4184 758 4243 id
852 4183 902 4240 31.
926 4183 1124 4257 Incipientea
1148 4181 1217 4240 Vox
1233 4181 1357 4252 Graeca,
1370 4201 1458 4261 quam
1475 4190 1505 4240 et

56 4280 119 4343 eat,
142 4271 255 4350 quibus
281 4270 367 4329 Deus
392 4275 438 4329 est
463 4268 593 4341 horrori,
623 4269 758 4329 nimirum
809 4276 878 4328 ante
894 4267 1057 4339 habuimus,
1077 4268 1129 4328 nbi
1143 4270 1298 4344 insipiens
1314 4285 1368 4327 cor
1384 4286 1503 4341 eostam,

55 4367 182 4439 propter
199 4357 350 4434 justitiam
373 4376 431 4436 qua
453 4355 588 4415 vindicat
610 4357 639 4415 in
655 4357 757 4416 malos.
810 4356 957 4434 significat
979 4355 1175 4434 intelligentia
1198 4355 1370 4428 destitutos,
1405 4353 1435 4413 id
1459 4364 1505 4414 est

56 4444 165 4526 Inque
175 4445 256 4524 parit
268 4445 325 4505 hoe
335 4444 441 4503 vitium
452 4443 596 4502 scelerata
609 4446 759 4504 couscien·
809 4465 869 4502 non
881 4449 960 4502 recto
973 4443 1095 4502 rationis
1103 4442 1216 4521 judicio
1227 4449 1354 4501 utentes.
1378 4442 1415 4500 In
1427 4440 1505 4522 quod

57 4535 106 4592 ria
127 4530 273 4592 Reddunt
286 4532 367 4592 bunc
390 4548 510 4590 sensum
524 4532 613 4590 stiam
629 4528 758 4591 Graeco·
809 4531 915 4588 vitium
932 4528 994 4589 lere
1010 4529 1144 4589 incidunt
1159 4530 1208 4609 qui
1224 4538 1375 4589 venerunt
1392 4530 1420 4587 in
1437 4549 1504 4588 con·

58 4638 120 4679 rum
136 4618 262 4678 scholia.
282 4620 327 4680 At
336 4616 587 4697 Theophylaetus
603 4625 759 4698 utrumque
809 4615 995 4677 suetudinem
1015 4614 1167 4695 peccandi.

58 4704 457 4789 mmnndspropesait
850 4705 1086 4780 Iacompositos.
1112 4703 1181 4763 Hoc
1203 4711 1256 4777 est,
1279 4702 1376 4783 inquit
1397 4701 1500 4763 Thec-
