3254 5190
355 246 854 319 mnrotmtoaomotvms
878 254 995 309 rt-rs.
1317 259 1398 331 m

76 432 137 499 tes,
152 427 299 507 temporis
312 424 352 486 ed
366 426 435 489 Deo
449 427 646 491 serviendum
692 448 754 508 quo
769 428 849 510 Eph.
864 430 910 491 4.;
940 431 1027 493 Unus
1042 432 1210 495 Dominae.
1240 428 1300 489 Eat
1314 428 1393 489 enim

76 514 242 591 ijecturnm
256 511 378 575 iaciant
690 514 782 579 moris
797 514 964 595 apostolici,
980 514 1147 593 Christum,
1172 524 1207 575 ut
1222 512 1391 595 redempto·

75 620 181 681 nquam
208 599 242 661 id
272 600 360 661 aliter
388 600 514 680 exponit
543 598 642 663 dictus
690 621 754 661 rem
768 610 908 675 uestrum,
931 601 1080 665 vocabulo
1095 602 1219 665 Domini
1231 600 1390 681 peculiari-

96 684 366 747 Siceuimscribit:
383 688 543 764 Quoniam
552 686 643 747 diae·
690 694 735 747 ter
759 687 913 749 honorare.
952 687 1027 751 Cum
1051 688 1141 769 igitur
1163 686 1329 769 Apostolus
1354 686 1392 747 da

75 774 153 835 iritn
171 774 349 849 ferventes,
373 791 413 833 ne
427 773 486 833 hoe
500 774 543 833 rie
558 774 642 833 aeci·
689 773 793 833 multis
824 772 925 834 officiis
956 784 986 834 et
1016 774 1184 836 actionibus
1210 771 1391 835 Christianis

94 866 132 921 ae
150 861 271 937 passim
293 866 322 920 et
344 861 529 935 importune
545 859 642 920 verba
689 868 853 939 praecepta
867 858 1017 933 dedisset,
1036 861 1086 921 hic
1096 861 1162 939 jam
1177 860 1342 941 praecipit,
1358 868 1392 919 ut

75 946 108 1009 ἐι
126 950 310 1021 innuerent
336 953 475 1023 mpure
497 946 641 1021 inimico,
690 945 720 1007 iu
733 944 943 1007 omuibusillis
955 949 1122 1009 serviamus
1138 946 1255 1026 gloriae
1267 944 1391 1021 Christi,

75 1031 109 1091 td
131 1033 219 1111 forte
244 1032 433 1099 scandalum
456 1034 640 1107 excitarent,
689 1031 812 1091 Domini
827 1034 939 1105 nostri,
969 1053 1037 1093 cum
1060 1053 1115 1113 spe
1137 1032 1303 1095 certissima
1324 1051 1391 1093 coo·

75 1118 219 1193 subjecit,
243 1120 378 1195 tempori
395 1120 582 1194 servientes,
606 1125 643 1179 ut
691 1116 772 1179 lestis
786 1120 1037 1179 remunerationis
1061 1118 1099 1179 ab
1115 1140 1150 1181 eo
1165 1117 1388 1200 percipiendae.

75 1224 79 1255 t
94 1212 125 1265 et
139 1223 210 1267 eum
225 1204 397 1279 donatote,
421 1207 505 1281 aptis
521 1204 598 1265 locis
613 1212 642 1266 et
688 1204 769 1265 Hinc
781 1212 854 1284 apte
870 1204 1079 1285 subjungitur:

75 1309 103 1365 r,
134 1298 164 1351 et
191 1297 268 1367 apto
294 1298 450 1368 tempore,
478 1291 642 1366 reliaionir
734 1290 784 1351 12.
806 1291 868 1367 Spe
896 1292 1081 1367 pandentes.
1126 1293 1217 1373 Spem
1249 1290 1392 1369 iutelligit

74 1385 270 1455 tenerentur.
306 1376 357 1437 lta
371 1378 497 1459 scriptor
512 1376 564 1437 ille
579 1372 642 1453 (cui
689 1378 808 1439 suturae
821 1377 1036 1437 retributionis.
1059 1378 1108 1439 Ea
1119 1398 1250 1457 namque
1260 1376 1390 1437 animum

75 1484 97 1525 e
117 1464 262 1537 concinit,
292 1472 323 1525 et
335 1461 539 1539 Lombardus)
561 1462 643 1525 haud
688 1462 893 1525 Christianum
904 1466 1034 1541 fovetet
1045 1464 1232 1527 alacritatem
1243 1464 1389 1543 suggerit,

74 1595 78 1607 .
113 1549 194 1611 Nam
209 1557 239 1609 et
254 1548 399 1611 Salomon
414 1550 499 1623 dicit,
518 1558 642 1629 temper
689 1560 720 1609 et
730 1548 842 1631 gaudio
854 1550 1286 1633 quodamperfuuditinomni
1299 1568 1389 1630 opero

74 1636 152 1711 endi,
162 1644 191 1696 et
202 1644 325 1713 tempas
335 1636 488 1715 loquendi
492 1660 505 1713 ,·
518 1637 639 1701 Eccles-
687 1636 822 1716 pietatis.
846 1636 927 1699 Tum
939 1657 1011 1698 vero
1023 1638 1150 1721 miriiice
1163 1636 1342 1711 consolatur,
1358 1644 1391 1695 et

74 1724 100 1785 d.
139 1725 182 1785 Et
205 1723 298 1783 Amos
325 1722 480 1805 Propheta
506 1744 571 1803 cap.
596 1726 641 1785 5.:
688 1723 798 1785 fortem
812 1720 912 1787 reddit
925 1724 1177 1789 inaffliotiouibus
1192 1724 1284 1802 hujus
1296 1724 1389 1795 vitae,

74 1829 100 1887 a,
114 1810 221 1891 iuquit,
235 1812 272 1871 in
287 1818 427 1889 tempore
443 1810 499 1873 illo
515 1810 639 1887 tacebit,
688 1810 770 1871 unde
785 1808 936 1891 sequitur:

74 1916 172 1975 rmpns
186 1896 310 1969 malam
326 1905 377 1959 eat.
732 1897 773 1955 In
782 1894 990 1957 tribulatione
994 1898 1164 1973 patientes.
1183 1896 1388 1977 Speuirnirunr

74 1982 268 2045 ›Desiderius
280 1982 308 2043 iu
316 1981 497 2063 paraphrasi
506 1980 537 2043 id
545 1984 641 2064 ipsum
688 1982 821 2043 animati.
851 1980 931 2043 Nam
953 1984 1009 2045 uisi
1030 1986 1145 2049 animus
1164 2003 1220 2063 alre.
1239 1983 1386 2063 praemio-

73 2068 150 2131 diter
175 2070 315 2148 exponit,
346 2071 389 2131 ita
412 2068 564 2131 scribens:
594 2072 641 2133 Ne
688 2088 755 2129 rum
769 2068 936 2144 fulciretur,
959 2070 990 2129 in
1005 2070 1224 2145 afflictionibus,
1241 2088 1318 2151 quas
1331 2089 1388 2151 pro

73 2158 142 2217 nini
160 2156 272 2232 malis;
294 2154 347 2219 aed
365 2156 501 2232 tempori
515 2159 640 2233 ¹servite,
688 2152 808 2215 Christo
828 2153 941 2233 patitur
964 2152 1016 2231 (de
1038 2156 1085 2217 his
1105 2158 1183 2217 enim
1207 2175 1303 2215 sermo
1319 2150 1388 2227 est),

73 2242 267 2307 merentibus
282 2250 401 2305 uosmet
415 2245 501 2317 ipsos
516 2261 641 2305 accom-
687 2239 797 2302 dnrare
815 2261 876 2301 non
896 2252 1008 2321 posset.
1047 2244 1116 2325 Quo
1139 2261 1231 2303 seusu
1253 2249 1386 2302 summu

76 2348 107 2391 ee
114 2352 127 2406 ;
144 2328 294 2407 eteiqnid
305 2329 454 2391 inciderit
465 2329 641 2391 incommo-
687 2324 805 2391 diverso
819 2326 975 2411 patientia,
989 2326 1087 2391 media
1096 2326 1283 2410 probatione,
1299 2346 1384 2406 spem

101 2416 152 2477 vel
167 2416 378 2492 declinantes,
404 2414 539 2477 siliceat
553 2434 641 2477 eom·
687 2424 842 2495 operetur,
870 2414 1034 2487 secundum
1056 2412 1187 2481 eundem
1205 2412 1386 2497 Apostolum

83 2504 132 2563 vel
159 2504 337 2564 tolerantes.
381 2499 520 2575 Sicilie,
549 2521 639 2566 sensu
688 2520 753 2582 cap.
777 2500 807 2561 5.
833 2500 924 2580 hujus
946 2500 1030 2585 epist
1055 2522 1091 2566 eo
1111 2502 1183 2563 loco·
1200 2500 1385 2581 explicatum

73 2608 137 2649 sam
158 2588 271 2664 aliano,
303 2589 331 2649 si
351 2590 400 2651 cni
419 2587 540 2670 placeat
561 2587 640 2653 haec
687 2586 830 2655 invenies
1140 2639 1157 2669 ,ἦ

73 2674 154 2741 Nau
169 2684 201 2739 et
216 2694 269 2749 ea,
284 2695 364 2757 qnae
378 2682 564 2757 sequuntur,
585 2695 639 2755 spe
730 2674 880 2737 Orationi
901 2678 1065 2751 instanter.
1103 2674 1166 2745 olii
1187 2681 1326 2745 vertunt,
1348 2676 1385 2733 in

73 2770 112 2825 lea
117 2784 130 2839 ,·
145 2765 182 2823 in
194 2762 401 2825 tribulatione
413 2764 584 2840 patienter,
599 2764 639 2827 ad
687 2766 834 2823 oratione
858 2764 1084 2847 perdurantes.
1129 2760 1208 2839 Hom
1238 2760 1385 2821 Graecum

72 2868 145 2909 aum
159 2849 235 2911 satis
250 2848 346 2929 probe
361 2847 551 2931 respondent.
686 2846 810 2909 uerbum
825 2850 1124 2929 npocnapsapoirrec
1139 2847 1289 2929 significat
1312 2846 1384 2907 assi·

72 2956 95 2997 u
121 2937 194 3016 qnia
220 2936 346 3016 tempori
371 2937 484 2997 servire
506 2956 568 3005 non
593 2944 640 2999 est
686 2933 831 2995 duitatem
847 2954 914 3013 cupi
930 2936 1163 3017 perseverantia.
1187 2934 1238 2997 Sic
1253 2932 1321 2995 Act.
1341 2938 1385 2991 1.:

72 3022 257 3102 apostolica,
284 3042 341 3083 nec
361 3023 480 3085 omnino
495 3023 526 3083 in
540 3022 638 3105 Serip·
687 3022 803 3083 Omnes
819 3030 912 3087 erant
930 3030 1170 3101 perseuerantes
1184 3020 1386 3085 unanimiter

72 3109 162 3183 itan,
187 3129 245 3175 neo
266 3107 347 3169 idem
368 3128 477 3171 sonare
498 3108 639 3173 videntur
685 3110 720 3169 in
736 3112 890 3170 oratione.
913 3108 984 3171 Nou
999 3112 1095 3173 solum
1108 3130 1141 3173 er
1163 3108 1337 3179 ohortatur,
1353 3116 1387 3165 ut

72 3204 222 3279 stempas
244 3192 378 3276 (dequo
402 3196 464 3256 suis
478 3195 554 3257 loeis
568 3216 638 3277 age
686 3196 717 3255 in
743 3194 881 3276 precibus
902 3194 942 3257 ad
964 3194 1063 3263 Deum
1084 3130 1249 3263 studendis
1271 3190 1386 3255 assidui

72 3283 187 3347 tervira
199 3284 343 3364 tempori,
357 3281 468 3345 idcireo
479 3283 552 3344 mihi
562 3282 639 3346 haee
686 3282 762 3354 siut,
795 3301 901 3343 verum
922 3290 958 3341 ut
980 3280 1009 3342 id
1037 3284 1141 3347 etiam,
1155 3288 1385 3363 perseperauter

72 3370 192 3433 naurvis
207 3369 318 3452 alioqui
334 3368 430 3431 bonas
445 3370 573 3451 recipiat
587 3389 638 3433 ex·
686 3368 805 3443 iaciant.
843 3368 913 3433 Hoc
935 3370 1034 3451 ipsum
1054 3380 1116 3443 est,
1142 3367 1223 3450 quod
1237 3366 1384 3429 Dominus

72 3476 120 3529 es,
146 3478 207 3518 non
222 3454 384 3517 admodum
399 3454 526 3533 arridet,
551 3476 638 3538 prae·
684 3455 835 3537 praecipit
859 3456 935 3518 Luc.
963 3456 1027 3527 lii:
1074 3458 1234 3537 Quoniam
1261 3461 1384 3533 oportet

72 3563 158 3625 pnum
182 3544 281 3605 altera
309 3540 415 3623 (quam
441 3542 554 3605 habere
582 3562 637 3603 nos
685 3561 807 3621 semper
822 3562 929 3627 orare,
949 3549 979 3603 et
993 3536 1383 3621 nondefieere.Oomp1·e·

72 3630 113 3693 im
125 3651 164 3695 ex
177 3628 388 3693 emendatione
399 3630 429 3691 S
442 3626 636 3710 Hieronymi)
685 3624 1018 3711 hendunturigiturhoo
1026 3638 1186 3712 praecepto
1195 3626 1274 3689 duae
1282 3635 1384 3690 tresve

71 3715 129 3791 ·id,
145 3716 227 3798 quod
242 3716 354 3798 passim
369 3716 523 3779 inculcant
538 3717 636 3799 Serip-
685 3712 870 3793 conditiones
893 3715 933 3777 ad
955 3718 1121 3781 orationem
1143 3715 1326 3797 requisitae,
1350 3725 1385 3773 ut

71 3810 91 3865 rt
104 3803 235 3865 Domino
250 3805 318 3866 Deo
334 3804 510 3865 serviamus.
546 3803 637 3884 Quod
685 3805 726 3865 sit
732 3802 885 3883 frequens,
899 3812 933 3864 ut
940 3801 1085 3877 studiosa,
1097 3811 1128 3864 et
1135 3812 1169 3865 ut
1175 3821 1382 3883 perseverans.

86 3889 201 3953 Paulus
226 3889 297 3953 alibi
322 3890 485 3971 praecipit,
516 3889 636 3951 dicens:
729 3890 778 3951 13.
801 3888 1382 3953 Necessitatibasranetoramcemma·

74 3978 218 4039 Domino
230 3980 353 4053 servite,
371 3974 436 4038 Col.
448 3977 477 4035 3.
501 3974 590 4039 Unde
606 3986 638 4041 et
684 3979 837 4039 nicantea.
860 3976 898 4038 Id
913 3984 967 4055 est,
988 3976 1111 4040 fratrum
1126 3966 1380 4039 squhriatiano·

71 4062 194 4144 pintolaa
209 4084 276 4143 cap.
295 4066 344 4125 14.
368 4065 544 4125 servitutem
560 4061 637 4126 hanc
684 4084 750 4125 rum
776 4062 960 4143 indigentiae
984 4065 1023 4127 de
1050 4064 1159 4125 vestris
1189 4060 1382 4123 facultatibus

71 4148 205 4213 damait:
219 4152 280 4233 Qui
288 4152 387 4212 innoc
395 4152 490 4212 seruit
498 4152 635 4228 Christo,
685 4150 862 4224 subvenite,
890 4170 940 4213 res
965 4162 1083 4215 vestras
1112 4147 1255 4213 fratribus
1282 4148 1383 4229 iuopia

71 4238 121 4297 leo
128 4260 141 4314 ,·
157 4238 235 4297 sicut
246 4247 277 4296 et
288 4245 391 4298 contra
407 4237 445 4297 de
456 4236 637 4318 quibusdam
684 4234 889 4300 laborantibus
901 4259 1075 4303 communes
1085 4236 1185 4301 iacite.
1207 4236 1382 4295 Necessitas

71 4324 123 4387 rita
137 4323 255 4385 decimo
272 4333 377 4385 sexto:
406 4326 636 4403 Hujnacemodi
684 4325 771 4397 enim,
802 4322 915 4387 Graece
931 4320 1033 4406 χρεία,
1059 4348 1114 4409 pro
1131 4331 1271 4403 egestate
1286 4341 1322 4383 ac
1338 4325 1382 4384 rei

91 4413 237 4475 Domino
252 4419 372 4489 nonro,
397 4432 464 4473 non
479 4415 633 4489 serviant,
682 4410 839 4473 familiaris
865 4414 1007 4493 augustia
1032 4416 1105 4495 poni
1131 4414 1296 4476 consucvit.
1335 4410 1381 4472 lta

71 4502 187 4563 uerat.
685 4503 699 4559 1
714 4498 738 4559 J
739 4518 806 4559 oan.
822 4504 865 4561 3.:
881 4500 916 4561 Si
929 4505 1000 4577 qais
1010 4502 1126 4561 viderit
1138 4503 1277 4581 fratrem
1288 4521 1381 4563 snam

70 4584 156 4649 ribus
170 4585 245 4647 locis
259 4584 397 4647 Pauliuis
416 4587 505 4647 etiam
526 4586 557 4647 id
573 4588 633 4649 col·
683 4604 803 4649 necesse
824 4586 955 4665 nabere,
987 4586 1105 4650 Graece
1125 4582 1232 4667 χρείαν
1256 4582 1380 4667 ἔχοντα.

70 4674 194 4751 unium
209 4673 259 4735 hic
272 4672 397 4756 intelligi
413 4673 581 4749 Christum,
596 4672 635 4735 de
680 4672 748 4737 Neo
761 4693 852 4743 sensu
868 4672 1019 4759 discrepat
1041 4694 1078 4739 ea
1099 4676 1198 4737 versio
1207 4721 1216 4751 ,
1242 4682 1382 4759 quaeest
