3254 5190
486 283 707 340 osroenae
726 285 882 339 aceruos.
917 287 1004 340 vens.
1023 288 1066 340 ιι.
1449 295 1495 360 69

60 461 219 542 etproinde
235 461 446 523 destituuntur
460 461 633 542 gloriaDei,
649 460 749 534 idest,
798 469 847 521 cet
869 460 1020 539 justitiam
1047 472 1078 522 et
1101 461 1192 524 fidem
1218 482 1368 543 nusquam
1394 463 1498 523 vocari

59 569 108 610 son
121 548 252 623 habent,
275 548 357 609 unde
373 569 474 611 coram
489 549 556 609 Deo
572 547 747 627 glorientur.
797 547 981 623 mercedem
998 553 1138 627 quamvis
1151 551 1287 610 remissio
1303 558 1495 629 peccatorum

58 637 100 697 Sic
113 636 193 695 enirn
210 635 308 696 Paulo
324 636 424 714 gloria
439 636 501 696 Dei
516 643 564 695 est
578 636 678 715 gloria
701 654 748 719 co-
798 636 931 694 nonsine
943 636 1044 716 aliquo
1057 639 1099 696 sit
1109 637 1223 708 merito,
1239 645 1400 716 propterea
1413 635 1494 716 quod

59 742 110 783 ram
123 722 209 796 Deo,
225 723 310 782 sicat
321 721 419 797 eidem
435 723 485 782 hic
500 729 531 780 et
542 721 616 782 alibi
624 722 750 800 justitia
796 720 940 781 reddatur
948 722 1020 782 fidei
1030 733 1061 782 ct
1074 724 1202 784 orationi
1213 722 1416 802 praecedenti.
1434 722 1493 783 Cu·

58 809 106 869 oe
118 819 166 869 est
175 809 308 889 justitia
323 828 423 869 coram
438 809 514 868 Deo.
530 807 589 869 Cui
605 809 749 869 locutioni
793 809 846 886 jus
859 807 1013 869 doctrinae
1025 813 1103 869 ratio
1120 819 1172 882 est,
1188 811 1262 889 quia
1274 809 1394 887 justitia
1407 808 1493 870 Chri-

59 894 161 957 similcs
185 903 278 957 eunt:
305 895 402 955 oratio
424 894 494 968 Dei,
517 893 621 956 Lueae
645 897 671 953 6.
694 915 748 975 pro
797 896 893 954 stiaua
917 895 1129 975 complectitur
1152 904 1244 956 totam
1265 896 1394 956 hominis
1409 916 1494 957 reno-

58 984 180 1043 ιιιιὶοηο
195 982 238 1043 ad
254 983 373 1058 Denm;
396 982 473 1042 fides
488 981 563 1054 Dei,
585 982 682 1041 Marci
698 987 747 1040 11.
796 983 965 1042 rationem:
989 983 1074 1060 cujas
1091 984 1211 1043 initium
1228 991 1275 1042 est
1289 1003 1308 1041 a
1322 981 1390 1056 fide,
1414 1003 1493 1062 quas

58 1069 173 1149 preside
190 1071 224 1130 in
244 1069 362 1143 Deum;
389 1077 420 1130 et
440 1068 553 1148 passim
573 1068 648 1127 fides
671 1068 748 1127 Jesu
795 1069 893 1147 prima
915 1068 1010 1142 datur,
1033 1079 1065 1128 ut
1091 1088 1144 1149 per
1166 1089 1231 1129 eam
1258 1076 1378 1128 caetere
1400 1071 1492 1148 impe·

58 1154 174 1230 Christi,
191 1177 249 1236 pro
265 1154 325 1216 fide
343 1156 372 1214 in
387 1155 495 1216 Jesum
511 1153 673 1215 Christum.
697 1154 748 1215 Sic
796 1163 927 1230 trentur3
943 1157 986 1215 ati
1002 1155 1135 1235 loquitur
1151 1154 1232 1214 idem
1247 1158 1375 1234 August.
1392 1156 1442 1215 lib.
1456 1154 1495 1216 de

57 1254 80 1301 et
91 1243 284 1324 blasphemia
298 1243 437 1321 spiritus,
452 1240 561 1300 Matth.
579 1245 628 1300 12.
645 1239 747 1315 idest,
794 1241 945 1320 praedest.
962 1242 1062 1301 Sanct.
1079 1263 1144 1322 cap.
1162 1243 1189 1301 7.
1206 1241 1345 1302 Eundem
1360 1241 1493 1302 videbis

56 1328 238 1410 blasphemia
253 1333 284 1390 in
300 1329 450 1408 spiritum.
465 1328 575 1407 Itaque
590 1328 646 1387 hac
660 1337 747 1407 parte
795 1337 998 1388 consentanea
1014 1329 1193 1389 scribentem
1212 1329 1243 1387 in
1260 1329 1346 1408 epist.
1366 1330 1435 1388 106.
1453 1328 1493 1388 ad

56 1413 151 1477 licitur
165 1415 265 1489 idem,
281 1414 364 1496 quod
379 1416 534 1496 superius,
554 1422 590 1474 ut
606 1433 698 1475 omae
714 1433 747 1474 os
794 1414 958 1475 Paulinum
980 1415 1134 1475 Nolanum
1156 1416 1340 1495 episcopam.
1363 1414 1411 1474 Ab
1437 1415 1494 1476 hac

57 1502 242 1579 clamosos,
260 1501 293 1562 id
308 1510 364 1574 est,
380 1510 414 1562 ut
429 1521 515 1564 nemo
530 1499 650 1574 habeat,
665 1501 745 1562 unde
794 1502 998 1580 explicatione
1013 1504 1179 1563 sententiae
1190 1501 1338 1561 Paulinae
1354 1502 1429 1561 nihil
1446 1503 1490 1561 di·

55 1588 205 1667 glerietnr,
227 1597 261 1650 et
283 1588 365 1668 qued
380 1587 520 1649 inferius:
543 1588 598 1647 aba·
613 1596 656 1647 est
672 1606 744 1663 erpo
792 1598 974 1661 versumcst,
986 1587 1490 1669 quoddocetSynodnsTrid.sess.

55 1675 193 1749 §brictio
222 1676 306 1736 tuo?
331 1675 516 1755 Explicatur
540 1682 641 1734 autem
668 1675 744 1734 haec
794 1677 821 1733 s.
837 1696 901 1755 cap.
918 1677 947 1735 8.
963 1696 1017 1735 nos
1034 1676 1102 1736 ideo
1118 1677 1212 1755 gratis
1224 1674 1394 1753 justificari,
1414 1678 1491 1752 quio

55 1762 159 1841 phrasis
173 1783 245 1843 cap.
258 1782 338 1843 seq.:
353 1764 389 1824 Si
404 1762 567 1823 Abrohom
583 1779 621 1821 es
637 1764 744 1837 operi·
794 1763 873 1821 nibil
886 1781 1006 1839 οοιιιιιι,
1023 1783 1104 1840 quoe
1116 1762 1378 1839 justificationem
1391 1781 1490 1838 proc·

56 1847 309 1925 humilientur
324 1857 378 1925 est,
402 1848 493 1908 habet
514 1851 666 1924 qratiam,
690 1847 744 1908 aed
792 1849 926 1924 cedant,
950 1853 1014 1910 ιιυι
1038 1849 1134 1926 fides,
1158 1853 1223 1910 sive
1246 1867 1362 1926 opero,
1386 1851 1490 1925 ipsam

56 1955 108 1996 ιιοιι
122 1937 216 2013 epod
227 1938 344 1997 Deum.
367 1935 416 1995 Ad
428 1935 508 1997 hunc
519 1955 640 1996 sensum
652 1955 743 2015 quam
787 1936 1025 2013 laetificationis
1039 1941 1181 2012 qratiam
1198 1942 1408 2012 promeretur.
1432 1937 1489 1996 Lo·

55 2025 179 2102 proxime
206 2022 359 2084 accedunt
381 2020 550 2100 Cajetanus
566 2031 598 2082 et
613 2022 743 2082 Teletos
792 2023 890 2102 quitur
916 2024 996 2084 enim
1022 2023 1144 2085 deiide
1167 2042 1289 2104 prorsas
1317 2022 1437 2082 informi
1460 2031 1490 2082 et

56 2110 344 2184 bannoneriis,
368 2117 400 2169 et
426 2109 570 2169 Erasmus
598 2109 630 2167 in
656 2128 742 2188 para·
791 2117 914 2182 mortua,
938 2130 1016 2189 quae
1031 2111 1125 2171 nihilo
1141 2112 1247 2189 magis,
1271 2129 1361 2191 qaam
1378 2108 1487 2169 donum

56 2195 154 2274 phrasi.
189 2197 334 2278 Denique
365 2198 522 2256 contextui
557 2214 664 2255 sensus
693 2194 742 2254 hic
791 2195 959 2275 linguarum
974 2207 1027 2257 aut
1038 2197 1215 2278 prophetiae
1227 2205 1278 2255 aut
1293 2196 1447 2267 scientiae,
1460 2197 1488 2254 si

55 2284 177 2362 apprimo
193 2282 335 2362 quadrat.
790 2282 864 2341 nihil
886 2282 963 2342 adsit
979 2281 1169 2344 Christianae
1193 2282 1371 2355 dilectionis,
1394 2281 1487 2342 homi·

87 2370 134 2433 24·
152 2371 336 2447 Josificass
350 2374 452 2445 protis
463 2389 524 2446 per
537 2371 676 2445 qratiam
687 2370 743 2444 ip·
790 2389 859 2428 nem
874 2369 942 2429 Deo
958 2368 1146 2431 commendat
1163 2375 1179 2429 1
1196 2368 1265 2429 Cor.
1281 2373 1328 2432 13.
1346 2367 1487 2447 quemad-

55 2459 111 2516 ιἰιι
145 2456 347 2532 Jussttteaa,
382 2455 498 2517 Graece
530 2449 740 2532 δικαιούμενοι,
790 2455 910 2515 modum
926 2464 957 2517 et
972 2455 1010 2517 de
1026 2458 1167 2536 operibus
1190 2464 1283 2515 totam
1298 2456 1487 2534 justificatio-

55 2543 208 2621 pncscntis
231 2545 380 2623 temporis
406 2543 578 2623 participio,
602 2560 663 2621 quo
685 2541 742 2600 La·
792 2563 858 2602 nem
873 2543 1131 2622 praecedentibus,
1154 2564 1232 2624 quae
1247 2563 1303 2603 nec
1317 2543 1390 2623 ipsa,
1413 2562 1485 2622 qua-

55 2629 98 2689 tini
118 2637 233 2689 carent
257 2631 328 2692 Non
352 2650 423 2710 ergo
446 2630 636 2709 significatur
655 2629 742 2708 prius
789 2629 959 2710 liacumque
981 2632 1056 2706 sint,
1080 2631 1228 2690 hominem
1251 2630 1318 2689 Deo
1342 2649 1487 2689 commen·

55 2713 177 2777 honines
205 2717 371 2794 justificari
398 2737 490 2798 quam
515 2723 659 2797 peccent,
688 2723 743 2774 aut
791 2715 861 2775 dare
877 2727 1011 2795 possunt.

55 2812 149 2883 egeant
172 2802 276 2882 gloria
299 2805 379 2878 Dei,
401 2803 454 2864 sed
477 2824 538 2876 eos,
561 2803 614 2883 qui
635 2822 742 2881 pecca·
832 2803 918 2877 Dico,
938 2812 1030 2864 totam
1042 2804 1308 2883 justificationem:
1333 2804 1420 2880 cujus
1435 2821 1485 2862 ex·

55 2899 168 2962 ruunt,
192 2909 252 2951 nec
278 2890 405 2963 habent,
432 2892 464 2950 in
486 2910 547 2970 quo
575 2888 742 2970 glorientur
790 2888 907 2950 ordium
935 2898 980 2952 est
1002 2912 1021 2950 a
1043 2893 1103 2954 Dei
1126 2911 1180 2971 per
1203 2890 1313 2950 Jesum
1337 2887 1486 2949 Christum

54 2994 139 3036 ιοιιιο
154 2976 243 3049 Dee,
268 2986 375 3056 postea
392 2976 557 3055 justificari
580 2985 636 3037 etc.
670 2976 741 3035 Pro·
790 2978 1007 3055 praeveniente
1018 2981 1125 3058 gratia,
1141 2999 1200 3058 qua
1212 2977 1372 3058 quiaDeo
1385 2976 1486 3036 aversi

54 3062 220 3124 hdevertit
230 3065 391 3124 Erasmus:
399 3063 621 3140 justificaretur
633 3069 740 3122 aorem
789 3072 866 3137 sunt,
881 3071 915 3122 ut
930 3063 1035 3125 dicitur
1051 3065 1185 3144 ejusdem
1201 3083 1274 3124 sess.
1291 3083 1354 3142 cap.
1368 3066 1406 3136 5,
1422 3062 1485 3122 nul·

53 3154 147 3223 mis.
170 3149 282 3210 Potest
292 3159 324 3210 et
336 3151 380 3210 ita
395 3150 550 3212 commode
565 3150 643 3210 verti
654 3172 660 3208 :
671 3153 741 3223 jue·
789 3150 827 3211 lis
843 3170 944 3210 eorum
960 3153 1159 3212 existentibus
1178 3151 1290 3211 meritis
1306 3149 1345 3208 ad
1361 3169 1483 3210 conver·

55 3236 191 3312 ὕβιαιιάί
205 3240 315 3312 protis.
335 3236 496 3316 Quomodo
507 3247 608 3318 patres
620 3236 742 3297 concilii
789 3236 911 3297 tendum
934 3257 966 3298 se
987 3237 1197 3318 disponuntur3
1220 3237 1258 3296 ad
1280 3235 1360 3317 quod
1381 3238 1485 3316 utique

55 3322 220 3385 Tridentini
228 3325 426 3404 participium
439 3315 741 3402 ἁγιαζομένουςΗοι).
789 3344 851 3384 non
880 3323 1012 3402 disponit
1041 3325 1115 3385 fides
1145 3325 1263 3383 omnine
1294 3324 1425 3383 informis
1456 3331 1486 3382 et

57 3411 105 3483 10Ἷ
125 3409 212 3492 qnod
235 3412 383 3490 interpres
405 3414 498 3474 vertit
519 3410 741 3487 sanctificatos,
790 3413 894 3471 otiosa.
910 3413 951 3471 Et
966 3413 1259 3472 hancessementem
1272 3408 1401 3470 Consilii
1414 3410 1486 3468 satis

55 3496 264 3576 nponersdum
279 3506 433 3578 putarunt,
456 3507 608 3577 quotquot
623 3501 742 3558 sancti·
791 3500 881 3560 etiam
897 3498 1027 3558 ostendit
1041 3499 1135 3578 ipsius
1156 3497 1317 3575 subjuncta
1333 3496 1486 3575 probatio:

55 3584 165 3657 Ιοοιιόι·
180 3591 294 3659 meat,
311 3604 383 3646 sess.
397 3589 447 3647 22.
460 3607 525 3666 cap.
542 3591 567 3645 1.
592 3584 684 3667 Quod
699 3604 742 3644 se·
790 3588 824 3648 si
840 3586 925 3645 caim
947 3589 1054 3660 pretio
1074 3592 1127 3659 est,
1147 3588 1218 3659 jem
1242 3603 1310 3643 ιιοιι
1327 3602 1364 3644 ex
1380 3587 1486 3659 operi·

55 3673 159 3748 quitur,
177 3691 242 3749 pas·
263 3675 403 3747 pratiom
418 3676 528 3750 ipsias,
552 3664 743 3749 ἐξηγητικῶς
791 3674 864 3733 bus:
880 3674 1027 3748 alioquin
1041 3676 1149 3748 pretio
1165 3689 1233 3732 saon
1249 3678 1291 3729 est
1306 3673 1425 3745 pretia.
1442 3670 1487 3730 Si-

56 3755 183 3819 addim
206 3766 263 3831 est,
285 3778 322 3818 ac
344 3761 371 3819 si
393 3758 477 3820 dicat
498 3762 608 3837 pratia,
633 3758 664 3818 id
688 3767 743 3830 est,
792 3758 915 3840 quidem
930 3780 1036 3839 parurn
1052 3758 1150 3819 solida
1165 3757 1409 3818 videreturhaec
1422 3777 1487 3835 pro·

54 3862 105 3919 per
117 3847 261 3920 protiem
274 3848 384 3922 ipsios.
406 3847 486 3906 Nam
501 3866 607 3907 sensus
623 3854 677 3921 est,
692 3845 743 3904 ho·
791 3847 882 3917 batia,
897 3848 923 3905 si
939 3846 977 3906 de
993 3847 1133 3926 operibus
1149 3867 1167 3905 a
1182 3845 1279 3924 gratia
1292 3843 1404 3903 Christi
1420 3864 1487 3922 pro·

55 3930 146 3992 nina.
163 3940 340 4012 peccatores
363 3933 523 4013 justificari
546 3934 661 4013 absque
682 3932 743 3992 ullo
793 3935 889 4005 fectis,
913 3943 944 3993 et
967 3933 1095 4012 proinde
1111 3933 1167 3994 sub
1190 3931 1353 3992 latitudine
1373 3930 1487 4007 justifi-

56 4034 167 4079 nernm
191 4038 316 4099 operum
340 4021 461 4093 merito,
483 4042 538 4101 per
561 4022 654 4081 solam
678 4041 744 4098 gra·
793 4021 919 4080 cationis
946 4021 1181 4100 comprehensis,
1212 4017 1354 4099 Synodus
1380 4017 1491 4078 fuisset

56 4105 155 4165 tnitam
169 4104 232 4165 Dei
248 4105 424 4168 bonitatem.
446 4108 516 4168 Hoc
537 4117 637 4168 autem
659 4107 744 4167 intel·
793 4109 904 4167 locuta.
928 4109 1113 4188 Quanquam
1136 4106 1250 4186 alioqui
1275 4115 1307 4165 et
1326 4104 1364 4164 de
1386 4103 1489 4181 hujus-

57 4188 112 4270 ligo
132 4190 171 4252 de
194 4200 261 4252 tota
277 4194 400 4272 justitia
415 4194 454 4255 ab
477 4196 566 4256 initio
590 4214 686 4274 usque
705 4194 744 4253 ad
792 4193 874 4254 modi
891 4196 1040 4275 operibus,
1056 4197 1135 4254 sicut
1151 4204 1181 4254 et
1193 4193 1230 4253 ‹le
1242 4192 1303 4252 fide
1319 4194 1490 4263 invocante,

56 4276 153 4352 ἠως
175 4277 215 4340 de
236 4300 299 4360 qua
316 4279 371 4340 snb
393 4283 516 4342 nomine
538 4282 646 4343 salutis
662 4281 744 4341 idem
794 4302 831 4342 ex
848 4303 909 4362 qua
925 4282 1092 4361 procedunt
1105 4302 1142 4342 ea
1157 4302 1257 4361 opera,
1274 4279 1405 4339 fatemur
1417 4297 1490 4338 vere

57 4363 215 4443 Apostolus
229 4367 334 4428 serbis
357 4377 449 4429 antea
470 4371 587 4430 citatis:
611 4370 685 4428 Noa
707 4386 745 4428 ea·
794 4369 863 4441 dici,
887 4369 969 4447 quod
985 4369 1171 4429 habitualem
1183 4367 1410 4448 justificationis
1426 4385 1491 4444 gra·

58 4452 197 4526 operibus
217 4456 380 4532 jtssts'tt'oc,
408 4475 489 4532 quoe
514 4457 649 4533 fecimus
675 4474 743 4530 nos,
793 4458 876 4528 tiam,
898 4477 977 4536 quae
993 4456 1138 4516 videlicet
1154 4459 1183 4515 in
1199 4457 1333 4516 amicitia
1347 4454 1407 4513 Dei
1423 4474 1491 4538 conj

58 4538 104 4596 sed
116 4541 289 4602 usandum
301 4561 395 4602 ιιιοιιι
414 4544 664 4604 misericordiam
680 4544 744 4603 sol·
793 4546 879 4618 sistit,
895 4555 927 4604 et
942 4544 1032 4604 datur
1044 4544 1132 4604 simul
1148 4564 1215 4604 cum
1232 4544 1407 4603 remissione
1422 4562 1492 4621 pec·

59 4642 177 4686 οοιιιοι
195 4628 279 4706 [ecit.
302 4629 386 4690 Hine
400 4630 592 4711 Augustinus
617 4630 745 4711 epistola
793 4641 947 4704 catorum,
984 4653 1044 4691 non
1074 4642 1300 4710 premerentur:
1339 4638 1491 4711 quatenus

61 4711 131 4786 105,
144 4733 223 4795 quaa
241 4724 291 4778 est
304 4715 345 4779 ad
359 4715 481 4779 Sixtum
495 4719 670 4793 Romanum,
694 4717 744 4778 do·
793 4719 977 4780 scilicethoc
985 4717 1177 4800 promerendi
1189 4718 1490 4782 vocabulomeritum
