3254 5190
135 279 192 353 qq.
655 271 1057 329 consurrexissent

133 447 255 513 sitionis
271 449 384 511 tertiae
397 448 492 529 hujus
508 449 675 530 epistolae:
690 451 830 527 Sapien·
878 450 1047 528 Apostolus
1068 448 1161 512 dicit:
1184 448 1273 511 Siout
1291 449 1425 510 naturali
1447 450 1580 512 rationis

133 542 178 595 tes
192 536 337 610 pentium
351 539 510 598 inuenisse
525 546 710 599 creatorem.
734 539 829 615 Aper-
877 535 992 597 lumino
1014 544 1219 616 pervenerunt
1242 537 1274 595 in
1296 555 1400 596 veram
1415 537 1478 597 Dei
1499 539 1580 599 noti·

133 621 196 681 tius
212 621 360 682 autemid
376 622 467 683 docet
481 633 570 684 autor
584 625 734 702 Aponius,
758 622 831 682 dum
879 623 970 698 tiam3
993 623 1037 684 iia
1052 623 1132 684 clare
1148 624 1232 684 dicat
1247 621 1352 682 eadem
1367 624 1455 697 ratio,
1476 623 1581 685 Deum

132 707 185 767 lib.
202 708 231 767 4.
247 727 352 769 comm.
369 709 402 768 iu
417 708 576 771 Canticum
592 710 764 772 Salomonis
780 729 829 769 ex·
879 712 1033 788 cognitum
1048 708 1281 789 glorificandum
1304 728 1380 783 esse,
1404 711 1497 789 eique
1511 730 1580 790 gra·

135 813 251 874 ponens
274 790 354 855 illud¹
374 814 439 874 cap.
464 799 492 856 2.
519 799 584 858 Per
605 815 740 874 capreas
761 814 830 856 cer·
879 797 939 856 tiae
972 796 1116 875 agendas.
1161 795 1316 874 Quocirca
1349 797 1580 857 inexcusabiles

135 898 251 957 vosque
273 898 480 958 camporum,
512 884 556 945 ita
578 884 702 944 scribit:
736 884 830 945 Cervi
878 890 958 954 sunt,
981 884 1036 961 qui
1058 884 1133 944 haec
1148 902 1208 943 non
1222 881 1359 941 iecerint.
1389 881 1493 942 Deum
1515 883 1580 962 glo·

135 968 288 1029 videntur
309 969 461 1044 intellipi,
492 973 548 1045 qui
568 974 605 1031 s'n
628 973 700 1047 ipsa
720 971 829 1046 pbilo-
877 969 998 1030 rificare
1028 977 1063 1029 ut
1083 970 1201 1042 Deum,
1232 975 1281 1029 est
1301 968 1402 1028 Deum
1431 968 1579 1030 laudibus

132 1054 246 1130 sophia
268 1072 346 1115 sisae
368 1055 535 1116 velocitate
564 1057 732 1119 doetrinae
759 1073 829 1116 non
878 1055 939 1116 sibi
961 1053 1087 1129 debitis,
1110 1056 1168 1115 hoc
1190 1065 1238 1115 est
1259 1052 1390 1126 divinis,
1414 1054 1578 1117 celebrare

132 1140 266 1216 mullos,
294 1141 349 1200 sed
369 1160 474 1202 unum
496 1145 602 1204 Deum
624 1143 827 1218 invisibilem,
877 1143 936 1202 Est
958 1143 1039 1202 enim
1061 1143 1168 1219 picria
1198 1139 1378 1216 (definiente
1400 1142 1578 1220 Augustino

131 1229 334 1303 immensum,
357 1227 641 1305 inaestimabilem,
664 1231 828 1291 ornnium·
877 1249 906 1309 q.
929 1230 979 1288 31.
1012 1231 1092 1289 inter
1122 1225 1186 1304 83.)
1214 1228 1368 1306 frequens
1394 1228 1433 1288 de
1464 1230 1578 1307 aliquo

132 1332 192 1390 que
206 1321 395 1388 creatorem,
418 1322 522 1376 totum
535 1317 652 1393 ubique
667 1315 828 1378 mundum
874 1316 971 1393 fama
995 1334 1067 1375 cum
1090 1316 1196 1375 laude.

131 1400 317 1476 implentem
338 1401 473 1478 confessi
495 1411 578 1463 sunt.
612 1405 699 1463 Haec
722 1402 783 1462 ille.
920 1401 1043 1462 Gratias
1073 1421 1166 1480 agere
1188 1401 1272 1473 Deo,
1303 1407 1351 1460 est
1378 1399 1535 1463 beneficia
1557 1422 1577 1462 s

176 1485 269 1567 Quod
291 1496 323 1547 et
344 1490 462 1549 ratione
483 1490 638 1568 probatur.
665 1490 744 1550 Nam
768 1489 827 1549 etsi
875 1489 942 1548 Deo
964 1496 1092 1568 accepta
1112 1508 1167 1567 per
1188 1486 1375 1566 agnitionem
1398 1496 1431 1546 et
1450 1486 1578 1549 laudem

131 1575 247 1634 sonent
268 1573 447 1635 naturaliter
476 1596 516 1636 ex
543 1575 639 1636 nihilo
662 1576 738 1636 nihil
761 1575 828 1634 fieri
876 1575 908 1633 in
931 1575 1031 1653 ipsum
1053 1573 1173 1634 referre.
1206 1574 1345 1653 Respicit
1365 1581 1469 1634 sutem
1490 1577 1577 1654 Apo·

131 1680 240 1740 posse:
282 1659 420 1721 sciebant
452 1670 555 1722 umen
588 1662 734 1724 mundum
766 1681 827 1721 non
875 1660 972 1721 stolus
1005 1662 1170 1740 praecipue
1200 1660 1240 1719 ad
1273 1658 1350 1721 illud
1382 1659 1578 1735 beneficium,

131 1768 199 1808 esse
220 1768 239 1807 a
262 1746 381 1826 seipso,
416 1747 549 1828 ideoque
578 1747 691 1809 laetum
721 1748 758 1808 ab
781 1767 826 1820 eo,
875 1746 957 1828 quod
973 1756 1021 1807 est
1036 1747 1137 1808 Deum
1152 1747 1348 1825 cognovisse:
1372 1744 1411 1805 de
1432 1766 1496 1826 quo
1508 1749 1577 1824 jan

132 1836 221 1914 cujus
243 1842 330 1893 tanta
357 1835 456 1893 virtus
486 1843 585 1909 esset,
614 1843 650 1896 ut
671 1836 766 1895 etiam
788 1855 827 1895 cx
875 1833 1002 1906 dixemt,
1018 1835 1106 1895 Deus
1120 1834 1185 1894 illis
1198 1834 1433 1910 manifestavit.
1457 1833 1577 1914 Quam·

132 1921 227 1982 nihilo
249 1919 366 1980 iaceret
387 1928 509 1982 exstare
533 1941 615 2001 quae
636 1922 740 1982 vellet.
784 1922 828 1982 Et
875 1940 967 2000 quam
990 1919 1067 1980 nihil
1088 1929 1175 1981 vetat
1190 1940 1259 1981 cum
1275 1922 1335 1980 isto
1350 1929 1475 1981 caetera
1495 1939 1574 2001 quo·

130 2006 192 2067 huc
213 2015 296 2067 certe
310 2007 474 2086 plurimum
489 2008 620 2069 accoesit
634 2007 826 2081 Aristoteles,
874 2025 935 2087 que
957 2008 1081 2086 cognita
1095 2007 1133 2067 ab
1150 2007 1226 2086 ipsis
1241 2006 1392 2067 beneficia
1405 2007 1468 2066 Dei
1491 2026 1573 2068 com·

132 2093 341 2174 quandocoeli
356 2113 393 2153 ac
408 2093 513 2155 mundi
528 2097 685 2174 totiusque
699 2102 826 2155 naturae
873 2092 1076 2172 prehendere:
1110 2112 1204 2173 quum
1232 2113 1294 2153 non
1320 2092 1411 2153 unius
1442 2101 1574 2167 tantum,

131 2199 254 2241 causam
276 2179 455 2241 efficientem
478 2200 546 2243 esse
567 2181 673 2242 docuit
694 2188 826 2242 mentem
874 2179 930 2240 sed
951 2181 1086 2240 omnium
1107 2179 1224 2241 fuerint
1245 2180 1368 2259 ingrati.
1392 2177 1473 2259 Quis
1489 2181 1574 2241 enim

131 2275 294 2339 aeternam,
317 2268 419 2328 omnis
439 2278 627 2341 moventem,
651 2268 749 2347 ipsam
771 2268 826 2327 im-
873 2265 1130 2345 philosophorum,
1153 2267 1207 2347 qui
1229 2267 1331 2327 Deum
1353 2274 1573 2346 cognoverunt.

132 2352 291 2427 mobilem,
324 2354 382 2414 hoc
410 2363 474 2427 est,
507 2355 624 2415 Deum:
657 2365 694 2414 ut
723 2354 773 2414 lib.
797 2358 825 2414 2.
874 2372 942 2412 cum
964 2363 1026 2413 tam
1048 2352 1146 2412 multa
1159 2353 1345 2432 scripserint,
1368 2371 1449 2433 quse
1472 2352 1574 2413 adhuc

131 2441 264 2519 Metsph.
289 2460 355 2520 esp.
373 2444 401 2501 2.
417 2450 449 2501 et
463 2441 515 2502 lib.
534 2446 582 2503 12.
597 2461 663 2521 cap.
681 2442 710 2500 7.
736 2439 825 2501 Item·
874 2446 994 2511 extant,
1024 2448 1053 2500 et
1075 2439 1138 2499 alia
1159 2440 1264 2518 plura,
1287 2458 1418 2520 quorum
1440 2440 1572 2519 inscrip

131 2546 193 2606 que
213 2527 267 2587 lib.
286 2531 314 2587 2.
334 2526 428 2607 Phys.
453 2548 518 2607 cap.
535 2530 564 2588 6.
580 2537 611 2589 et
631 2528 682 2589 lib.
706 2528 825 2605 hosp.
873 2528 972 2587 tiones
1007 2534 1038 2586 et
1073 2535 1255 2605 arguments
1291 2525 1414 2605 prodita
1446 2533 1521 2586 sunt
1553 2543 1575 2587 s

133 2618 160 2675 2.
184 2614 270 2674 llaec
296 2632 369 2674 vero
398 2614 530 2675 efficiens
559 2634 650 2675 causa
679 2636 739 2675 non
767 2613 827 2674 alia
873 2613 1015 2691 Diogene
1035 2613 1176 2673 Laertio:
1200 2614 1287 2693 quis,
1310 2613 1444 2692 inquam,
1467 2631 1574 2673 eorum

131 2699 206 2780 tingi
228 2708 337 2780 potest,
361 2719 453 2780 quarn
475 2700 526 2762 vel
549 2719 663 2774 creme,
685 2701 737 2760 vel
758 2720 827 2760 con·
873 2700 988 2780 legitur
1009 2700 1173 2778 scripsisse
1194 2700 1262 2761 Deo
1284 2697 1392 2759 laudm
1415 2699 1573 2761 eucharis·

130 2786 217 2848 tinus
238 2789 394 2847 creatione
408 2807 599 2860 conservans,
621 2788 667 2848 its
679 2796 714 2848 ut
728 2789 827 2867 ipsius
874 2784 975 2847 tieas?
997 2786 1133 2847 Exstant
1155 2785 1281 2865 quidem
1304 2787 1338 2846 in
1358 2784 1468 2849 laudes
1489 2786 1574 2847 Deo·

132 2874 225 2935 etiam
257 2873 403 2934 materiae
435 2894 531 2945 causa
558 2877 609 2934 sit
653 2871 717 2953 Qui
747 2875 827 2935 enim
874 2893 942 2934 rum
963 2873 1069 2953 hymni
1091 2880 1250 2952 poetarum
1272 2872 1477 2945 ethnicorum,
1506 2871 1576 2934 Ho-

131 2958 286 3033 mundum,
308 2958 341 3020 id
357 2971 412 3034 est,
435 2963 609 3021 universum
626 2959 710 3035 dicit,
734 2961 828 3021 etiam
874 2960 959 3034 meri,
982 2957 1105 3039 Orphei,
1126 2959 1269 3032 Pindari,
1293 2959 1426 3030 Horatii,
1448 2960 1504 3039 qui
1527 2967 1575 3021 ta·

131 3046 289 3107 materiam
313 3047 412 3125 ipsam
433 3046 672 3127 comprehendit.
874 3066 945 3107 men
967 3055 1000 3106 et
1022 3047 1083 3127 ipsi
1104 3045 1312 3126 philosophati
1337 3044 1484 3106 feruntur.
1530 3047 1577 3106 Aa

175 3135 230 3193 lta
250 3140 288 3193 ut
316 3135 383 3195 sint
410 3134 648 3197 inexcusabiles.
691 3134 763 3210 Ila,
795 3135 827 3195 in
876 3135 907 3193 in
929 3132 1049 3193 laudem
1071 3134 1138 3193 veri
1160 3134 1221 3194 Dei
1248 3131 1385 3213 psalmus
1408 3141 1463 3193 sut
1484 3132 1574 3212 hym·

131 3219 315 3300 quibusdam
338 3220 495 3284 codicibus
517 3221 612 3282 abest.
645 3220 754 3281 Potuit
774 3240 828 3281 au·
875 3239 933 3280 nus
955 3228 1009 3281 aut
1031 3219 1202 3301 quidquam
1231 3220 1293 3280 tale
1314 3239 1334 3279 a
1355 3238 1512 3299 quoquam
1536 3218 1574 3279 il·

130 3316 192 3367 tem
213 3307 292 3367 haec
311 3326 382 3386 pars
405 3328 444 3369 ex
459 3307 576 3369 Graeco
598 3308 645 3368 sic
666 3308 762 3369 verti:
785 3309 828 3370 In
875 3306 972 3368 lorum
994 3308 1212 3386 compositum,
1233 3325 1385 3386 nusquam
1406 3307 1575 3368 iuvenitur.

132 3395 189 3455 boc
214 3401 252 3454 ut
280 3397 344 3454 sint
372 3395 619 3457 inexcusabiles:
651 3393 705 3455 sed
735 3413 828 3455 sensu
918 3392 981 3454 Sed
1003 3402 1131 3474 quaeret
1151 3394 1276 3473 aliquis,
1298 3413 1338 3454 sn
1359 3394 1424 3454 sint
1446 3412 1575 3455 excun-

131 3482 334 3555 oonsecutivo‚
348 3500 409 3561 qno
421 3481 613 3561 significetur
623 3482 827 3559 cognitionem
874 3479 962 3553 biles,
984 3481 1039 3560 qui
1061 3479 1163 3540 Deum
1184 3500 1244 3542 nou
1270 3487 1489 3560 cognoscentes
1511 3501 1575 3543 nou

132 3567 828 3648 illem,quamdeDeophilosophiacceperunt
875 3586 944 3627 eum
966 3566 1230 3645 glorificaverunt:
1253 3569 1370 3648 quippe
1392 3586 1462 3629 eum
1480 3567 1575 3647 glori·

130 3674 169 3716 ex
184 3654 275 3715 rebus
291 3657 410 3729 creatis,
424 3655 551 3716 reddere
569 3675 622 3716 eos
637 3654 826 3715 inexcusabi·
875 3653 965 3714 ficare
998 3673 1058 3713 non
1087 3656 1244 3731 potuerint
1274 3653 1469 3732 incognitum.
1513 3655 1576 3717 Re·

131 3741 175 3800 les
192 3741 224 3800 in
234 3740 354 3819 judicio
364 3743 436 3803 Dei.
460 3739 558 3822 Cujus
572 3743 650 3802 ratio
669 3744 826 3822 sequitur:
875 3738 1011 3820 spondeo
1038 3759 1099 3801 non
1128 3759 1196 3800 esse
1224 3760 1347 3821 prorsus
1370 3740 1576 3802 excusabiles.

174 3830 224 3888 21.
249 3828 333 3906 Quia
363 3847 436 3889 cum
466 3834 682 3905 capnovissent
711 3831 826 3890 Deum.
874 3828 955 3887 Nam
977 3846 1160 3906 cognoscere
1185 3847 1256 3889 eum
1278 3835 1446 3906 potnerunt
1468 3835 1500 3887 et
1521 3826 1576 3888 de·

131 3914 264 3976 Graece:
288 3904 366 3974 διότι
388 3907 514 3992 γνόντες
536 3907 588 3974 τὸν
611 3908 703 3991 θεὸν,
726 3933 828 3991 prop·
874 3913 1006 3974 buerunt
1028 3933 1067 3974 ex
1090 3913 1180 3974 rebus
1203 3914 1323 3987 creatis,
1346 3914 1392 3973 uti
1415 3914 1577 3992 praeclare

131 4008 219 4063 terea
241 4001 328 4078 quad
349 4005 512 4077 connitum
533 4004 651 4078 Deum,
674 4001 733 4076 vel,
755 4021 827 4062 curn
876 3999 968 4060 docet
995 4009 1084 4059 autor
1111 3999 1181 4060 libri
1205 4001 1399 4080 Sapientiae,
1429 4019 1497 4080 cap.
1523 4005 1576 4065 13.

130 4092 338 4164 capnouerint
360 4090 475 4149 Deum.
875 4086 965 4148 Unde
994 4097 1027 4147 et
1054 4089 1169 4167 passim
1204 4088 1235 4146 in
1265 4088 1398 4147 Psalmis
1432 4095 1466 4147 et
1498 4088 1576 4149 alibi

173 4176 247 4235 Non
286 4179 367 4235 sicut
400 4177 506 4236 Deum
547 4173 826 4250 clarificaverunt,
876 4173 1034 4252 Scriptura
1067 4174 1171 4254 culpat
1193 4193 1245 4234 eos
1275 4183 1421 4253 tanquam
1453 4175 1578 4255 impios,

131 4269 189 4322 aut
210 4266 335 4338 pratim
357 4269 497 4338 eperunt.
526 4261 587 4321 Pro
609 4263 735 4337 pretias
757 4279 828 4335 epe·
876 4262 930 4338 qui
945 4260 1046 4321 Deum
1061 4282 1122 4321 non
1136 4270 1296 4321 noverunt.
1320 4261 1363 4320 ut
1377 4261 1577 4339 Augustinus

130 4356 225 4423 runt,
260 4351 406 4409 Erasmus
436 4355 557 4408 vertere
586 4347 710 4420 maluit,
739 4349 828 4423 prati
875 4345 927 4406 lib.
953 4349 1000 4407 10.
1025 4346 1162 4408 Confess.
1193 4366 1258 4427 esp.
1281 4350 1310 4408 t.
1339 4348 1383 4406 its
1411 4345 1451 4407 ad
1473 4348 1578 4409 Deum

129 4437 273 4514 fuerunt.
295 4434 356 4495 Sed
379 4433 496 4495 Graece
517 4442 563 4494 est
584 4435 710 4495 verbum
732 4424 827 4512 εὖχα-
875 4433 1029 4513 loquitur:
1064 4435 1196 4496 Ocelum
1225 4442 1254 4494 et
1282 4442 1373 4495 terra
1396 4441 1427 4494 et
1448 4439 1577 4512 omnia,

131 4517 297 4598 ρίστησαν,
325 4520 408 4599 quod
430 4520 651 4600 proculdubio
673 4520 827 4599 significet
874 4540 958 4598 quae
985 4523 1022 4580 in
1053 4523 1097 4582 eis
1125 4528 1216 4596 sunt,
1246 4521 1391 4598 undique
1420 4524 1501 4581 mibi
1524 4524 1579 4583 di·

129 4613 254 4684 pratias
276 4614 417 4684 eperunt.
443 4605 535 4688 Quod
549 4606 668 4668 ethuic
682 4607 751 4669 loeo
765 4627 826 4668 me
874 4616 951 4668 cunt
970 4616 1009 4668 ut
1029 4615 1059 4668 te
1082 4626 1206 4683 amem,
1236 4628 1295 4669 nec
1324 4617 1449 4668 cenant
1470 4609 1579 4671 dicere

128 4696 190 4759 lius
220 4695 374 4775 convenit
418 4694 498 4757 'Pale
527 4695 623 4775 igitur
650 4703 714 4772 est,
743 4693 828 4776 quoi
875 4694 1032 4771 annisa,
1050 4702 1088 4757 ut
1100 4697 1165 4758 sint
1180 4695 1418 4759 inaccusabiles.
1445 4695 1499 4758 Sic
1513 4696 1579 4761 illa
