3254 5190
146 272 216 338 ΠΕ
570 300 574 307 -
656 262 939 315 commutatust<
957 261 1093 315 esuum.
1165 284 1168 291 ·

143 459 221 517 quse
245 448 428 518 sequuntur,
451 456 511 497 nou
527 435 566 497 sd
581 436 662 496 solos
678 436 839 518 Apostolos
889 437 1050 497 Concludit
1064 457 1101 497 ex
1115 436 1223 501 dictis:
1240 437 1288 511 fii,
1303 441 1417 519 iuquit,
1434 458 1590 517 sponsum

141 526 300 603 pertinere,
316 524 369 584 sed
382 523 420 583 ed
436 543 539 585 omnes
550 533 751 622 Quorsus
764 523 839 585 Sai-
888 526 1026 597 salutem,
1042 534 1111 604 spes
1125 534 1224 586 autern
1235 544 1339 587 aarum
1346 535 1407 598 out,
1424 542 1507 605 quas
1517 542 1588 587 nsu-

143 614 174 669 oi
183 613 266 688 facti
276 629 394 684 sumus,
406 611 522 671 Graece
534 600 707 688 ὲσωθημεν,
719 612 838 670 salvati
887 611 956 671 dnm
973 611 1135 682 habentur,
1158 631 1231 690 ergo
1246 632 1315 673 curn
1329 613 1481 692 potientia
1496 613 1590 674 sessi»

140 717 264 771 masur,
291 708 325 755 ut
339 697 432 758 habet
450 706 537 758 vetus
560 697 669 757 versio.
706 698 839 776 Reponit
887 699 958 758 tntis
985 717 1022 757 uo
1047 699 1187 758 miserius
1214 699 1387 777 praesentis
1411 707 1590 778 exspem

141 785 301 845 Erasmus:
317 787 435 844 semoti
446 803 568 844 sumus:
584 783 646 844 Sed
658 783 697 856 id,
714 803 766 843 our
779 804 837 844 non
886 784 1028 844 debemus
1040 783 1232 864 adoptionem
1242 805 1280 845 so
1288 784 1589 864 libertatessglsriss

138 870 270 950 plsceat,
288 871 437 949 intelliges
453 890 489 930 ex
504 870 556 938 i'n,
572 889 650 949 quae
664 869 771 932 dicturi
784 890 836 930 su·
884 871 1012 930 filiorum
1029 871 1097 930 Dei.
1112 870 1232 931 Grseos
1247 892 1307 932 vox
1323 865 1462 950 ὑπομονὴ
1472 872 1589 952 pation-

136 977 203 1018 mus
214 959 251 1017 ad
267 956 342 1017 illud
356 957 436 1017 Phil.
450 961 493 1021 u:
516 957 606 1018 crode
619 961 713 1017 otiam
726 958 835 1016 salua·
884 960 957 1017 tiam
974 977 1026 1016 sou
1042 958 1251 1018 sustinentiam
1266 958 1418 1039 signifieat
1440 979 1511 1021 oum
1534 977 1588 1038 sps

136 1053 236 1105 torem
248 1051 462 1120 exspectamus
473 1053 529 1103 eto.
543 1043 727 1104 Sensnseat:
752 1043 834 1104 Non·
884 1044 954 1104 boni
980 1044 1087 1116 suuni,
1116 1051 1145 1102 et
1167 1045 1209 1104 its
1232 1047 1341 1124 psssirn
1364 1054 1530 1124 usurpatur
1556 1046 1586 1104 in

138 1129 208 1191 dum
224 1150 256 1191 rs
271 1133 355 1210 ipss,
377 1130 430 1191 sed
454 1150 508 1210 spe
531 1131 596 1189 sols
614 1131 693 1189 sslvi
708 1138 739 1189 et
754 1129 835 1208 besti
884 1132 1041 1209 seripturis
1057 1130 1250 1210 Apostoliois.

133 1218 207 1278 faoti
222 1237 339 1290 sumus3
358 1230 392 1277 et
407 1215 474 1277 ideo
489 1216 587 1278 adhuc
601 1218 761 1296 gemimus,
785 1236 835 1276 ox·
927 1219 976 1277 26.
1000 1218 1155 1277 Similiter
1168 1225 1277 1279 autam
1292 1226 1322 1278 st
1336 1221 1473 1294 opimum
1488 1219 1584 1292 adiss-

134 1313 307 1384 spec-tantas
316 1325 472 1383 corporum
480 1314 648 1364 nostrorum
656 1302 832 1383 redemptio·
884 1311 937 1362 vat
966 1303 1191 1379 infimitatem
1221 1312 1377 1365 nostram.
1408 1306 1582 1379 mussa,

134 1411 215 1462 nem,
239 1400 354 1452 etcum
379 1411 415 1452 es
437 1391 604 1470 perfectum
636 1389 835 1451 beatitudinis
882 1389 999 1450 Graece
1013 1383 1178 1465 ὡςαύτως,
1202 1393 1331 1465 itidem,
1353 1393 1585 1466 cosmarus,

136 1488 255 1537 statum.
278 1479 413 1539 Salutem
432 1478 573 1556 intelligit
589 1487 831 1538 consummstsm.
880 1485 914 1536 ut
928 1479 1022 1537 vertit
1037 1477 1188 1537 Erasmus.
1202 1479 1358 1552 Adiuvat,
1375 1477 1499 1540 Grseuu
1511 1494 1583 1537 uus-

135 1564 215 1624 Num
230 1564 380 1625 desoluto
396 1565 553 1638 inohosts,
575 1585 654 1644 quae
676 1565 769 1642 hujus
784 1573 834 1624 est
880 1557 1153 1640 αντιλαμβάνεται,
1188 1565 1343 1625 subleuat
1384 1565 1456 1645 Quo
1491 1565 1582 1627 mbo

134 1651 263 1722 saeculi,
287 1652 360 1712 diuit
381 1651 461 1730 Eph.
480 1656 523 1712 λε
551 1652 665 1713 Gratia
681 1655 753 1710 estis
767 1653 831 1710 sal-
882 1650 980 1709 lauces
995 1669 1069 1710 usus
1085 1659 1133 1709 est
1155 1652 1319 1732 Evangelii
1339 1673 1406 1732 cap.
1426 1655 1496 1712 10.:
1520 1654 1581 1713 Dis

137 1741 209 1798 oats'.
226 1739 268 1797 Et
283 1738 347 1798 Tit.
364 1739 409 1797 3.:
437 1739 618 1800 Secundum
632 1754 724 1798 suum
738 1742 830 1798 mise·
879 1738 938 1812 ilii,
954 1745 991 1797 ut
1005 1757 1055 1797 ma
1070 1738 1211 1814 arlirsmt
1227 1740 1376 1800 musas
1397 1739 1582 1817 Infirmita-

134 1825 308 1885 ricordiam
320 1826 425 1885 sulvus
439 1844 498 1885 sios
511 1827 597 1902 fecit
879 1831 940 1884 tem
968 1833 1110 1883 nauium
1121 1869 1131 1898 ‚
1154 1824 1272 1887 Graeco
1285 1828 1494 1904 issiirmitatss
1507 1844 1582 1891 uus·

177 1915 253 1988 Spes
267 1919 374 1972 noum
384 1956 395 1987 ,
423 1931 504 1988 quaa
520 1913 666 1987 videtur,
694 1932 759 1971 ntra
786 1920 831 1972 nst
879 1919 961 1986 tras,
985 1913 1103 1972 mosomi
1128 1912 1160 1972 iu
1174 1914 1330 1974 nonnullis
1345 1916 1437 1975 etism
1454 1913 1584 1975 Gnsu‘n

132 2016 208 2076 spes.
224 1998 359 2059 Sensus:
376 1999 469 2058 Nulla
485 2010 532 2059 est
548 2019 617 2079 spes
633 2002 677 2059 rei
689 2018 829 2078 praeson-
879 2007 980 2058 exstnt
997 2017 1138 2059 numerus
1160 2000 1332 2079 singularis.
1354 2001 1452 2082 Atqui
1475 2020 1585 2067 suunt

132 2088 185 2157 tis,
209 2105 288 2164 quse
300 2087 367 2164 jam
385 2085 512 2145 bsbetur
527 2095 557 2145 et
573 2086 759 2165 possidetur;
775 2087 829 2146 sed
879 2085 957 2146 idem
970 2086 1026 2158 est,
1042 2085 1267 2160 infirmitatem
1277 2095 1437 2163 numam,
1450 2089 1583 2149 aiveina

132 2192 201 2254 spes
217 2181 331 2233 tantum
343 2181 389 2232 est
401 2175 443 2232 rei
454 2171 582 2245 futurae,
599 2172 688 2232 idest
698 2171 829 2232 nondum
879 2171 1044 2248 firmitates
1058 2180 1195 2247 neuras,
1213 2174 1243 2234 id
1254 2183 1311 2248 est,
1320 2173 1584 2236 nosvohmesssr.

132 2269 289 2339 acceptae,
305 2259 381 2319 sicut
402 2258 477 2319 fides
492 2261 535 2318 rei
552 2280 611 2319 nun
627 2261 728 2330 visse,
745 2269 779 2318 ut
793 2260 830 2317 si·
879 2258 1016 2331 infirmos,
1029 2267 1062 2318 ut
1076 2260 1130 2337 qui
1145 2279 1206 2321 non
1220 2261 1315 2320 solum
1328 2278 1497 2340 grsvsnsur
1507 2281 1583 2343 pons

131 2346 327 2407 militatione
341 2345 401 2405 dici
416 2354 523 2423 quest,
539 2344 627 2416 fides,
651 2345 828 2424 quaevidc·
878 2345 949 2405 dere
976 2345 1163 2404 mortalitatis
1185 2356 1320 2421 nostnse,
1342 2347 1400 2410 ssd
1421 2357 1584 2426 pinoteres

130 2444 186 2504 tur,
201 2453 262 2493 uon
277 2442 324 2492 est
339 2431 422 2491 fides.
438 2431 580 2513 Sequitur
599 2431 743 2511 probatio.
851 2452 856 2503 ς
878 2432 1046 2491 laboramus
1069 2433 1144 2491 vitio
1167 2433 1355 2512 ignorantise
1376 2443 1409 2494 et
1424 2435 1580 2514 senapis·

175 2521 257 2579 Nam
274 2519 359 2594 quod
383 2519 465 2577 uidet
488 2523 574 2593 uluis,
601 2518 680 2593 quid
700 2520 829 2594 sperat?
878 2519 994 2578 centias
1017 2518 1130 2591 osrnis,
1154 2538 1233 2598 quse
1254 2541 1310 2580 nos
1326 2519 1460 2580 mddnut
1474 2520 1518 2581 sd
1530 2521 1585 2590 bo·

131 2606 265 2666 Gnaeo:
290 2604 367 2679 quid
390 2606 485 2663 etiam
501 2606 631 2679 sperat?
653 2603 829 2665 Ambrosius
876 2624 946 2664 num
961 2603 1053 2664 valdo
1067 2604 1169 2664 tardos
1185 2616 1216 2665 et
1232 2606 1411 2668 imbecilles.
1577 2627 1581 2637 ·

131 2693 162 2752 in
178 2690 308 2770 epistols
323 2691 390 2748 22:
415 2691 492 2765 quid
514 2699 544 2748 et
564 2692 701 2767 sperat?
722 2690 758 2749 Id
774 2699 829 2763 est,
919 2690 993 2750 Jam
1008 2709 1063 2750 cur
1078 2689 1158 2750 diost
1170 2693 1337 2771 Apostolus
1352 2694 1514 2769 emissor,
1529 2701 1583 2753 snt

130 2796 182 2837 om
198 2776 296 2836 udbuo
311 2774 437 2854 sperat?
465 2796 501 2836 uo
515 2778 541 2836 si
556 2776 650 2837 diest:
672 2777 733 2849 Ro,
749 2794 828 2855 quse
877 2779 1094 2849 consimiliter,
1111 2797 1179 2837 oum
1195 2779 1268 2838 nihil
1281 2778 1449 2858 praecedat
1463 2779 1581 2841 lusio-si·

130 2863 317 2944 sperabatur,
333 2861 466 2931 obtenta,
483 2862 566 2922 nulls
576 2864 640 2940 jum
651 2872 747 2922 restat
758 2883 827 2922 oau-
876 2864 961 2935 mile,
985 2864 1067 2944 quod
1088 2864 1216 2942 spiritua
1239 2865 1341 2926 focem
1355 2864 1484 2938 dicitur,
1500 2864 1581 2927 hund

130 2970 163 3010 sa
179 2947 326 3030 sperandi-
877 2953 950 3010 sstis
964 2949 1068 3030 liquet
1086 2948 1218 3028 Quidem
1231 2952 1369 3012 referunt
1381 2949 1423 3011 ad
1440 2952 1482 3025 id,
1498 2949 1581 3033 quud

172 3036 232 3096 Hie
247 3035 345 3094 obiter
361 3044 432 3095 nota
447 3045 552 3095 contra
574 3035 754 3105 haereticos,
775 3037 827 3116 qui
875 3037 1011 3116 proxim
1025 3039 1208 3116 praecessit,
1230 3039 1286 3098 boo
1310 3037 1417 3098 modos
1442 3037 1529 3118 Spes
1548 3038 1579 3101 'ns

130 3144 168 3185 ox
183 3122 350 3184 testimonio
367 3120 496 3201 Spiritus
510 3125 623 3194 sancti,
644 3124 685 3183 de
699 3143 760 3202 quo
776 3143 827 3183 su·
876 3122 1010 3182 adversis
1025 3141 1080 3182 nos
1095 3121 1221 3201 sdjuvst
1235 3135 1265 3184 et
1289 3126 1440 3204 patientes
1463 3123 1578 3199 redditi

127 3211 245 3290 purius,
269 3207 359 3268 fidem
383 3227 468 3269 suum
494 3210 656 3288 specialem
672 3209 826 3270 adstruere
876 3207 1012 3269 similiter
1033 3216 1064 3268 et
1087 3211 1217 3287 spiritns.
1249 3209 1399 3288 Origenes
1420 3212 1579 3273 minimas

126 3295 326 3365 conabuntur,
350 3314 416 3354 sum
439 3314 477 3354 ex
500 3295 558 3355 hoc
580 3295 646 3356 loco
668 3296 826 3357 manifeste
875 3295 1056 3373 Apostolum
1071 3298 1221 3375 respicere
1235 3296 1278 3356 sd
1292 3299 1434 3376 gemitus,
1449 3317 1578 3379 quorun

127 3382 249 3443 destrui.
274 3379 430 3460 Siquidem
446 3382 535 3441 horno
551 3393 691 3462 psooator
707 3391 739 3442 et
753 3403 823 3461 poe·
876 3386 907 3442 in
930 3379 1135 3459 superioribus
1158 3384 1272 3442 mentio
1292 3382 1379 3443 isots
1399 3391 1460 3444 est.
1488 3384 1579 3446 Dixit

126 3471 227 3530 nitens
242 3469 387 3546 imprimis
402 3488 525 3548 sperare
535 3469 661 3546 jubetur
677 3470 823 3529 remissio·
875 3469 961 3538 enim,
978 3487 1094 3528 omnem
1111 3476 1277 3528 creaturum
1295 3470 1504 3550 ingemiscere
1523 3471 1576 3532 Di·

125 3554 826 3720 {butisluttltltsslultst
873 3556 1578 3723 tltzttzffiuttlttttffi

122 3729 250 3803 hobus,
276 3728 364 3808 quis,
390 3728 467 3788 siout
485 3728 534 3788 hio
550 3729 637 3788 docet
652 3729 825 3808 Apostolus,
874 3729 925 3807 qui
940 3725 1062 3805 adjutor
1072 3736 1174 3787 noster
1185 3739 1240 3802 ost,
1251 3749 1313 3789 non
1324 3732 1393 3790 sine
1400 3730 1585 3809 gemitibus,

124 3836 172 3876 res
198 3814 302 3876 habita
329 3835 389 3874 non
412 3823 578 3894 speratum·
592 3817 766 3894 praesertim
788 3816 824 3885 si,
873 3823 903 3873 et
919 3813 1040 3893 quidem
1056 3814 1328 3888 inenarrabilibus,
1344 3834 1399 3876 nos
1414 3815 1575 3894 adjuvan

123 3901 207 3981 qnod
222 3902 348 3980 exigunt
363 3902 500 3973 sectarii,
524 3913 603 3961 certo
630 3901 686 3961 tibi
701 3921 822 3979 persna-
873 3920 963 3960 sonsu
977 3899 1119 3961 videlieet
1134 3899 1258 3962 iniurius
1272 3900 1467 3962 doulon-anda.
1498 3901 1588 3965 Gon·-

122 3988 209 4062 deas,
237 3998 268 4048 te
284 4007 349 4047 eum
365 3988 485 4048 habere,
514 3989 608 4049 Porro
625 4007 747 4068 sperare
764 4008 824 4047 non
872 3996 993 4065 grueret
1006 3987 1127 4066 quidem
1144 3986 1218 4046 baec
1236 3985 1383 4066 Origsnis
1406 3989 1577 4068 manubrio

122 4085 222 4155 potest
236 4077 302 4135 sine
316 4073 378 4134 fide
394 4095 445 4147 eu,
466 4093 547 4155 quae
570 4074 608 4134 ad
633 4073 761 4134 sulutem
778 4093 823 4132 re·
872 4074 951 4151 purti
964 4074 1123 4152 sequenti,
1139 4073 1193 4133 ubi
1207 4074 1332 4154 spiritus
1347 4075 1508 4155 postulone
1521 4097 1579 4157 prs

122 4165 255 4243 quiritur.
279 4163 360 4241 Ergo
375 4161 451 4221 fides
468 4160 521 4221 illa
539 4181 597 4221 uon
613 4170 662 4221 ost
677 4163 717 4221 de
732 4161 823 4220 vonis
871 4160 958 4219 nobis
972 4159 1083 4219 dicitnr
1097 4180 1164 4220 oum
1180 4161 1352 4238 gemitibus,
1368 4162 1395 4221 si
1411 4161 1480 4223 illie
1491 4162 1576 4225 sudi·

122 4258 313 4329 peccatorum
327 4256 360 4308 et
370 4247 532 4328 adoptione
540 4246 604 4323 jam
616 4255 753 4326 acceptu,
770 4245 823 4307 sed
871 4245 1056 4318 tumiuissot,
1067 4247 1234 4325 similium
1245 4247 1575 4331 mdhmopruqu

121 4334 343 4415 poenitentibus
367 4343 490 4412 parata,
518 4343 550 4393 et
570 4333 749 4414 accipiendo
771 4353 825 4413 per
871 4333 987 4412 spiritui
998 4342 1116 4392 tsnurrn
1129 4333 1268 4395 attribuit
1278 4333 1575 4414 sdjuvsrsnostrssu

120 4431 307 4483 memnonos
322 4442 340 4480 a
355 4419 477 4482 Obsista
493 4421 626 4480 Domino
641 4420 679 4478 ad
702 4419 756 4479 hoo
779 4420 823 4479 in·
871 4419 1086 4491 infirmitatum,
1097 4420 1220 4480 videtur
1233 4420 1341 4481 aliens.
1564 4470 1567 4475 .

119 4513 235 4570 stitutu.
913 4505 946 4565 S.
969 4506 1104 4566 'l'homss
1128 4506 1221 4566 refert
1246 4507 1288 4569 sd
1314 4507 1389 4569 illud
1414 4513 1574 4591 sapsa-iuss

164 4599 204 4657 26
237 4600 271 4659 so·
300 4605 427 4668 autem,
455 4596 541 4673 quod
570 4613 636 4653 noa
664 4595 821 4666 uidemus,
878 4592 1058 4667 Visiiicabs't
1073 4600 1103 4652 et
1117 4596 1270 4653 mastatio
1284 4612 1426 4671 corpora
1438 4606 1576 4676 proptor

124 4703 302 4762 spmmsu,
316 4704 377 4760 pes·
388 4686 583 4759 patientiam
598 4688 823 4756 exspectamus
870 4678 1103 4740 inhabitantem
1116 4684 1267 4755 spiritum
1282 4686 1352 4756 sisu
1363 4685 1405 4742 s'ss
1419 4684 1520 4746 nobis.
1533 4686 1577 4746 Et
