3254 5190
93 280 171 355 220
614 269 895 339 commessurus
912 270 1031 328 cram

93 448 147 511 sed
161 447 286 510 alterum
302 458 432 525 tantum,
453 471 490 512 ac
514 469 587 512 sane
600 447 785 532 probabilius
834 449 965 510 culinum
971 440 1056 521 λαὸν,
1067 447 1233 525 populum,
1247 442 1304 506 sed
1313 443 1531 522 iosmiuinoge·

94 526 786 617 ippcunpdsns,dilectam,propterconsensum
834 532 1178 615 neredixitApostolusc
1194 530 1531 593 non-dilectumdilec-

93 622 277 684 Graecorum
292 624 436 685 codicum.
834 631 912 698 tam,
921 620 1246 702 Prophetamimitatus,
1262 619 1315 699 qui
1322 636 1434 680 nomeu
1441 615 1529 677 illud:

136 709 287 771 Fortassis
303 711 382 772 enirn
396 710 534 772 alludere
548 711 644 772 voluit
657 709 696 770 ad
712 707 786 768 illud
834 710 958 787 Absque
965 708 1182 770 misericordia
1189 750 1200 783 ,
1215 724 1268 766 seu
1282 706 1358 768 Noa
1372 704 1531 779 dilectum,

94 797 250 874 superius:
278 797 382 862 Jacob
412 798 525 870 dilexi,
554 787 719 874 ἠγάπησα,
742 803 784 853 ta·
834 805 942 876 postes
967 791 1210 857 commutandum
1225 793 1257 853 in
1270 792 1444 875 oppositam
1458 789 1530 850 affir-

92 884 180 942 metsi
194 883 300 943 Petrus
315 883 354 944 ad
369 882 504 945 eumdem
519 880 597 944 Osee
608 884 705 944 locum
723 900 785 942 res·
834 884 1006 954 mationem,
1024 883 1131 960 jussus
1152 880 1251 942 fuerat
1272 877 1356 941 tiliae
1369 877 1431 938 sihi
1444 885 1532 939 ustae

92 969 208 1048 piciens
225 974 251 1029 1.
265 971 349 1050 epist
366 973 393 1030 2.
409 971 545 1050 scripsit:
561 962 590 1029 οἱ
612 961 667 1028 οὐκ
689 960 785 1048 {plen-
834 970 1004 1049 imponere,
1017 969 1048 1028 iu
1062 987 1125 1048 qua
1138 965 1244 1047 populi
1257 967 1340 1046 prius
1350 985 1412 1026 non
1425 962 1531 1039 dilecti,

92 1045 186 1132 μένοι,
202 1056 258 1132 qui
272 1075 340 1118 non
351 1059 507 1118 consecuti
523 1055 785 1129 miscricordiam,
834 1065 940 1136 postea
954 1075 1026 1115 vero
1042 1052 1187 1133 ddigcndi
1202 1053 1296 1132 figura
1311 1052 1486 1114 exsisteret.

92 1141 234 1203 videlicet
247 1151 367 1203 secutus
378 1144 546 1205 versionem
560 1142 784 1222 LXKQnam·
876 1139 1007 1203 Erraudi
1029 1140 1218 1201 occasionem
1242 1139 1417 1200 sustulisset
1442 1136 1529 1197 inter·

92 1246 183 1307 quam
197 1248 258 1289 non
272 1228 431 1290 admodum
443 1229 543 1305 refert,
554 1238 652 1290 utrum
662 1249 700 1290 ex
711 1226 784 1287 duo·
833 1249 912 1310 pres,
918 1229 944 1289 si
950 1226 1353 1302 venissemus-poputum
1359 1242 1468 1288 meum
1470 1241 1530 1300 po-

92 1312 149 1374 bus
163 1316 319 1395 scripserit
332 1316 456 1388 Paulus,
471 1335 538 1376 cum
553 1323 682 1395 utroque
697 1334 783 1377 voca·
832 1316 946 1393 paleam
961 1333 1066 1375 mcum
1072 1335 1085 1390 ,·
1101 1313 1278 1393 praesertim
1291 1331 1429 1374 cumvox
1441 1308 1530 1371 Gne

91 1399 164 1460 bulo
178 1421 226 1462 res
242 1401 347 1463 eadem
363 1401 554 1483 significetur.
577 1403 656 1463 Nam
681 1410 712 1463 et
725 1422 786 1462 vox
834 1423 870 1463 cs
885 1392 975 1476 λαὸς,
997 1420 1076 1481 quae
1091 1401 1182 1461 etiam
1197 1398 1280 1477 apud
1294 1399 1396 1461 LXX.
1413 1397 1529 1476 legitur,

91 1485 234 1550 Hebraea
255 1498 358 1565 ΕΠἾ
379 1489 507 1562 richam,
531 1508 611 1568 quse
632 1497 679 1550 est
703 1487 786 1568 apud
833 1487 977 1569 populum
993 1486 1145 1566 significet
1158 1487 1273 1566 potius,
1299 1506 1390 1567 quam
1405 1483 1530 1566 plebem

91 1574 278 1653 prophetem,
294 1583 324 1635 et
338 1595 428 1655 quam
443 1575 540 1636 solam
555 1575 683 1656 Syriaca
694 1574 785 1654 hujus
833 1575 950 1637 Rursus
966 1593 1003 1640 ex
1018 1592 1109 1634 sensu
1124 1571 1194 1632 dato
1211 1582 1302 1653 atque
1317 1593 1356 1633 ex
1376 1572 1452 1653 ipsis
1473 1579 1530 1631 tes·

92 1659 152 1722 loci
167 1660 259 1722 hahet
274 1660 383 1733 editio,
409 1663 558 1741 significat
573 1670 740 1742 utrumque,
756 1670 787 1722 et
835 1662 949 1723 timonii
963 1661 1064 1722 verbis
1086 1659 1197 1739 liquet,
1223 1659 1373 1720 dilectam
1396 1658 1456 1718 dici
1478 1657 1531 1718 hoc

90 1745 217 1827 diligere
231 1756 262 1808 et
276 1748 418 1809 misereri.
834 1748 913 1820 loco,
942 1767 1003 1807 non
1029 1746 1283 1807 ahenevolentia
1312 1747 1373 1807 Dei
1400 1753 1530 1819 aeterna,

133 1834 157 1896 J
158 1854 205 1894 am
221 1831 302 1915 quod
317 1833 358 1897 ed
373 1854 492 1896 sensum
507 1835 627 1907 attinet,
651 1836 722 1914 quis
742 1834 785 1895 di·
834 1854 914 1916 qnae
930 1832 1119 1895 immutabilis
1135 1840 1195 1908 est,
1219 1831 1272 1893 sed
1297 1854 1316 1893 a
1330 1831 1531 1894 beneficentia

90 1927 176 1982 xerat
199 1921 375 2002 Apostolus,
399 1922 497 1983 Deum
520 1942 580 1981 nou
605 1941 643 1982 ex
657 1920 786 1982 Judaeis
834 1919 1008 2003 temporali,
1036 1939 1114 2001 quae
1136 1918 1308 1982 dilectionis
1330 1926 1476 1980 aeternae
1492 1916 1529 1978 el·

90 2006 193 2080 solum,
208 2006 262 2070 sed
278 2008 368 2068 etiam
381 2007 569 2089 exgentibus
578 2008 787 2069 vocasseelec·
834 2007 930 2068 iectus
956 2014 1010 2068 est.
1040 2007 1130 2067 Tune
1156 2007 1248 2087 igitur
1275 2026 1314 2067 ex
1340 2027 1402 2068 nou
1425 2004 1532 2066 dilecta

91 2101 152 2166 tos,
172 2104 206 2166 ut
218 2093 276 2155 hoc
291 2097 442 2174 posterius
457 2093 577 2174 probet,
592 2093 714 2154 adducit
728 2114 786 2154 me·
834 2096 932 2175 coepit
947 2093 1056 2156 dilecta
1070 2093 1136 2153 fieri
1150 2093 1316 2174 gentilitas,
1329 2091 1451 2176 quando
1467 2111 1529 2172 gra·

88 2187 235 2242 moratum
264 2181 434 2260 Prophetae
463 2182 674 2242 testimouium.
707 2181 785 2241 Nam
833 2183 895 2242 tiae
910 2180 1530 2261 suaebeneficiiscoepiteamDeusprae·

88 2266 219 2347 populus
235 2266 337 2328 decem
353 2269 491 2343 tribuum,
507 2270 561 2348 qui
576 2267 722 2348 peculiari
733 2288 784 2328 uo·
833 2268 946 2329 venire.

89 2354 169 2414 ruine
181 2353 338 2415 dicebatur
352 2354 464 2429 Israttl,
488 2354 525 2415 de
547 2375 607 2434 quo
623 2354 785 2415 seeundum
877 2355 928 2414 26.
951 2355 995 2416 Et
1009 2356 1085 2414 erit.-
1108 2356 1143 2414 in
1167 2354 1253 2429 loco,
1280 2353 1474 2414 rabidiorem
1489 2358 1530 2412 est

88 2439 206 2500 literam
232 2439 386 2520 Propheta
412 2442 554 2522 loquitur,
581 2443 720 2521 quoniam
746 2441 784 2501 ad
834 2441 1084 2516 air:Non-plebr
1099 2460 1169 2501 mea
1183 2458 1258 2517 υοε,Ι
1273 2440 1529 2516 ihivocabaatar

89 2525 202 2586 cultum
214 2528 377 2588 vitulorum
392 2528 562 2603 deflexerat,
579 2535 685 2608 typum
700 2547 784 2607 prae·
832 2529 892 2606 lilii
906 2529 968 2588 Dei
983 2530 1058 2587 vivi.
1070 2529 1156 2588 Haec
1171 2528 1332 2588 testimonii
1347 2547 1420 2609 pers
1432 2545 1528 2606 sump-

90 2612 160 2672 sulit
175 2614 294 2693 gentilis
310 2623 340 2673 et
354 2614 533 2675 idololatrici
550 2614 660 2694 populi,
676 2615 785 2693 magis·
833 2622 864 2675 ta
879 2622 978 2674 estex
1001 2614 1139 2691 ejusdem
1160 2614 1327 2694 prophetae
1349 2635 1416 2695 cap.
1446 2619 1483 2687 1.,
1502 2621 1529 2674 st

89 2720 148 2779 qne
170 2720 239 2761 eum
261 2709 368 2781 postea
389 2703 626 2781 repraesentavit
648 2719 704 2761 sua
730 2720 785 2779 per
829 2703 919 2781 juxta
948 2702 1083 2782 typicam
1114 2701 1377 2781 significationem,
1405 2699 1446 2761 de
1471 2719 1529 2780 qus

88 2793 194 2866 gentes
210 2785 412 2866 dispersione;
429 2789 509 2849 sicut
523 2807 540 2848 e
555 2787 673 2848 diverso
688 2807 783 2867 popu·
833 2788 924 2870 paulo
940 2796 1027 2863 aute,
1042 2807 1163 2848 sensum
1177 2787 1256 2848 hunc
1271 2787 1379 2848 hahet:
1402 2790 1447 2851 Et
1460 2790 1526 2864 crit,

88 2873 136 2933 lus
151 2872 276 2934 duarum
293 2875 431 2947 tribuum,
448 2875 501 2954 qui
516 2874 681 2935 vocabatur
692 2873 786 2946 Juda,
833 2875 865 2934 id
881 2883 932 2948 est,
948 2876 1020 2948 hoc,
1037 2874 1119 2955 quod
1135 2873 1249 2948 dicam,
1272 2874 1436 2956 aliquando
1452 2873 1528 2934 futu·

88 2961 162 3040 quia
176 2962 342 3039 permansit
356 2961 386 3021 in
401 2980 474 3022 sero
490 2961 570 3020 cultu
585 2959 658 3034 Dei,
680 2969 786 3041 typum
833 2982 898 3022 rum
915 2970 969 3021 est.
982 2964 1023 3022 In
1038 2965 1107 3039 ipso
1123 2962 1201 3037 loco,
1218 2963 1298 3022 utin
1313 2961 1454 3036 Graecia,
1469 2962 1527 3022 Ita·

89 3048 183 3126 gessit
196 3047 301 3127 populi
316 3048 339 3108 J
340 3046 454 3122 udaiei,
476 3055 510 3107 ut
524 3070 543 3108 a
557 3047 727 3127 gentilitate
742 3048 785 3107 di·
833 3049 883 3122 lia,
900 3048 1016 3122 Gallie,
1033 3058 1063 3108 et
1075 3050 1260 3128 ubicumque
1274 3048 1382 3108 morati
1406 3047 1529 3110 fuerunt

89 3134 213 3193 stinctus
242 3134 313 3210 snit;
340 3154 428 3216 quam
452 3136 608 3215 mysticam
632 3135 786 3214 utriusqus
833 3135 943 3196 dudum
958 3155 977 3194 a
991 3155 1062 3195 vero
1078 3137 1137 3196 Dei
1152 3135 1234 3195 cultu
1250 3135 1360 3208 alieni,
1376 3136 1423 3196 sic
1437 3144 1470 3196 ut
1480 3154 1528 3196 vo·

88 3220 207 3300 populi,
230 3222 343 3282 scilicet
356 3222 453 3282 Israel
468 3231 499 3282 et
519 3221 617 3295 duda,
639 3221 785 3301 significa·
833 3225 896 3282 cari
910 3230 1049 3302 possent:
1065 3221 1296 3299 Non-populas
1310 3242 1398 3284 meru
1407 3267 1416 3296 ,
1434 3225 1466 3284 iu
1482 3241 1527 3283 eo·

89 3309 200 3368 tionem
226 3300 353 3388 attingit
373 3310 463 3369 etiarn
485 3309 680 3388 Augustinus,
706 3308 785 3369 hunc
833 3307 914 3381 dem,
937 3309 1074 3389 inquam,
1096 3310 1179 3381 loco,
1203 3319 1232 3370 et
1247 3311 1363 3389 absque
1378 3330 1432 3384 so,
1448 3306 1529 3391 quod

89 3393 260 3473 Prophetae
275 3395 373 3456 locum
387 3404 520 3458 tractans
531 3395 581 3456 lib.
594 3395 643 3455 18.
656 3394 694 3456 de
706 3396 785 3456 civit
833 3396 931 3457 locum
946 3404 1074 3470 mutent,
1101 3415 1207 3457 verum
1228 3397 1287 3458 Dei
1309 3395 1422 3458 cultum
1439 3398 1528 3458 susci·

88 3480 150 3542 Dei
165 3501 231 3562 cap.
249 3483 298 3543 28.
833 3484 923 3562 pient,
939 3503 976 3542 sc
990 3502 1046 3561 per
1060 3483 1117 3543 hoc
1131 3492 1220 3543 erunt
1233 3493 1262 3545 et
1272 3484 1464 3546 vocabuntur
1478 3483 1529 3545 filii

130 3569 224 3628 Porro
251 3567 360 3629 dicitur
385 3566 469 3629 Deu's
490 3588 601 3629 vocare
628 3569 784 3649 quippiam
832 3570 892 3630 Dei
905 3569 984 3640 vivi,
1010 3588 1063 3630 seu
1083 3571 1231 3645 viventis,
1254 3570 1370 3632 Graece
1391 3567 1529 3646 ζῶντος,

87 3675 147 3715 nou
162 3655 245 3716 inani
269 3657 403 3729 nornine,
429 3654 482 3715 sed
504 3657 548 3716 rei
570 3657 784 3736 praestatione,
833 3656 940 3727 idest,
960 3655 1019 3716 Dei
1035 3658 1107 3730 veri,
1123 3659 1211 3737 cujus
1228 3677 1295 3720 esse
1310 3658 1415 3719 sisere
1430 3667 1488 3720 est.

88 3740 159 3802 dum
175 3741 205 3802 id
220 3742 296 3803 facit
310 3761 384 3816 essa,
401 3742 483 3822 quod
497 3743 645 3816 nominat,
661 3761 783 3822 quomo·
881 3742 978 3820 Urget
999 3742 1165 3822 Apostolus
1186 3744 1244 3805 hoc
1266 3745 1470 3806 testimouium
1493 3743 1530 3806 dc

88 3827 126 3889 do
141 3828 310 3910 frequenter
325 3831 357 3889 iu
371 3829 532 3909 Prophetis
545 3849 657 3891 vocare
678 3838 709 3891 et
732 3852 784 3891 no·
832 3831 907 3904 loco,
923 3848 962 3890 ue
976 3828 1055 3891 forte
1069 3831 1151 3891 dicat
1162 3830 1308 3905 Judaeus,
1324 3833 1454 3912 gentiles
1466 3832 1530 3913 qui·

87 3917 203 3978 minam
217 3924 381 3977 sumuntur.
397 3916 505 3998 Itaque
516 3936 624 3979 seusus
636 3923 694 3977 est:
710 3918 783 3992 Eos,
832 3916 898 3978 dem
913 3916 1031 3997 aliquos
1046 3916 1201 3979 adrerum
1215 3919 1275 3979 Dei
1291 3919 1406 3980 cultum
1421 3920 1530 3981 trausi-

88 4004 140 4085 qui
154 4003 450 4084 nouerantpopulus
465 4023 558 4078 meus,
575 4004 654 4064 cultu
670 4013 702 4065 et
715 4002 783 4065 rsli·
831 4012 914 4065 turos
930 4022 1012 4077 esse,
1036 4004 1090 4066 ssd
1105 4005 1326 4085 proselytorum
1347 4026 1447 4081 more,
1469 4006 1530 4087 qui,

88 4092 178 4171 gione
192 4089 300 4151 facium
315 4090 460 4170 populum
474 4110 589 4167 meum3
612 4099 643 4152 et
657 4092 710 4171 qui
724 4113 785 4153 non
831 4089 989 4153 Judaismo
1005 4100 1161 4172 suscepto,
1187 4091 1237 4152 vel
1258 4093 1290 4152 in
1305 4091 1460 4154 «Iudaeam
1475 4093 1529 4154 uri·

89 4184 176 4240 erant
190 4197 210 4237 a
222 4197 270 4238 ms
285 4176 405 4250 dilecti,
429 4176 535 4253 idest,
557 4178 673 4260 gratiae
697 4177 783 4240 donis
831 4178 972 4259 grabaut,
986 4177 1037 4239 vel
1051 4180 1138 4239 statis
1153 4180 1347 4258 temporibus,
1362 4179 1530 4241 secuudum

88 4263 198 4338 adecti,
212 4264 321 4327 faciam
332 4263 466 4338 dilectos,
481 4265 523 4327 ita
534 4272 569 4325 ut
579 4285 651 4327 vero
663 4267 784 4328 nomine
830 4265 930 4345 legem
945 4285 964 4326 e
978 4265 1040 4325 suis
1055 4264 1129 4326 locis
1145 4265 1372 4328 adscendebant
1390 4266 1432 4327 ad
1454 4274 1529 4328 tem·

88 4351 217 4431 populus
231 4371 331 4424 meus,
346 4353 466 4434 meique
480 4351 583 4413 dilecti
598 4352 701 4413 vocari
715 4372 783 4433 pos·
830 4352 923 4433 plum,
939 4351 1022 4431 quod
1037 4361 1103 4413 erat
1116 4353 1139 4414 J
1140 4352 1326 4433 erosolymis.
1350 4352 1422 4415 Hoc
1437 4355 1530 4434 igitur

89 4437 156 4498 sint
830 4439 995 4518 Apostolus
1010 4437 1117 4511 docet,
1133 4439 1216 4519 quod
1231 4439 1367 4501 Christus
1387 4440 1472 4504 Joan
1483 4444 1530 4516 4..

130 4523 488 4607 Notandumquippeest,
496 4525 783 4587 illudtNmsdileo·
831 4525 933 4587 dicens
947 4525 987 4585 ad
1001 4525 1216 4588 merituram
1227 4527 1396 4588 mulierem:
1419 4530 1532 4592 Venta

88 4619 155 4673 tom
169 4611 332 4688 dilectam,
349 4633 409 4674 nou
432 4632 501 4675 esse
516 4611 700 4692 adjectivum
715 4611 782 4674 sub·
830 4615 922 4689 horo,
939 4614 1071 4691 quondo
1086 4633 1188 4691 nepas
1203 4617 1239 4675 irs
1253 4621 1361 4675 monte
1385 4617 1455 4692 hoc,
1471 4634 1530 4679 tsc-

87 4699 783 4777 mnuapuosmmuninttmeohocsirmss·
831 4720 892 4781 que
902 4703 942 4765 irs
956 4701 1165 4777 Jerosolymis
1180 4701 1356 4765 adorabitis
1365 4711 1507 4782 putresca
