3254 5190
512 256 1058 333 nurisnmsomsos.sms.1.
1446 285 1520 355 les

81 447 241 513 Christiani
255 448 376 530 legibus
387 448 506 514 illorum
518 460 549 515 et
560 452 667 515 edictis
677 455 775 515 minus
823 453 953 537 epistola
969 453 1007 514 sd
1023 455 1085 516 Tit
1100 473 1166 536 cap.
1182 454 1221 528 3.,
1237 452 1290 515 ubi
1300 455 1366 534 jam
1381 454 1521 535 saperius

78 536 336 617 obtemperarent,
359 558 529 601 accursum
542 560 582 601 ne
596 542 654 620 ipsi
668 540 774 603 fideles
823 563 889 621 cap.
905 541 932 603 1.
949 561 1061 616 eorum,
1077 542 1130 622 qui
1141 540 1180 601 de
1191 541 1415 603 circumcisione
1427 548 1521 617 erant,

76 624 228 703 ιοΙίςίοηίι
257 625 418 707 privilegio
448 646 515 689 sese
547 635 703 708 exemptos
735 626 773 689 ab
822 628 1056 690 inobedientiam
1086 629 1219 708 pariter
1247 636 1424 705 notaverat,
1458 637 1523 687 tum

77 709 248 773 obedientie
262 714 421 793 potestatis
442 714 607 775 saecularis
623 716 772 775 existima·
822 716 895 797 quia
916 715 1025 777 Petrus
1048 735 1133 775 suam
1154 713 1327 796 epistolam,
1354 717 1384 776 in
1408 733 1468 796 qua
1490 712 1522 774 id

76 806 140 858 rent
154 794 253 879 (quae
275 800 378 881 opinio
400 821 461 862 non
476 800 575 862 solum
589 800 669 862 falsa
684 810 730 862 est
745 805 775 860 et
822 803 921 883 ipsum
935 802 1090 883 praecipit,
1106 820 1207 882 aeque
1222 810 1257 861 ut
1267 801 1290 862 J
1292 801 1413 876 acubus,
1429 803 1522 881 scrip

75 904 215 961 erronea,
229 905 335 948 verum
349 888 440 949 etiam
453 886 667 968 rempublicam
682 886 773 949 vehe-
822 891 861 950 sit
890 887 930 950 ad
959 887 1097 950 Judaeos
1127 890 1157 949 in
1180 886 1366 970 dispersione
1394 889 1520 968 positos.

74 979 187 1033 neuter
201 968 384 1053 perturbet),
399 972 562 1054 diligenter
578 976 620 1035 eie
634 972 774 1056 Apostoli
865 975 957 1055 Quod
980 977 1130 1055 interpres
1155 976 1248 1035 vertit
1272 973 1520 1049 sublimioribus,

72 1058 767 1123 commendabantetinculcabantbocobedien·
821 1081 930 1141 graece
953 1070 1000 1122 est
1015 1055 1255 1140 ὑπερεχούσαις,
1280 1065 1521 1138 supereminen-

71 1145 128 1205 lise
157 1156 367 1229 praeceptum.
405 1148 505 1229 Quam
531 1147 570 1208 ob
597 1168 718 1208 causam
744 1154 774 1208 et
821 1149 914 1225 tibus,
943 1149 1229 1226 praecellentibus5
1260 1157 1291 1210 et
1319 1151 1362 1209 ita
1391 1146 1523 1212 reddidit

70 1230 177 1295 Petrus
194 1238 224 1295 1.
240 1235 328 1315 epist
344 1237 373 1296 2.
392 1234 539 1297 sollicitus
561 1234 620 1297 tuit
642 1234 773 1315 idipsum
820 1235 888 1296 loco
911 1235 995 1297 Petri
1020 1243 1200 1297 memorato:
1230 1238 1303 1298 Sive
1326 1238 1402 1312 repi,
1429 1237 1523 1313 quast

70 1316 175 1383 tiela
190 1319 364 1383 admonere
818 1323 1034 1401 praecellenti.
1057 1326 1178 1384 Anima
1192 1344 1247 1404 pro
1265 1322 1395 1397 homine,
1417 1340 1522 1402 synec-

108 1405 285 1471 Verisimile
298 1415 346 1469 est
367 1418 484 1484 autem,
506 1407 538 1470 id
552 1408 716 1490 Apostolos
730 1408 771 1470 fe·
822 1409 918 1472 doobe
940 1418 989 1472 eat
1006 1410 1156 1471 Hebraeis
1179 1409 1381 1471 usitatissime
1425 1410 1522 1469 Pote-

70 1493 772 1665 mtr'ttffltttzltltt·
821 1503 915 1646 ib‘i‘
930 1496 1523 1665 tetislttittttlltt

69 1665 153 1731 tneo
177 1677 302 1731 comtat
326 1688 366 1730 ex
391 1669 516 1733 historia
539 1670 719 1750 evangelice
742 1676 774 1730 et
822 1605 948 1733 sumitdr
966 1673 999 1732 in
1016 1672 1145 1750 epistole
1167 1670 1207 1733 ad
1229 1671 1347 1733 Titum:
1377 1670 1524 1731 Admone

71 1756 204 1817 Actum
216 1756 436 1838 Apostolorum,
448 1778 504 1820 nec
515 1756 773 1839 nonexJosepbo
822 1759 908 1834 ilios,
934 1759 1137 1836 principibus
1163 1766 1192 1820 et
1213 1757 1423 1836 potestatibus
1448 1756 1523 1818 rub·

73 1842 277 1917 stSuetonio,
293 1844 375 1925 quod
390 1844 430 1904 ad
444 1844 649 1906 rebellandum
664 1845 771 1906 Roma
823 1847 905 1907 ditos
919 1865 988 1907 esee.
1026 1844 1077 1907 Sic
1099 1846 1139 1907 sd
1158 1846 1270 1927 preo.
1292 1848 1337 1908 6.:
1368 1844 1523 1906 adversus

73 1932 117 1993 uis
130 1949 256 2011 semper
270 1929 360 1993 fuerit
368 1933 519 2014 proclivis,
534 1940 564 1994 et
574 1931 687 1993 tributa
700 1952 773 2013 pen·
820 1936 985 2010 principes
1000 1939 1030 1993 et
1041 1941 1222 2009 potestates.
1250 1933 1294 1992 Et
1307 1953 1345 1994 ne
1360 1951 1467 2011 parum
1482 1931 1523 1992 la·

74 2014 146 2080 dere
160 2015 346 2090 demunt,
361 2038 398 2081 eo
412 2027 580 2100 praetextu,
597 2018 678 2100 quod
693 2028 776 2080 esset
824 2022 886 2081 tine
901 2021 931 2081 id
947 2020 1008 2081 dici
1023 2027 1126 2100 putes,
1141 2023 1184 2082 ita
1198 2020 1360 2082 Suetonius
1380 2016 1419 2079 de
1435 2017 1524 2079 Olau-

74 2103 204 2185 populus
215 2105 390 2186 Dei,quem
406 2105 533 2169 libemm
548 2107 586 2167 ab
603 2104 776 2184 hujusmodi
823 2107 874 2168 dio
902 2106 1049 2171 osane:
1079 2108 1344 2172 Jurs'sdietiorsem
1371 2106 1409 2165 de
1431 2104 1525 2182 fidei·

74 2194 222 2255 sevitute
235 2192 398 2267 bominum,
413 2194 588 2274 praesertim
600 2192 776 2270 infidelium,
824 2197 993 2255 commiuis
1013 2196 1050 2253 iro
1071 2202 1262 2271 perpetuum
1268 2239 1280 2269 ,
1309 2203 1405 2271 atque
1428 2195 1524 2253 etiam

75 2298 138 2341 esse
152 2287 319 2359 oporteret
341 2278 420 2342 Inde
435 2289 507 2343 usta
522 2279 603 2361 apud
614 2300 667 2342 eos
678 2280 775 2342 Hero·
821 2299 882 2358 per
893 2283 1081 2357 provincias
1087 2325 1098 2357 ,
1119 2281 1328 2357 potestatibus
1343 2280 1523 2340 cenanda-

77 2362 121 2427 lis
149 2368 257 2445 magni
286 2373 420 2446 tempore
449 2375 535 2430 secta
563 2365 775 2441 Galilaeorum,
824 2371 878 2430 uit.
900 2368 998 2448 igitur
1012 2367 1147 2429 hocloco
1158 2376 1324 2448 potestates
1337 2364 1524 2428 sublimiores
1622 2398 1626 2406 ·

76 2458 199 2513 sudore
221 2452 309 2515 Juda
331 2452 461 2534 quodam
479 2453 636 2531 Galilaea,
661 2451 700 2514 de
716 2473 775 2535 qno
825 2464 895 2516 sunt
909 2455 1043 2515 homines
1055 2456 1234 2516 anctoritate
1245 2455 1366 2534 publica
1378 2451 1525 2532 praediti,

77 2536 227 2601 (damaliel
239 2541 307 2625 Aet
324 2542 354 2601 5.
369 2542 511 2614 meminit,
526 2541 614 2619 cajus
629 2539 776 2620 professio
824 2544 890 2602 sire
904 2561 1007 2623 repes,
1033 2543 1100 2605 aire
1121 2542 1339 2622 provinciarum
1358 2539 1525 2621 praesides,

77 2634 156 2699 cat,
181 2646 244 2687 non
260 2624 372 2689 debere
385 2626 522 2690 Judaeos
544 2628 689 2689 tributum
704 2646 776 2708 pen·
824 2631 890 2690 sive
910 2647 1168 2711 quarumcumque
1193 2629 1313 2690 urbium
1335 2647 1371 2687 ac
1394 2625 1525 2688 locorum

77 2709 145 2773 dac
161 2712 357 2792 alienigenis,
372 2734 428 2775 nec
443 2732 641 2795 quemquam,
655 2722 776 2793 praeter
824 2716 1025 2795 magistratus.

76 2816 163 2859 unum
173 2799 286 2875 Deum,
295 2800 458 2863 Dominum
468 2799 633 2883 appellere.
655 2799 705 2861 De
716 2820 776 2882 qua
868 2802 938 2864 Non
951 2801 1018 2864 vult
1039 2809 1139 2863 autem
1154 2800 1210 2862 hoc
1224 2808 1388 2882 praecepto
1402 2801 1524 2875 Paulus,

78 2893 158 2947 secta
171 2884 256 2960 vida
271 2906 352 2967 quae
365 2886 469 2948 scribit
482 2889 642 2963 Jasepbus
657 2885 708 2948 lib.
725 2888 775 2948 20.
826 2909 942 2951 omnem
953 2907 1076 2970 prorsus
1088 2888 1246 2961 hominem,
1259 2890 1377 2949 nemine
1385 2896 1524 2968 excepto,

78 2974 168 3053 mtiq.
184 2970 262 3034 Jnd.
274 2992 342 3055 cap.
354 2976 392 3049 2,
407 2982 439 3036 et
449 2973 488 3036 de
498 2974 579 3036 bello
595 2973 669 3037 «lud
681 2972 732 3036 lib.
747 2976 775 3034 7.
825 2975 936 3038 debere
947 2975 1116 3054 subjectum
1127 2994 1194 3037 esse
1205 2977 1349 3054 potestati
1360 2974 1525 3049 saeculari,

79 3076 139 3140 sap.
154 3060 207 3121 2⁹.
825 3065 857 3124 in
884 3081 971 3143 quern
997 3081 1133 3135 sensum,
1164 3072 1269 3122 contra
1294 3060 1468 3141 pontificum
1494 3068 1526 3123 et

115 3142 270 3225 Quoniam
283 3145 390 3227 igitur,
415 3156 449 3208 ut
463 3149 508 3209 ait
521 3149 730 3227 Hieronymus
745 3149 776 3209 in
826 3150 898 3210 cleri
914 3149 1113 3215 ecclesiastici
1129 3148 1360 3228 exemptionem,
1381 3166 1525 3226 perverse

79 3233 290 3293 mmentario
306 3231 455 3314 epistolae
470 3235 510 3295 ad
524 3235 646 3307 Titum,
666 3234 777 3297 Judae
826 3235 1198 3316 locushicaquibusdam
1209 3236 1361 3315 accipitur.
1385 3234 1525 3295 Sicanim

81 3318 216 3381 dalilaes'
226 3338 289 3396 per
303 3320 385 3380 iilud
401 3328 524 3398 temptes
541 3322 659 3397 dopmo
673 3321 777 3382 adbuc
825 3325 907 3404 ipsos
923 3324 1016 3383 etiam
1031 3341 1119 3401 reges
1134 3330 1165 3381 et
1186 3323 1338 3401 principes
1359 3322 1416 3382 hcc
1438 3340 1524 3403 pree·

79 3405 220 3482 metat,
236 3407 414 3468 etbabebat
427 3408 585 3484 plurimos
598 3415 775 3483 sectatores,
826 3417 946 3490 ceptum
972 3408 1247 3490 comprehenderet
1284 3407 1346 3469 Sed
1368 3408 1525 3489 praecipit,

78 3490 187 3553 ideireo
203 3491 295 3555 docet
308 3493 480 3575 Apostolus,
493 3495 733 3572 priucipatibus
749 3503 778 3556 et
826 3506 860 3557 ut
875 3515 978 3556 omues
993 3495 1098 3556 fideles
1119 3493 1303 3575 principibus
1318 3515 1355 3557 ac
1368 3497 1524 3575 magistra·

76 3580 285 3655 potestatibus
305 3582 464 3643 credentes
487 3583 598 3642 debere
620 3600 681 3643 ease
703 3583 777 3644 sub·
827 3584 922 3658 tibus,
938 3582 992 3643 sub
1008 3583 1116 3665 quibus
1131 3583 1285 3643 constituti
1299 3590 1375 3655 sunt,
1399 3588 1526 3661 pareant

75 3670 175 3740 udor.
198 3666 357 3728 Accedere
368 3669 466 3748 potuit
477 3669 593 3730 ethaeo
604 3671 679 3730 ratio
691 3689 778 3750 pree·
826 3673 857 3731 in
872 3670 925 3741 iis,
948 3689 1028 3750 quae
1043 3669 1083 3730 ad
1105 3668 1221 3729 illorum
1236 3676 1417 3748 potestatem
1432 3670 1524 3748 perti·

79 3755 154 3834 cepti
169 3754 262 3815 istius
277 3755 462 3828 inculcandi,
489 3774 579 3837 quam
594 3756 693 3818 adfert
706 3756 777 3818 Car·
826 3766 904 3820 nent.
928 3757 989 3817 Est
1004 3757 1084 3817 enim
1098 3754 1290 3816 accommoda
1305 3755 1481 3817 distributio.

78 3837 182 3902 dirsslis
205 3840 357 3903 Batonius
378 3843 410 3903 in
438 3843 501 3903 suis
528 3843 697 3904 Annalibus
720 3842 776 3904 sub
870 3844 1019 3923 Quocirca
1034 3841 1525 3921 nonestcenaequeus,siPet1ue

81 3926 166 3989 tuen
188 3929 263 3989 anni
284 3948 304 3989 a
325 3926 446 3990 Christo
469 3938 541 3991 nato
561 3932 664 4010 primi:
695 3928 777 4010 quod
826 3951 861 3991 ec
876 3933 988 3991 caeteri
1001 3929 1140 4010 Apostoli
1163 3938 1235 3989 tuuc
1250 3949 1360 4007 parere
1376 3927 1526 3988 debebant

80 4010 217 4075 chistus
229 4014 409 4095 etApostoli
421 4017 487 4095 ejus
498 4017 637 4097 plerique
647 4014 777 4078 Galilaei
826 4017 973 4079 maculari
980 4017 1134 4096 potestati,
1146 4036 1225 4077 nunc
1236 4036 1358 4097 quoque
1365 4014 1525 4094 pontifices

78 4097 204 4179 fuerint3
218 4110 255 4162 ut
268 4103 395 4182 proinde
409 4122 533 4163 necesse
544 4101 635 4165 fuerit
645 4104 775 4185 Aposto·
827 4112 858 4165 et
869 4104 981 4165 clerum
994 4106 1167 4164 universum
1178 4102 1218 4162 ad
1229 4102 1307 4164 idem
1320 4101 1423 4163 teneri.
1446 4100 1525 4163 Nam

79 4185 127 4261 lis,
140 4190 343 4270 suspicionem
367 4189 449 4251 illius
463 4198 580 4263 sectae,
602 4210 681 4271 quae
696 4189 777 4252 Gali·
826 4200 1024 4271 posteaquam
1039 4192 1190 4270 principes
1213 4189 1304 4267 hujus
1324 4188 1438 4249 saeculi
1453 4188 1526 4250 iacti

79 4270 209 4337 lusorum
222 4276 405 4350 vocabatur,
429 4277 585 4338 cannariis
604 4279 777 4356 praeceptis
825 4285 896 4338 sunt
911 4274 1088 4350 Christiani,
1111 4285 1141 4340 et
1155 4296 1210 4355 per
1221 4274 1282 4336 -hoc
1298 4275 1445 4337 eeclesiae
1460 4275 1525 4350 filii,

81 4362 168 4423 verbo
183 4370 214 4425 et
223 4362 338 4443 scripto
351 4362 516 4443 divulgatis
531 4383 550 4423 a
565 4382 599 4424 se
611 4363 776 4443 depellere
821 4365 906 4441 justa
920 4365 1036 4426 ratione
1050 4364 1179 4444 placuit,
1206 4371 1241 4421 ut
1262 4364 1329 4443 ipsa
1352 4361 1479 4423 ecclesis
1494 4363 1526 4424 in

117 4447 207 4529 Quod
233 4458 336 4513 sutem
362 4450 401 4511 ad
423 4448 562 4511 Judaeos
587 4452 776 4531 potissimum
824 4452 878 4524 iis,
901 4453 953 4530 qui
967 4459 1130 4531 praesunt,
1147 4448 1185 4509 ab
1202 4448 1329 4523 illorum,
1346 4460 1380 4509 ut
1394 4449 1525 4510 filiorum

80 4537 239 4617 respiciant
260 4536 482 4616 &huiusmodi
502 4539 675 4618 praeceptis
693 4538 775 4617 Apo·
824 4556 953 4609 suorum,
970 4545 1122 4618 potestate
1133 4537 1326 4598 eximeretur.
1349 4535 1419 4616 Quo
1434 4537 1476 4609 fit,
1491 4542 1527 4598 ut

82 4622 152 4699 sot,
164 4646 227 4689 non
241 4624 322 4687 levis
337 4633 386 4685 eet
400 4624 581 4704 conjectura,
594 4634 658 4685 tum
674 4643 714 4686 ex
730 4644 775 4697 eo,
824 4624 1023 4686 ecclesiarum
1046 4622 1192 4705 praefecti
1210 4624 1277 4702 jam
1300 4624 1355 4684 sub
1378 4623 1441 4685 illie
1464 4642 1526 4685 uon

81 4710 155 4789 qaod
166 4711 287 4775 Paulus
302 4708 385 4773 idem
398 4718 593 4794 praeceptum
605 4719 725 4794 repetat
743 4713 776 4773 in
821 4713 882 4773 sint
892 4712 1057 4786 constituti,
1073 4729 1131 4773 neo
1140 4709 1269 4794 proinde
1280 4709 1321 4771 ad
1331 4731 1384 4773 eos
1395 4712 1522 4793 Aposto·

125 4812 367 4856 ssttlsttlasn.
386 4811 472 4854 ml.
1226 4873 1232 4887 .
1273 4819 1312 4876 19
