3254 5190
512 300 895 356 mmosssauaosrmos.
913 296 997 355 rsus.
1016 302 1040 354 r.
1440 300 1513 373 tut

81 474 182 552 sagra,
204 470 284 548 dico,
308 482 468 555 propterea
489 475 571 557 quod
592 478 643 538 vel
666 478 695 538 in
710 477 770 539 lide
816 500 877 541 non
892 486 1002 559 potest,
1016 484 1051 537 ut
1060 474 1172 556 quibas
1182 468 1357 553 simpliciter
1368 492 1427 534 non
1438 474 1511 535 lica·

80 578 177 639 parum
199 561 277 621 flrmi
301 570 403 622 assent
427 580 464 621 sc
488 566 632 643 provecti,
657 566 708 625 val
730 564 769 625 ab
818 568 870 627 bct
883 565 1045 627 observare
1059 562 1178 642 legalia,
1198 581 1238 621 ne
1253 560 1373 641 quidam
1388 570 1513 641 proptor

80 647 199 726 antiqua
223 656 257 707 et
278 649 385 708 inolita
407 649 624 712 cousuedutiua
644 670 711 712 sesa
724 672 770 711 re·
818 655 949 713 infirmos
967 650 1111 712 Judacos.
1142 647 1234 727 Quod
1256 656 1329 726 puto
1352 650 1424 708 satis
1447 664 1516 708 esse

79 736 172 793 socam
187 735 321 795 moleste
335 734 455 795 ferrent
480 736 772 817 Quoduihilominus
818 733 1393 817 manifestumepristclaadGulstas.
1411 733 1517 815 Quare

80 822 160 879 etism
187 821 242 881 ad'
260 821 464 882 infirmitatem
493 822 563 884 fidei
592 826 770 904 pertinebat
819 846 874 887 nec
882 826 922 887 ad
932 826 963 886 id
976 822 1220 885 laciendumullo
1232 820 1321 882 modo
1332 819 1516 882 exhortandi

79 907 134 966 luo
159 907 321 986 probabile
347 918 401 982 est,
431 909 568 983 infirmos,
598 911 636 971 de
662 912 771 992 quibus
820 922 915 973 crant.
939 910 1034 984 Adde,
1047 909 1129 991 quod
1138 908 1304 991 Apostolus
1316 910 1391 983 vult,
1406 918 1442 968 ut
1455 926 1517 968 nou

79 996 291 1072 Apostoluuin
304 997 771 1077 aaplerosqueopinioneinisse,
818 1001 1005 1060 manducans
1039 996 1270 1057 manducantem
1303 1015 1365 1055 non
1390 996 1517 1074 judicat,

78 1082 338 1155 utexistimarcnt,
354 1083 445 1158 cibos,
461 1084 600 1163 aquibus
613 1084 769 1166 lexprohi·
819 1087 938 1147 scilicet
962 1094 1107 1163 tanquam
1133 1084 1208 1163 legis
1235 1090 1290 1143 aut
1314 1084 1404 1143 moris
1426 1081 1517 1164 patrii

79 1167 167 1239 bebai,
191 1188 251 1249 per
273 1188 308 1228 se
330 1188 446 1251 suaque
472 1178 581 1229 natura
606 1171 771 1232 immundos
817 1172 1004 1234 violatorem.
1036 1167 1127 1250 Quod
1148 1170 1283 1249 proiecto
1299 1169 1375 1228 nihil
1390 1169 1428 1229 ad
1444 1186 1514 1248 gan·

78 1270 141 1327 cuc,
164 1266 199 1315 et
222 1255 264 1316 ob
287 1274 354 1315 cam
369 1274 489 1321 causam
511 1258 579 1336 lage
593 1259 770 1338 prohibitos,
817 1261 909 1334 tilam,
924 1260 972 1321 cui
987 1256 1121 1319 laudata
1135 1278 1196 1318 uon
1212 1257 1318 1316 iuerat
1341 1255 1448 1335 Quare
1461 1274 1517 1316 nec

78 1343 203 1403 maxima
212 1362 306 1424 quum
314 1343 539 1404 eosimmundos
547 1344 710 1406 identidem
719 1345 769 1406 lex
818 1355 980 1427 propterca
1002 1344 1115 1405 tirmior
1134 1343 1280 1405 dicendus
1301 1352 1376 1403 arat
1406 1344 1517 1423 ltaque

78 1428 217 1509 appellet.
239 1429 361 1490 Iudicat
374 1430 432 1491 boc
446 1430 561 1492 Paulus
576 1432 661 1506 inira,
676 1452 770 1514 quum
817 1434 940 1514 placere
953 1444 1014 1493 nou
1025 1440 1136 1513 potest,
1152 1430 1233 1513 quod
1247 1430 1438 1510 expositores
1453 1428 1517 1511 qni·

78 1524 195 1577 econtra
218 1516 292 1577 dicit
308 1536 342 1577 ss
364 1519 440 1577 scire
455 1525 487 1577 et
503 1538 678 1599 persuasum
693 1538 769 1592 esso,
819 1521 886 1581 dum
900 1519 1116 1583 manducantes
1131 1520 1181 1580 hio
1194 1516 1369 1598 intelligunt
1378 1518 1517 1598 gentiles,

77 1607 145 1681 βα
159 1606 493 1680 nibslcommsmcpcr
507 1609 662 1683 seipsum.
680 1607 769 1687 Quae
818 1609 954 1690 quamvls
987 1616 1017 1668 et
1043 1607 1249 1686 Hieronymus
1279 1606 1449 1666 inveniatur
1470 1606 1515 1664 ita

77 1708 120 1751 scs
132 1691 200 1751 illic
213 1692 352 1772 pluribus
364 1712 384 1752 a
397 1693 485 1752 uobis
501 1693 707 1774 explicabitur.
819 1697 950 1756 sensisse
964 1694 1014 1754 lib.
1030 1696 1059 1753 2.
1083 1702 1187 1754 contra
1202 1693 1357 1755 Jovinian.
1382 1696 1453 1774 cap.'
1464 1693 1514 1753 11.

107 1776 180 1869 ¹lico
203 1778 274 1839 ideo
295 1788 396 1840 tamen
417 1779 460 1839 illi
474 1782 644 1841 mortaliter
664 1800 770 1861 pecca·
861 1783 911 1841 Ex
927 1782 1181 1862 quibusapparat
1199 1782 1288 1840 ctiam
1303 1780 1371 1840 illos
1394 1798 1515 1841 sonsum

77 1864 152 1939 bant
173 1874 323 1947 tanquam
344 1867 505 1927 medianto
531 1877 680 1928 uectura
702 1868 770 1927 cul-
818 1870 960 1948 Apostoli
973 1868 1071 1928 miuus
1086 1877 1243 1929 assecutos
1258 1884 1335 1940 essa,
1361 1869 1416 1948 qui
1429 1886 1514 1947 prae·

76 1968 147 2029 pom
161 1955 201 2013 iss
213 1954 321 2014 Dentur
331 1956 553 2031 refunderent,
570 1954 652 2035 quod
664 1955 771 2016 adver·
819 1965 934 2017 mutarn
954 1957 1021 2034 ejus
1043 1955 1208 2016 doctrinam
1223 1972 1289 2014 oum
1304 1973 1348 2027 aa,
1369 1972 1463 2035 quam
1477 1955 1517 2014 ds

77 2056 124 2099 sas
137 2040 219 2100 lrsuc
237 2043 385 2101 rationem
409 2042 514 2121 objicit
527 2043 621 2123 Hugo
643 2042 771 2104 Victori·
820 2043 994 2123 idolothytis
1005 2042 1098 2102 tradit
1114 2046 1130 2101 1
1145 2041 1213 2102 Cor.
1225 2042 1256 2100 8.
1272 2049 1303 2100 ct
1316 2043 1375 2114 10„
1391 2043 1434 2103 ita
1446 2062 1516 2105 con·

78 2146 137 2185 uns.
172 2124 253 2188 Cum
277 2130 356 2188 enim
379 2129 486 2189 infirmi
510 2137 612 2189 essent
625 2129 693 2202 dds,
714 2146 771 2188 nec
819 2130 957 2204 iirnduut,
972 2138 1007 2188 ut
1021 2128 1202 2189 atiamhunc
1217 2127 1369 2188 locum-ad
1383 2129 1516 2190 inrmola·

77 2214 202 2273 subtiles
224 2216 355 2293 ingenio,
377 2234 437 2275 non
452 2216 598 2276 videbant
618 2235 685 2276 eam
701 2236 770 2275 son·
819 2219 900 2278 titios
924 2216 1009 2277 cibos
1034 2224 1088 2277 ant
1113 2215 1245 2276 roiarant
1266 2222 1319 2274 aut
1343 2218 1516 2279 exundant

77 2303 373 2381 sanationemquam
382 2302 572 2383 Hugoiacit3
588 2302 771 2362 utinmultis
819 2304 1009 2364 Namusam
1035 2301 1271 2383 idolothytorum
1298 2320 1357 2361 nou
1378 2302 1516 2375 Judasiu

77 2384 142 2447 aliis
163 2389 314 2467 contingit
335 2388 473 2450 affirmari
499 2389 623 2469 aliquid,
650 2409 690 2449 ex
712 2407 772 2469 quo
819 2390 901 2470 apud
915 2408 993 2468 qnos
1004 2387 1037 2447 id
1046 2388 1154 2449 luisset
1165 2386 1362 2460 intolerabiles
1378 2388 1516 2449 ssdsolis

78 2482 239 2553 sequanum
253 2474 392 2548 absurda,
414 2496 494 2556 quae
510 2484 641 2536 assertor
655 2483 772 2536 antece·
820 2476 991 2557 gentilibus,
1006 2483 1094 2534 extra
1104 2474 1241 2536 scandali
1256 2474 1433 2553 periculum,
1449 2494 1515 2556 per·

79 2558 172 2621 dantis
187 2579 344 2641 nunquam
359 2564 549 2623 concesserit
571 2563 701 2624 atvero
717 2562 771 2641 qui
819 2564 917 2624 mittit.
942 2561 1118 2624 (iurantem
1134 2582 1235 2623 secum
1246 2562 1315 2639 ipso
1325 2581 1386 2621 nou
1400 2570 1517 2644 pugnat

79 2646 191 2708 infide
217 2655 305 2708 amnt
329 2648 482 2719 firmiores,
509 2648 716 2710 indifferenter
741 2657 774 2708 et
820 2651 992 2733 Apostolus,
1016 2651 1067 2729 qni
1085 2649 1135 2709 bic
1156 2648 1279 2710 tolerari
1298 2646 1366 2719 uult
1379 2649 1516 2710 Iudaeos

79 2734 240 2813 promiscue
274 2734 457 2814 quibuslibet
492 2734 567 2796 cibis
602 2736 771 2808 utebantur,
820 2737 954 2798 ciborum
969 2735 1068 2797 adbuc
1077 2734 1250 2796 discrimina
1264 2745 1427 2812 susumus,
1442 2734 1515 2795 alibi

80 2820 204 2881 scientes
229 2821 328 2901 legam
354 2831 501 2882 mortuam
528 2841 604 2896 esse,
630 2831 660 2883 ct
689 2823 771 2883 nibil
818 2838 891 2883 varo
913 2824 946 2883 ln
967 2823 1024 2882 boc
1042 2839 1143 2903 genus
1162 2821 1348 2884 Judacorum
1370 2831 1515 2903 tanquam

81 2908 296 2981 rejiciendum,
319 2909 406 2985 quod
426 2928 496 2969 uam
519 2914 701 2986 prcttcmm
715 2926 772 2968 cc-
819 2910 855 2969 in*
865 2911 1035 2969 haereticos
1049 2911 1157 2969 acritm
1171 2908 1332 2981 invehitur,
1348 2916 1383 2967 ut
1396 2908 1435 2969 ad
1450 2909 1514 2970 'Pit

80 2996 159 3054 tione
169 2997 365 3071 percipimur,
383 3000 399 3054 1
418 2997 496 3056 Tim.
513 2999 541 3056 4.
821 3001 848 3055 1.
873 2996 1006 3057 dicemus
1030 3004 1211 3076 postpauca
1232 2994 1270 3053 ad
1286 2993 1378 3054 illud:
1409 2998 1516 3056 Umm-

116 3080 211 3142 Porru
225 3089 356 3160 utraque
376 3102 448 3161 pars
469 3084 501 3142 in
523 3082 647 3144 alteram
662 3101 770 3163 pacca-
820 3087 1000 3160 quicquain
1015 3100 1072 3143 susc
1087 3100 1180 3143 sssssu
1194 3080 1346 3141 abundat.

81 3164 133 3226 tat.
151 3169 230 3228 Nam
243 3169 295 3247 qui
307 3168 508 3241 abstinebant,
521 3170 645 3230 edentes
653 3168 770 3249 judica·
861 3170 952 3229 Nunc
966 3169 1005 3228 ad
1020 3169 1110 3229 Pauli
1129 3168 1224 3231 verbs
1246 3169 1414 3241 vcnmmus,
1438 3184 1515 3247 quaa

80 3251 143 3314 baut
154 3255 240 3316 vciut
251 3253 328 3333 legis
339 3275 374 3314 ac
385 3264 530 3335 patemaa
542 3255 771 3317 consuetudinis
820 3257 851 3315 iu
863 3255 981 3319 Graeco
993 3256 1037 3315 sic
1048 3255 1173 3316 habent:
1189 3257 1285 3328 Eum,
1299 3258 1355 3330 qui
1365 3256 1514 3332 intimac-

80 3341 246 3402 violatores.
281 3340 325 3400 Hi
349 3350 450 3402 contra
472 3341 682 3423 despiciebant
702 3341 770 3401 illos
819 3351 873 3402 tssr
886 3340 959 3420 fids,
975 3344 1133 3403 cssssmits.
1148 3372 1152 3381 ·
1167 3343 1216 3402 Ex
1233 3360 1294 3421 quo
1313 3343 1386 3400 satis
1407 3341 1514 3401 intelli·

80 3434 107 3483 ut
119 3429 313 3503 nfirmiorcs3
327 3448 385 3488 neo
400 3428 552 3489 habebant
566 3432 710 3490 rationem
723 3448 769 3489 sa·
819 3430 898 3508 gitur
912 3428 1003 3489 iilud:
1025 3428 1089 3504 Mc
1111 3426 1305 3489 referendum
1325 3444 1392 3487 essa
1407 3427 1448 3489 ad
1461 3432 1515 3487 iu·

79 3511 140 3574 lutis
156 3534 272 3576 eorum.
306 3515 370 3574 lmo
387 3513 560 3576 scandalum
574 3515 769 3595 praebebant,
817 3516 958 3592 fluuium,
989 3516 1070 3596 quod
1100 3515 1218 3576 urceos
1250 3514 1440 3593 participium
1469 3522 1516 3574 ast

79 3602 210 3682 exemplo
234 3620 291 3661 suo
312 3610 513 3679 provocantes
535 3621 588 3663 eos
609 3602 650 3664 ad
670 3622 768 3662 come·
818 3603 985 3681 praeseutia
1000 3605 1150 3681 temporis,
1165 3601 1514 3662 nonadrcrbumassu-

79 3684 200 3749 tendum
211 3697 318 3749 contra
328 3689 540 3748 conscientiam
554 3708 598 3762 ca,
610 3708 690 3770 qnae
702 3690 770 3769 legs
818 3688 898 3748 mite.
910 3688 1001 3749 x'Nam
1017 3699 1049 3749 at
1061 3690 1140 3750 inira
1155 3689 1198 3748 sic
1213 3688 1351 3748 absoluta
1366 3689 1515 3769 loquitur.-

79 3785 154 3835 srant
168 3777 274 3837 vetita.
819 3777 908 3835 Deus
927 3778 1013 3837 anim
1035 3772 1130 3836 iilam
1154 3777 1333 3852 assumpsit
1368 3775 1446 3834 Item
1470 3793 1514 3834 se·

112 3860 193 3924 lluic
201 3861 328 3924 dissidio
337 3880 405 3921 cum
416 3861 550 3941 periculo
562 3860 686 3922 iratmm
698 3882 767 3922 cou-
818 3862 923 3941 quenti
949 3864 1065 3945 sapite:
1094 3865 1232 3938 Propter
1255 3861 1342 3938 quod
1367 3862 1515 3937 ancipite

76 3946 171 4022 iuncto
195 3949 313 4009 Paulus
332 3950 516 4008 curationem
539 3949 687 4009 adhibens
705 3968 769 4009 cor·
818 3951 962 4009 invicem.
985 3948 1028 4008 Et
1042 3950 1156 4031 utique,
1178 3946 1217 4009 da
1233 3968 1295 4029 qua
1312 3949 1454 4028 loquatur
1470 3950 1513 4007 iu·

78 4034 140 4113 ripit
154 4044 305 4116 utrosque
320 4055 356 4095 ac
368 4036 464 4107 docet,
479 4034 631 4097 sublatum
648 4034 768 4115 quidem
818 4036 965 4109 firmitate,
975 4035 1185 4097 additiuncula
1192 4038 1332 4118 quapiam
1342 4043 1408 4101 erat
1419 4036 1511 4114 sigui·

78 4136 136 4183 uss
160 4121 328 4184 discrimen
354 4124 487 4182 ciborum
506 4142 542 4181 ac
563 4122 677 4182 dierum
698 4121 768 4202 lege
817 4122 976 4183 dcandum.

78 4212 300 4290 pauoriptum,
324 4211 558 4289 necquicquam
574 4229 643 4269 asse
661 4228 717 4290 per
736 4228 769 4269 sc
859 4209 959 4290 Igitur
981 4228 1087 4269 seusus
1111 4217 1173 4270 ast:
1200 4209 1271 4280 Vos,
1294 4210 1348 4287 qui
1367 4206 1514 4269 tirmiores

78 4290 262 4369 humandum,
288 4295 342 4355 scd
370 4315 406 4354 ca
428 4295 568 4355 libertate
591 4306 621 4357 ct
641 4297 769 4356 scientia
817 4297 890 4356 estis
913 4299 944 4356 in
960 4296 1026 4369 fide,
1050 4314 1127 4367 eum,
1150 4297 1202 4375 qui
1223 4295 1286 4354 dds
1306 4296 1439 4356 iuiirmus
1459 4304 1514 4369 est,

79 4384 236 4459 pudenter
251 4404 289 4444 ac
303 4383 371 4443 sine
386 4381 528 4443 scandalo
550 4382 768 4443 lratrumuteu·
817 4382 849 4441 id
873 4391 926 4457 est,
948 4381 988 4443 de
1011 4382 1160 4443 bauciicio
1183 4381 1295 4442 Christi
1317 4402 1354 4441 sc
1375 4382 1514 4443 libertate

81 4462 137 4529 dan
151 4490 230 4532 sssc.
266 4470 337 4553 Quo
352 4470 382 4529 in
399 4479 574 4548 argumento
596 4473 769 4531 immoratur
816 4488 874 4549 per
888 4489 956 4530 eum
978 4469 1092 4550 adapta
1114 4467 1245 4529 noudum
1261 4469 1333 4528 satis
1352 4471 1513 4529 instructus

81 4570 166 4639 qus
180 4558 222 4618 ad
237 4557 331 4619 tinam
345 4556 463 4636 capitis.
816 4574 853 4616 sc
873 4572 1045 4637 persuasus,
1067 4563 1102 4615 nt
1115 4574 1153 4616 ea
1166 4556 1210 4614 uti
1233 4554 1361 4631 audoat3
1384 4555 1514 4635 denique

114 4642 194 4720 Diui,
221 4644 389 4704 docuinam
412 4643 490 4703 banc
513 4643 707 4722 peculiariter
726 4642 769 4702 ad
817 4662 873 4703 nac
887 4644 1044 4704 scientiam
1059 4642 1182 4715 babens,
1208 4640 1293 4720 quod
1312 4642 1387 4703 nibil
1409 4660 1514 4722 persa

83 4724 483 4812 trinoctium-tiamsi
498 4729 768 4811 gautilssurasndi
814 4731 856 4791 stt
877 4730 1069 4807 imunt-n
1093 4727 1365 4806 -mnrupss
1382 4728 1513 4803 camd
