3254 5190
134 278 183 345 30
637 265 872 322 comminius
889 268 921 322 ιι
939 269 1005 322 ιιι.
1023 269 1062 322 ιι.

131 455 205 519 tare,
222 454 253 505 et
268 452 391 524 accepto
405 443 492 516 ferre,
509 461 588 523 quae
603 444 772 522 boccspite
786 443 827 504 le·
875 446 929 504 rio.
962 445 1041 505 Nam
1066 466 1150 507 more
1175 447 1344 525 scripturae
1375 447 1469 508 etism
1497 446 1579 508 mala

131 543 250 613 guntur,
265 550 387 612 prorsus
403 530 536 609 ejusdem
550 549 618 589 esse
634 531 827 610 significatio·
877 553 969 612 opera
991 535 1126 610 reputari
1146 532 1290 594 dicuntur
1318 534 1348 592 in
1372 542 1518 613 peccata3
1545 542 1581 595 ιιι

132 623 194 695 ιιίι;
224 628 258 678 ut
283 617 393 698 quibus
418 638 509 677 unum
536 617 675 697 idemque
702 617 829 678 verbum
875 620 1001 680 violatio
1010 621 1084 692 voti,
1100 618 1429 682 etdetentiomereedis
1438 620 1574 694 debitae,

133 706 284 766 Graecum
292 700 750 784 lropiCeobattamnetiva,quam
761 725 827 785 pas·
877 708 1001 766 Denter.
1027 708 1075 768 23.
1099 717 1131 766 et
1151 709 1202 768 24.
1229 707 1315 767 Haec
1338 716 1442 767 autem
1458 714 1579 767 constat

133 794 198 853 siva
212 790 430 871 significatione
451 791 637 870 respondeat
661 793 725 851 Nec
746 812 828 863 vero,
877 813 948 854 vere
963 803 1089 872 peccata
1105 813 1188 867 esse,
1205 813 1301 874 eaque
1324 793 1493 854 mortifera
1517 793 1578 855 Ne·

133 890 166 938 ut
181 881 323 939 Erasmus
337 879 368 938 in
383 879 560 957 paraphrasi
573 880 712 956 exponit,
734 888 764 938 et
779 880 828 938 alii
877 901 937 959 que
952 882 1044 952 Deus,
1072 882 1126 959 qui
1139 881 1222 958 juste
1237 889 1269 940 et
1283 880 1450 941 secundum
1465 882 1578 942 verita·

134 966 255 1047 qnidam
270 966 455 1039 existimant,
472 965 546 1025 illud
562 985 600 1024 ex
615 974 715 1024 mente
731 967 826 1043 Apos-
877 976 937 1027 tem
954 967 1091 1044 judicet,
1118 969 1150 1026 in
1172 975 1332 1046 peecatum
1354 975 1528 1047 reputaret,
1547 976 1579 1028 et

132 1054 185 1113 toli
212 1051 322 1111 dicitur
343 1055 476 1131 reputari
502 1072 557 1130 pro
584 1051 686 1131 aliquo
714 1051 762 1110 vel
790 1052 828 1111 ad
877 1064 1020 1131 tanquam
1037 1063 1197 1133 [saccatum
1212 1055 1336 1132 puniret
1350 1074 1428 1134 opus
1444 1053 1578 1135 aliquod,

131 1139 263 1220 aliquid,
286 1138 368 1219 quod
384 1159 450 1197 eum
466 1158 538 1199 vere
553 1139 614 1196 tale
630 1159 689 1198 non
712 1140 767 1212 sit,
791 1160 829 1199 ex
876 1139 959 1220 quod
974 1161 1045 1200 vere
1060 1151 1220 1220 peccatum
1235 1160 1295 1199 non
1310 1150 1400 1201 esset.
1425 1140 1532 1220 Quare
1546 1148 1576 1201 et

132 1227 196 1288 sols
211 1227 380 1305 reputantis
392 1233 444 1284 aut
456 1226 630 1305 imputantis
640 1225 828 1304 benignitate
878 1229 908 1287 in
923 1227 1010 1286 bonis
1026 1227 1132 1287 eadem
1147 1237 1195 1288 est
1209 1227 1370 1287 retinenda
1383 1229 1473 1288 istius
1485 1248 1576 1288 voea-

131 1336 185 1396 pro
208 1313 262 1372 tali
276 1313 417 1387 babetur;
433 1320 466 1370 ut
481 1313 507 1372 si
516 1314 587 1392 quis
595 1312 705 1372 habeat
716 1333 770 1391 pro
783 1333 828 1371 so·
875 1313 941 1373 buli
958 1315 1145 1392 significatio,
1161 1316 1252 1373 etiam
1267 1314 1324 1373 hoc
1336 1315 1412 1388 loco,
1428 1315 1577 1376 ubidoee

131 1403 204 1474 luto,
217 1400 298 1479 quod
310 1420 384 1460 vere
396 1420 454 1458 non
467 1407 514 1458 est
525 1400 660 1459 solutum.
673 1401 828 1459 Hocenim
875 1412 939 1474 tur,
962 1400 1050 1460 fidem
1072 1402 1205 1480 reputari
1228 1399 1266 1460 sd
1278 1401 1439 1479 justitiam.
1466 1401 1510 1460 Et
1534 1402 1576 1462 ita

132 1489 271 1548 adierunt
285 1508 338 1566 pro
354 1487 501 1564 exemplo.
524 1486 585 1547 Sed
608 1505 643 1544 ea
658 1486 734 1545 falsa
751 1496 829 1546 esset
877 1486 969 1568 Cypr.
986 1490 1017 1546 in
1033 1488 1132 1565 Epist
1148 1487 1186 1546 ad
1203 1486 1315 1548 Caecil.
1333 1488 1384 1548 lib.
1402 1490 1432 1547 2.
1443 1488 1576 1567 Epistol.

132 1577 299 1656 reputatio,
320 1593 399 1654 quae
416 1574 447 1631 iu
463 1575 564 1633 Deum
579 1571 687 1633 cadere
703 1594 761 1632 non
777 1593 828 1647 po·
877 1577 906 1634 3.
921 1576 998 1634 hanc
1014 1575 1236 1652 reputationem
1258 1575 1399 1653 explieat
1420 1577 1457 1636 Si
1472 1575 1578 1636 Abra·

131 1673 198 1723 test.
215 1661 335 1720 Etenim
351 1661 409 1720 boc
424 1669 512 1738 pacto
528 1681 587 1719 non
604 1668 684 1718 esset
694 1680 767 1719 vere
779 1660 826 1736 ju·
876 1664 960 1734 boni,
979 1662 1085 1740 inquit,
1102 1664 1170 1722 Deo
1183 1662 1327 1737 credidit,
1345 1663 1576 1738 etdcputatum

132 1760 193 1811 stus
209 1748 269 1820 illo,
284 1750 333 1807 cui
349 1745 424 1806 fides
440 1746 640 1826 adjustitiam
653 1748 827 1825 imputatur.
878 1757 921 1808 ιιι
937 1751 965 1808 ci
981 1750 1024 1807 ad
1035 1752 1207 1823 iustitiam,
1223 1753 1334 1825 utiquc
1349 1752 1494 1826 quiaquia
1510 1751 1577 1810 Deo

133 1836 237 1917 Quare
253 1855 309 1894 uec
323 1832 490 1907 Abraham,
513 1836 562 1894 cu'i
585 1833 747 1893 credidisse
763 1835 828 1892 Deo
877 1836 993 1910 credit,
1022 1844 1051 1895 ιι
1076 1837 1137 1912 {ide
1163 1838 1257 1910 uiuit,
1278 1839 1383 1909 J‘astas
1398 1839 1576 1897 invenitur.

131 1929 303 2004 reputatum
319 1930 364 1981 est
378 1919 417 1979 ad
429 1921 589 1997 justitiam,
616 1940 652 1979 ea
675 1920 734 1979 fide
757 1940 829 1979 vere
876 1922 937 1983 L'bi
953 1923 1040 1983 vides
1056 1922 1161 1983 eadem
1177 1940 1243 1982 esse
1256 1920 1421 2003 Cypriane,
1438 1921 1578 2003 deputari

127 2013 230 2090 justus
244 2008 357 2068 fnisset
385 2005 476 2084 Quod
492 2015 523 2067 et
548 2008 702 2085 scripturis
725 2015 756 2065 et
770 2008 829 2084 ipsi
877 2011 1010 2089 cuipiam
1023 2009 1114 2069 iidem
1130 2008 1169 2068 sd
1180 2009 1351 2087 justitism3
1378 2018 1409 2069 et
1437 2029 1510 2070 eum
1526 2028 1579 2089 per

132 2096 280 2177 Apostolo
295 2104 454 2173 repugnat
877 2098 966 2157 iidem
988 2098 1107 2175 justum
1134 2097 1275 2156 inveniri.
1305 2099 1370 2157 Nec
1397 2116 1472 2157 vero
1499 2096 1579 2157 bunc

176 2186 222 2243 Ac
245 2191 325 2241 certe
346 2201 406 2240 uon
427 2202 529 2261 perum
549 2180 653 2241 favere
674 2179 831 2240 videretur
878 2185 1044 2262 scripturae
1060 2202 1226 2242 sermonem
1241 2183 1280 2242 ab
1294 2183 1575 2263 Apostolisrepeti·

134 2292 171 2331 ea
186 2270 338 2349 expositio
354 2288 432 2329 novo
455 2268 587 2348 dogmati
610 2267 829 2326 haereticorum
876 2280 953 2341 tum,
977 2290 1037 2349 qno
1055 2269 1168 2329 dicitur
1183 2268 1257 2329 fides
1278 2269 1420 2330 Abrabae
1433 2268 1579 2350 deputata
1599 2274 1605 2291 “

133 2358 171 2419 de
187 2357 305 2433 institia
318 2356 504 2435 imputative.
521 2355 635 2413 Dicunt
647 2356 726 2414 enim
738 2353 829 2413 homi-
878 2357 916 2417 ad
938 2357 1105 2434 justitiam,
1131 2364 1231 2436 patres
1261 2356 1418 2416 orthodoxi
1441 2375 1576 2437 unquam

133 2465 201 2504 nem
217 2445 272 2503 etsi
290 2464 348 2502 non
370 2462 441 2501 vere
459 2444 589 2520 justum,
609 2450 709 2500 tamtm
731 2460 831 2499 soram
878 2445 964 2504 aliter
979 2463 1068 2522 quam
1085 2441 1123 2502 de
1136 2463 1210 2501 vera
1221 2444 1341 2520 justitia
1356 2452 1550 2523 acceperunt

133 2532 200 2591 Deo
212 2533 327 2609 justum
343 2528 464 2600 haberi3
492 2530 564 2608 quia
578 2528 666 2600 fides,
690 2546 751 2606 qua
767 2546 829 2585 ere·
922 2528 1012 2608 Quod
1036 2538 1135 2588 liutem
1159 2529 1322 2609 objiciunt,
1350 2531 1382 2591 in
1406 2528 1578 2589 rationibus

134 2617 180 2678 dit
191 2619 248 2677 sibi
260 2625 383 2696 propter
391 2615 545 2674 Christum
557 2616 682 2674 remissa
693 2621 829 2691 peccata,
878 2617 1018 2695 imputari
1034 2626 1179 2695 tanquam
1195 2615 1303 2690 soluts,
1318 2638 1379 2677 non
1391 2617 1487 2676 solum
1502 2633 1578 2696 quae

132 2705 296 2782 imputatur
311 2703 340 2760 ei
354 2722 408 2781 pro
416 2702 542 2779 justitia
560 2703 658 2780 Quam
667 2699 829 2759 doctrinam
877 2724 949 2765 vere
965 2702 1063 2762 soluta
1085 2712 1169 2776 sunt,
1192 2723 1296 2762 verum
1317 2706 1408 2763 etiam
1423 2721 1506 2781 quae
1520 2721 1579 2761 nou

132 2788 553 2850 meritodamnavitEcclesie
568 2789 598 2846 in
614 2784 828 2866 synodoTrid.
879 2791 991 2860 soluts,
1014 2788 1066 2848 sed
1093 2791 1234 2848 remissa:
1263 2792 1353 2866 Resp.
1367 2790 1400 2848 id
1414 2789 1580 2868 impropria

135 2897 208 2937 sess.
226 2878 254 2936 6.
271 2883 302 2933 ιι
319 2875 346 2933 7.
364 2885 395 2933 et
410 2895 515 2934 canon.
535 2880 582 2932 ll.
597 2874 708 2952 Itaque
724 2892 828 2932 secun·
878 2877 947 2947 dici,
964 2896 1025 2954 quo
1041 2876 1225 2954 significetur
1241 2875 1409 2936 debitorum
1430 2875 1579 2936 condona·

134 2964 204 3024 dum
220 2963 386 3039 scripturas
402 2961 530 3020 dicimus
546 2958 620 3019 illud
635 2960 770 3038 reputari
791 2956 830 3016 ad
879 2966 938 3033 ti03
965 2982 1042 3041 quae
1060 2982 1127 3019 cum
1142 2960 1224 3021 facta
1239 2962 1345 3034 iberit,
1368 2963 1433 3040 jam
1448 2981 1511 3021 non
1526 2969 1579 3033 est,

134 3047 256 3130 aliquid,
272 3047 354 3126 quod
369 3068 443 3106 vera
457 3047 680 3119 aestimatione,
696 3064 830 3124 veroque
879 3048 959 3130 quod
984 3048 1062 3107 solvi
1085 3048 1203 3107 (labent,
1224 3048 1349 3129 Alioqui
1364 3067 1436 3107 vere
1460 3055 1487 3107 et
1512 3067 1577 3127 pro·

130 3136 249 3216 judicio
266 3134 327 3193 tale
342 3134 476 3194 habetur.
489 3134 630 3194 Sicanim
643 3133 829 3192 dictumest:
879 3140 943 3216 prin
959 3156 1015 3195 nec
1029 3136 1179 3214 reputari,
1206 3155 1262 3195 nee
1285 3132 1390 3194 liaberi
1410 3142 1511 3213 potest
1525 3153 1577 3215 pro

139 3222 280 3285 Credidit
314 3221 436 3281 Abram
468 3222 553 3296 Deo,
588 3227 616 3278 ιι
646 3227 829 3295 reputatum
879 3224 983 3293 soluto,
999 3220 1078 3301 quod
1091 3241 1150 3280 non
1162 3230 1209 3279 est
1219 3220 1473 3281 solutumznihilo
1482 3221 1578 3300 magis

135 3318 180 3370 ιιι
197 3311 224 3367 ci
239 3308 281 3367 ad
292 3311 466 3380 iustitiam:
489 3309 561 3387 quis
583 3305 659 3366 fides
677 3306 745 3379 illa,
770 3324 830 3384 qun
879 3307 1275 3389 quamhnberepossispro
1291 3307 1459 3380 virobono,
1488 3326 1578 3386 quem

135 3398 203 3456 Deo
220 3393 349 3454 credidit
363 3396 551 3475 promittenti
567 3394 625 3453 sibi
641 3412 744 3452 semen
755 3393 831 3452 sicut
878 3399 954 3455 scias
971 3413 1038 3453 esse
1050 3393 1240 3453 nebulonem.
1258 3392 1417 3455 Caeterum
1429 3391 1579 3473 quomodo

136 3482 237 3543 stellas
253 3480 346 3554 coeli,
374 3491 438 3540 erat
453 3501 559 3541 verum
574 3488 607 3539 et
622 3481 741 3557 insigne
755 3497 831 3556 opus
880 3482 990 3542 sithoc
1005 3482 1102 3559 ipsum
1117 3480 1359 3559 intelligendum,
1375 3479 1460 3559 quod
1475 3480 1526 3539 hic
1541 3498 1579 3540 ex

132 3569 281 3648 justitiae,
297 3568 365 3628 Deo
382 3569 592 3647 gratissimum.
609 3566 659 3626 Sic
675 3565 712 3624 de
724 3564 831 3624 eodem
879 3567 1014 3648 professo
1029 3565 1120 3626 docet
1135 3567 1314 3644 Apostolus,
1335 3566 1425 3627 fidem
1447 3565 1581 3646 reputari

138 3655 312 3735 patriarcha
321 3656 464 3732 scriptum
473 3653 577 3713 estlib.
590 3657 616 3711 1.
625 3650 780 3712 Macchab.
796 3655 832 3723 2.,
881 3654 918 3715 ad
931 3654 1089 3731 justitiam,
1101 3673 1169 3712 cum
1183 3653 1260 3713 fides
1275 3674 1336 3715 non
1351 3654 1392 3712 sit
1407 3654 1475 3732 ipsa
1489 3651 1579 3713 homi·

136 3741 218 3822 quod
230 3744 265 3801 in
276 3744 452 3802 tentatione
463 3745 612 3801 inventas
625 3746 667 3798 ιιι
679 3739 790 3814 fidelis,
804 3745 833 3797 ιι
881 3743 927 3801 nis
939 3741 1067 3817 justitia,
1082 3740 1171 3818 paulo
1188 3747 1257 3818 post
1273 3739 1486 3818 explicabitur.

137 3836 322 3905 reputatam
338 3835 383 3888 ιιι
398 3830 425 3885 si
441 3829 486 3887 ad
504 3829 672 3901 justitiam.
695 3824 772 3885 Item
795 3824 833 3884 de
923 3825 965 3884 At
981 3829 1059 3886 circs
1074 3835 1260 3904 praesentem
1275 3827 1374 3886 locum
1390 3824 1510 3905 duplex
1534 3846 1581 3887 ee·

135 3916 265 3976 Phiuees
288 3913 444 3974 sacerdote
469 3914 581 3974 Psalm.
607 3916 675 3973 105.
698 3913 790 3973 Stetit
805 3918 834 3970 ιι
882 3914 976 3972 currit
991 3913 1149 3972 dubitatio.
1165 3912 1244 3972 Nam
1256 3913 1353 3973 videri
1369 3920 1582 3990 potestexem·

133 4005 288 4078 placavit,
312 4009 341 4061 ιι
356 4005 487 4061 cessauit
500 4003 679 4076 quassatio:
691 4006 721 4057 ιι
735 4016 833 4074 scpu-
882 4000 964 4078 plnm
980 3999 1129 4071 Abrabae,
1144 3998 1183 4057 de
1199 4019 1259 4079 quo
1275 4001 1492 4078 scriptumest:
1505 4000 1582 4061 Orc·

137 4097 242 4148 tatum
258 4096 303 4148 ιιι
319 4091 346 4146 ci
361 4091 397 4147 in
420 4090 589 4160 justitiam.
616 4086 702 4145 Haec
718 4086 833 4164 quippe
882 4087 964 4145 didit
980 4089 1065 4159 Deo,
1083 4093 1113 4144 ιι
1127 4094 1312 4161 reputatum
1328 4093 1372 4145 ιιι
1386 4089 1414 4145 ci
1429 4085 1474 4145 ad
1484 4088 1582 4160 ῥιιιιί·

137 4183 224 4236 erant
238 4195 329 4254 opera
343 4193 417 4234 vere
428 4176 522 4253 justa.
545 4175 594 4233 Sic
613 4182 643 4232 et
665 4170 703 4230 ab
729 4172 834 4249 Augu·
881 4176 971 4247 dom,
988 4193 1048 4232 non
1062 4172 1147 4242 bene,
1159 4192 1215 4232 nec
1227 4174 1366 4251 apposite
1381 4171 1584 4234 introductum

138 4265 217 4323 atino
232 4261 346 4321 dictum
363 4269 410 4321 est
425 4262 456 4320 in
473 4269 602 4320 tractatu
618 4259 657 4318 de
678 4258 761 4318 urbis
783 4277 834 4318 ex·
882 4260 919 4319 ab
935 4258 1082 4337 Apostolo
1094 4257 1133 4317 ad
1146 4258 1330 4336 probandam
1341 4260 1426 4338 impii
1433 4260 1583 4337 justifica·

138 4348 218 4410 cidio
233 4368 299 4427 cap.
316 4349 361 4420 3.,
385 4347 466 4428 quod
486 4349 592 4407 beatus
608 4344 670 4407 Job
685 4347 835 4404 ιιιιιηιιιι
883 4347 992 4405 tionem
1019 4365 1056 4405 ex
1079 4345 1139 4404 tide
1166 4345 1295 4406 Christi:
1325 4348 1484 4422 Primum,
1510 4346 1584 4427 quia

137 4436 399 4496 tribulationem:
415 4443 445 4494 ιι
460 4435 650 4509 deputatam
666 4432 774 4491 catilli
790 4432 834 4490 od
882 4431 1034 4491 Abraham
1049 4452 1110 4490 non
1124 4439 1196 4491 tunc
1219 4431 1354 4506 demum,
1380 4432 1503 4511 quando
1526 4432 1585 4493 hoc

136 4541 291 4599 myrram
309 4525 489 4597 justitiam:
522 4522 595 4600 quia
618 4519 760 4579 nimirum
782 4518 835 4577 illa
883 4518 1017 4592 credidit,
1044 4516 1124 4598 qnod
1141 4517 1178 4577 de
1193 4538 1229 4578 eo
1245 4519 1390 4598 scriptura
1406 4538 1583 4579 commemo·

137 4608 393 4671 sustinentiadob
402 4627 529 4687 magnae
534 4608 673 4685 justitiae
682 4624 759 4684 opus
768 4603 833 4664 init
882 4614 945 4677 rat,
964 4605 1150 4683 justificatus
1174 4605 1248 4664 luit:
1276 4604 1329 4665 sed
1350 4604 1421 4665 inde
1446 4606 1485 4666 ab
1500 4606 1584 4667 initio

181 4695 270 4777 Quae
284 4714 333 4757 res
350 4695 542 4756 confirmatur
557 4694 649 4754 etiam
663 4711 701 4753 ex
716 4699 833 4752 cones-
881 4692 1049 4754 vocationis
1071 4710 1160 4766 suae,
1184 4690 1306 4772 quando
1329 4690 1442 4752 dietum
1466 4700 1515 4754 est
1536 4692 1584 4755 ei:
