3254 5190
141 300 215 369 Μ
625 302 627 309 ’
647 290 884 350 commus
900 291 933 346 tt
949 291 1018 346 cst.
1033 291 1074 347 tt

140 470 251 551 offeres
272 470 417 547 fructum
437 471 474 531 ia
493 469 673 545 soesrtlum3
695 487 765 530 stou
779 471 837 544 ait,
886 471 1011 543 sionem,
1032 469 1075 530 ita
1090 477 1125 529 ut
1139 469 1238 548 major-
1250 478 1322 548 ptus
1336 486 1439 531 smum
1454 477 1527 529 tune
1540 468 1579 528 vi·

138 558 293 634 usquein
316 557 442 616 coemto
462 558 672 632 saeculorum,
697 556 751 616 sed
766 575 836 617 eam
884 554 1580 636 ventiumsgniturasitObriatumsquun

140 643 303 703 saeculum
317 643 403 702 istud
414 645 654 719 pertransierit,
677 650 706 702 et
728 643 836 703 intro·
885 662 947 703 rem
963 642 1055 702 otiam
1069 643 1230 720 subjuncta
1244 641 1284 702 ad
1294 642 1395 703 Deum
1408 643 1581 722 mutiero

140 733 223 790 verit
244 728 414 804 plenitudo
440 732 601 805 pontium,
636 737 713 790 teme
740 733 836 790 etium
884 730 1085 810 prosequitur.

139 818 215 876 hoco
230 815 308 890 fleus
320 815 434 895 offeret
446 817 574 893 fruetus
588 833 671 892 suos,
688 823 717 875 et
732 818 836 877 omnis
927 813 988 876 Sed
1003 815 1079 876 haec
1100 816 1173 875 sotis
1197 815 1258 874 sint
1272 812 1311 873 ad
1326 813 1580 893 comprobandum

141 902 242 963 lsrael
257 900 443 963 salvabitur.
466 903 554 963 Haeo
569 901 621 962 ibi.
883 904 1032 961 veriorem
1048 901 1233 962 intellectum
1244 900 1304 960 loci
1316 901 1496 980 praesentis.
1519 901 1581 961 Nec

183 987 300 1067 Quibus
323 988 432 1049 similia
455 989 584 1068 reperies
608 988 638 1050 in
665 989 731 1068 ejus
757 1008 834 1047 com·
882 1007 955 1047 vero
971 986 1010 1047 ad
1026 988 1119 1048 alium
1142 1005 1262 1047 sensum
1285 1006 1341 1047 nos
1359 987 1480 1061 invibt,
1503 988 1580 1068 quod

139 1075 285 1134 mentario
309 1092 401 1153 super
424 1075 535 1135 dictum
556 1074 655 1135 locum
678 1075 834 1135 Matthaei.
883 1074 935 1134 bic
949 1073 1074 1135 dicitur:
1096 1077 1141 1136 Et
1159 1076 1203 1133 sic
1223 1076 1328 1134 omos
1348 1074 1457 1134 Iarae'l
1476 1076 1580 1135 sutem

140 1159 218 1221 (ium
233 1161 325 1240 igitur
336 1160 375 1221 de
385 1162 409 1222 J
410 1161 510 1222 udaiei
520 1161 624 1240 populi
638 1162 835 1223 conversione
884 1161 946 1236 liet.
969 1161 1048 1221 Num
1062 1180 1167 1221 sensus
1182 1167 1235 1232 eat,
1251 1178 1340 1240 quem
1354 1159 1505 1221 dedimus.
1519 1162 1577 1236 Bit,

138 1247 303 1327 aliquando
329 1247 430 1308 future
455 1247 585 1307 Paulum
611 1248 694 1329 loqui
719 1251 832 1327 perspi·
883 1246 982 1321 idest,
1005 1255 1076 1308 tunc
1095 1246 1222 1318 demum,
1244 1265 1312 1306 eum
1333 1247 1471 1326 gentium
1492 1248 1578 1307 irrua-

139 1352 227 1394 euum
243 1335 291 1406 sit,
315 1333 391 1394 sdeo
414 1342 447 1394 ut
465 1354 520 1395 nee
536 1335 654 1394 sectarii
677 1334 707 1393 id
722 1352 835 1412 negare
883 1335 963 1394 verit
976 1333 1141 1413 plenitudo,
1154 1334 1296 1406 futurum,
1311 1342 1347 1393 ut
1357 1334 1448 1393 etism
1459 1333 1578 1395 Israelis

139 1422 263 1500 possint,
286 1421 432 1481 bitumen
448 1422 562 1480 ineum
579 1439 699 1481 sonsum
714 1420 834 1481 trabere
884 1419 1047 1499 plenitudo,
1062 1421 1197 1500 gentium
1211 1418 1273 1479 lide
1287 1428 1462 1499 prosecuta,
1486 1420 1577 1481 salve·

141 1515 287 1569 conantur
295 1506 437 1586 Apostoli
449 1508 551 1580 verbe,
564 1527 624 1587 quo
636 1508 836 1587 significatum
883 1516 939 1566 tur.
962 1507 1056 1568 Porro
1073 1507 1148 1586 quid
1163 1507 1224 1567 sibi
1244 1507 1321 1567 velit
1334 1506 1466 1567 Hieron.
1481 1508 1578 1568 verbis

140 1596 187 1666 sit,
204 1615 263 1653 nou
279 1595 312 1654 in
322 1593 381 1653 fine
397 1594 511 1655 saeculi
523 1593 657 1655 Judeeos
674 1596 834 1656 Christum
884 1596 915 1653 in
931 1596 1109 1654 musaeum
1124 1593 1271 1673 allegetis,
1294 1604 1400 1673 etque
1423 1594 1493 1656 loeo
1509 1595 1576 1655 alio·

139 1679 199 1740 tide
215 1689 394 1760 recepturos,
418 1679 472 1742 sed
488 1689 550 1740 toto
570 1681 685 1740 saeculi
707 1678 835 1741 decursu
883 1699 955 1755 rum,
978 1682 1077 1759 quiin
1093 1679 1213 1740 diversa
1228 1689 1298 1740 sunt
1312 1681 1475 1755 sententia,
1495 1691 1577 1742 auto

139 1768 278 1839 futurum,
295 1786 330 1825 ac
340 1766 405 1827 lieri
420 1765 556 1842 subinde,
573 1773 607 1824 ut
617 1768 714 1846 aliqui
726 1786 764 1827 ex
777 1767 834 1828 illis
883 1768 956 1826 ritas
972 1766 1010 1826 ait
1023 1766 1171 1839 habenda,
1186 1765 1316 1826 diximus
1332 1765 1371 1827 sd
1382 1765 1454 1827 dist.
1467 1771 1519 1830 tt.
1530 1769 1577 1829 lib.

139 1853 230 1912 fidem
241 1852 358 1912 Christi
369 1852 594 1933 amplectantur,
605 1854 756 1933 simulque
769 1875 834 1914 cum
884 1857 912 1914 4.
930 1861 1013 1927 sent,
1036 1854 1088 1914 ubi
1110 1855 1149 1913 de
1163 1851 1287 1913 «Iudaici
1308 1853 1414 1933 populi
1432 1854 1536 1916 futura
1550 1857 1578 1915 in

139 1938 312 2020 gentilibus,
337 1941 535 2001 aemulatione
558 1943 721 2020 provocati,
745 1960 834 2001 even·
882 1940 943 2000 fine
957 1941 1067 2001 saeculi
1085 1941 1282 2000 conversione
1304 1960 1342 2002 es
1357 1938 1498 2020 professo
1512 1962 1578 2021 age

139 2026 302 2107 gelioamm
324 2029 552 2106 promissionum
573 2029 735 2107 participes
750 2027 833 2088 fiant.
882 2028 996 2086 bemus.

183 2112 293 2172 Verum
318 2113 367 2173 bic
389 2134 494 2175 sensus
520 2114 666 2174 refellitur
687 2112 833 2174 bifariam.
925 2114 1266 2188 §susceperamus
1295 2114 1408 2174 Versu
1428 2133 1471 2176 σε
1490 2115 1578 2188 sios,

138 2199 281 2273 Primum,
305 2202 376 2280 quia
395 2201 548 2261 conversio
572 2201 649 2260 haec
670 2199 746 2261 adeo
761 2220 834 2280 pau·
882 2202 937 2276 qau‘
964 2203 1100 2276 eripiat,
1129 2208 1158 2258 et
1184 2207 1310 2259 avertat
1335 2203 1536 2278 ierptetotem
1559 2220 1579 2260 a

139 2304 242 2347 corum
257 2295 309 2360 est,
332 2295 366 2346 ut
382 2288 434 2348 vix
456 2296 627 2347 mercentur
643 2305 751 2347 nomeu
765 2289 833 2346 reli·
882 2288 995 2348 Jacob.
1018 2286 1152 2349 Graece:
1173 2289 1280 2346 vestiet
1294 2305 1333 2348 es
1347 2289 1427 2348 Sion
1437 2288 1580 2353 liberam

138 2374 276 2454 quietum
301 2374 524 2453 comparatione
543 2376 634 2434 totius
649 2371 754 2453 populi
769 2394 833 2452 per
882 2369 925 2448 (id
949 2383 1002 2448 est,
1024 2372 1090 2445 ille,
1113 2374 1166 2452 qui
1188 2373 1310 2446 liberat,
1333 2390 1388 2434 seu
1408 2371 1579 2450 Eberator)‚

138 2461 278 2520 tinaeiter
302 2461 332 2520 in
354 2461 532 2521 infidelitate
554 2461 769 2539 permanentis.
792 2463 835 2520 At
883 2465 912 2518 ct
934 2467 1055 2521 avertet
1076 2462 1252 2536 impietates
1273 2479 1295 2518 u
1316 2462 1433 2523 Jacob.
1456 2464 1579 2537 Impie-

138 2545 254 2606 Paulus
277 2546 326 2607 bic
341 2548 480 2624 jamnon
496 2546 559 2625 agit
582 2546 621 2606 de
643 2547 834 2626 reliquiorum
881 2553 960 2606 tutes
975 2547 1085 2627 plurali
1095 2563 1218 2605 numero
1230 2546 1335 2626 legunt
1346 2549 1439 2608 etiam
1450 2548 1581 2628 Proapcs

139 2634 350 2705 conversione,
380 2631 432 2691 sed
458 2632 671 2711 plenitudinis,
697 2633 755 2693 boc
780 2644 834 2704 est,
881 2632 933 2692 lib.
952 2638 979 2693 1.
1002 2632 1039 2694 de
1061 2653 1126 2694 voc.
1149 2641 1229 2710 gent
1251 2652 1315 2713 cap·
1333 2636 1395 2707 ts,
1417 2643 1451 2695 et
1464 2635 1579 2695 Primu-

137 2720 233 2799 ipsins
255 2720 369 2801 populi.
393 2717 513 2779 Deinde
533 2721 621 2779 etiam
644 2721 708 2779 istis
732 2720 836 2779 obviat
882 2720 945 2781 sius
968 2723 998 2780 in
1020 2729 1194 2796 comment3
1217 2719 1361 2781 Seduliut
1382 2724 1580 2799 iniquitates

137 2807 274 2884 mysterii
296 2805 481 2866 vocabulum.
505 2804 584 2866 Nam
606 2805 756 2885 quomodo
770 2827 834 2885 my·
882 2807 1041 2887 sumptum
1055 2815 1101 2867 est
1115 2805 1173 2864 boc
1185 2808 1387 2868 testimonium
1402 2828 1442 2870 ex
1454 2809 1582 2869 deniae

138 2895 258 2952 sterium
282 2898 373 2954 voest
387 2892 511 2966 Paulus,
535 2891 617 2972 quod
639 2892 738 2971 palam
762 2895 833 2953 inci·
882 2913 947 2972 cap.
965 2897 1014 2956 59.
1027 2895 1118 2972 juxta
1131 2895 1302 2955 versionem
1316 2894 1418 2955 Lxx„
1434 2897 1580 2975 iuterpre-

137 2978 241 3059 piebst
253 2978 379 3060 impleri,
396 2979 487 3039 etiam
502 2987 573 3041 aute
584 2979 663 3039 bunc
675 2980 833 3058 epistolam
880 2988 959 3054 tum,
982 2983 1041 3040 nisi
1064 2979 1146 3060 quod
1169 2979 1249 3059 apud
1271 2982 1340 3042 illos
1361 3002 1423 3042 non
1447 2984 1581 3044 ecssm

138 3067 296 3145 scriptam,
320 3068 403 3126 etin
427 3067 499 3146 ipsis
523 3064 672 3138 fidelibus,
695 3064 734 3125 sd
756 3087 833 3147 quos
880 3067 999 3146 legitur,
1022 3066 1076 3128 sed
1098 3059 1192 3124 ἕνεκα
1208 3057 1293 3143 σιὼν,
1316 3067 1421 3142 idest,
1444 3076 1582 3146 propter

137 3151 310 3214 scribebat?
333 3155 385 3236 qui
407 3153 513 3234 utique
536 3172 645 3232 magna
667 3161 754 3232 perte
777 3154 831 3215 Ju·
880 3157 969 3230 Sion,
993 3153 1075 3234 quod
1091 3161 1122 3213 et
1136 3154 1309 3216 Hebraieae
1333 3156 1457 3216 veritati
1476 3176 1580 3216 conso·

137 3238 206 3299 daei
229 3250 322 3300 erant.
347 3239 436 3301 Certe
458 3261 519 3300 non
539 3242 637 3319 magis
659 3239 750 3300 bodie
773 3242 833 3300 dici
880 3261 953 3302 num
968 3250 1022 3303 est.
1046 3260 1127 3320 quae
1141 3239 1235 3301 babet
1249 3233 1340 3335 11³3&
1355 3241 1494 3317 lebsiou,
1518 3246 1581 3319 ipsi

136 3334 250 3405 potest,
276 3326 439 3388 Judeieam
464 3328 614 3389 nationem
638 3329 772 3388 converti
793 3326 833 3387 ad
880 3331 968 3390 Sion.
991 3328 1042 3388 Sic
1057 3328 1136 3388 enim
1159 3328 1249 3388 etiam
1263 3330 1472 3409 Hieronymus
1485 3338 1581 3393 hane

136 3411 298 3488 Christum,
319 3432 407 3496 quam
430 3412 461 3475 id
483 3412 543 3475 dici
561 3415 661 3494 potuit
674 3415 832 3494 Apostolo·
879 3415 964 3476 tulit:
980 3418 1183 3475 cumvenerit
1193 3417 1273 3477 sion
1287 3412 1330 3492 (id
1342 3426 1391 3477 est
1403 3413 1513 3494 sioni)
1528 3436 1581 3477 re-

135 3516 201 3559 mm
217 3509 368 3581 tempore3
391 3503 450 3561 imo
470 3521 541 3561 vero
560 3502 667 3561 minus.
691 3501 724 3562 Si
739 3503 832 3582 igitur
880 3505 1034 3580 demptos.
1062 3503 1140 3562 Nam
1166 3501 1248 3581 quod
1274 3504 1401 3565 affirmat
1426 3504 1496 3566 Leo
1523 3502 1580 3565 Ca·

135 3594 208 3648 tunc
223 3588 354 3669 populus
369 3590 444 3668 ipse,
460 3588 533 3648 licet
546 3590 652 3668 paucis
664 3607 703 3648 ex
719 3608 755 3649 eo
770 3608 831 3650 ere·
882 3590 1013 3662 strenuis,
1030 3607 1069 3648 ex
1080 3588 1223 3650 Hebraeo
1235 3592 1314 3650 verti
1328 3609 1418 3671 posse
1428 3592 1475 3652 da
1487 3591 1578 3665 stoa,

134 3673 286 3749 dentibus,
310 3684 374 3736 erat
396 3673 568 3736 incredulus
587 3686 619 3735 st
642 3685 831 3751 excaecatus,
880 3675 1008 3736 adducto
1031 3675 1168 3754 exemplo
1195 3695 1240 3768 en
1256 3676 1308 3736 lib.
1333 3679 1490 3758 iRegum
1511 3698 1578 3758 etp.

136 3764 358 3842 quantomagis
375 3760 704 3824 exindetotodecursu
718 3770 829 3844 tempo·
882 3763 947 3823 15.:
969 3765 1124 3838 Byrsam
1138 3781 1168 3822 es
1189 3763 1230 3823 da
1252 3763 1322 3824 loeo
1343 3771 1411 3839 tuo,
1434 3784 1498 3826 non
1512 3784 1579 3844 per·

134 3848 176 3907 ris
191 3867 290 3928 usque
307 3847 345 3908 ad
359 3847 439 3909 nos?
879 3848 1005 3926 suadet,
1020 3868 1115 3928 quum
1125 3848 1337 3910 Hebraeorum
1347 3849 1526 3924 doctissimi,
1540 3849 1581 3911 ad

178 3933 282 4014 Quare
296 3953 420 3996 neeesse
443 3943 499 4007 est,
520 3943 638 4015 tempus
661 3935 829 3997 conversio·
879 3955 955 4016 quos
977 3937 1120 3996 lectorem
1136 3938 1267 4008 remitto,
1289 3936 1354 3996 illio
1376 3938 1580 4017 interpretan-

132 4020 181 4081 nis
197 4020 279 4081 illius
290 4023 404 4102 populi,
421 4019 504 4102 quod
520 4021 578 4082 sub
592 4022 736 4100 mysterio
750 4022 829 4082 Pau·
879 4032 929 4083 tur
943 4031 1055 4083 motum
1069 4021 1110 4082 sd
1124 4022 1237 4081 locum:
1261 4025 1416 4099 saturans,
1437 4043 1496 4084 seu
1517 4028 1580 4084 sai·

132 4107 181 4167 lus
196 4111 354 4169 ennuntiat
369 4108 534 4189 aliquando
549 4115 716 4177 venturum,
732 4107 830 4169 adbuc
878 4116 1030 4186 protum
1049 4112 1085 4168 ia
1109 4108 1214 4169 locum
1235 4116 1335 4170 tuum.
1357 4110 1467 4172 Malim
1482 4112 1580 4192 mpi-

133 4197 312 4275 exspeetari.
339 4194 436 4275 'Quod
462 4195 539 4256 adeo
565 4195 678 4254 clarum
702 4206 831 4273 apparet
879 4197 939 4257 cari
962 4215 1015 4274 pro
1031 4187 1125 4253 ἕνεκα
1146 4194 1228 4274 apud
1246 4195 1378 4257 Paulum
1400 4196 1579 4260 abbreviata

133 4281 246 4341 eserie
262 4283 405 4344 sermonis
416 4280 565 4362 Apostoli,
581 4288 615 4338 ut
627 4281 718 4340 etism
733 4292 828 4344 secte·
878 4285 990 4362 scripto
1013 4282 1052 4341 ad
1075 4281 1156 4341 bunc
1178 4282 1258 4342 forte
1279 4282 1410 4358 modurn,
1430 4277 1503 4360 dtu,
1526 4304 1578 4347 ns·

132 4367 242 4427 riorum
259 4368 381 4448 quidam
397 4390 457 4429 non
473 4367 565 4428 intimi
588 4367 829 4431 nominisTheo-
877 4370 1045 4450 gligentem
1070 4367 1228 4428 librarium
1259 4370 1510 4450 trmsscripaiase·
1529 4364 1577 4448 itt,

132 4454 230 4533 logua,
242 4454 426 4517 Benedictus
435 4455 565 4524 Aretias,
578 4452 829 4534 evidentisbujus
877 4457 987 4515 omisso
1003 4470 1024 4512 α
1038 4456 1124 4515 velut
1140 4454 1311 4535 superfluo;
1325 4458 1384 4518 nisi
1397 4458 1498 4539 magis
1511 4459 1577 4538 pls·

132 4539 190 4600 loci
216 4542 391 4614 convictus,
418 4541 608 4621 apertissime
635 4539 767 4600 fateatur
792 4563 829 4604 ac
878 4551 956 4612 cest,
970 4542 1110 4612 Paulum,
1125 4544 1179 4621 qui
1192 4543 1320 4605 miscere
1335 4543 1416 4604 solet
1430 4563 1469 4606 ex
1484 4546 1578 4607 variis

131 4623 239 4686 dooest
263 4627 294 4687 in
322 4646 375 4686 suo
402 4628 634 4702 commentario,
657 4627 828 4706 generelem
877 4630 954 4689 locis
970 4629 1147 4701 testimonia,
1169 4628 1348 4691 scribentem
1369 4649 1408 4692 es
1422 4632 1515 4708 Sion,
1537 4633 1578 4694 ad

130 4710 259 4773 futuram
276 4712 465 4776 Judaeorum
477 4713 691 4777 infinemundi
706 4734 827 4778 conver
877 4717 953 4779 alias
974 4715 1146 4798 Scripturas
1166 4717 1347 4797 respexisse,
1366 4734 1451 4801 quae
1475 4717 1577 4784 nlvs·
