3254 5190
460 289 623 351 subrosae
641 288 680 343 hl)
699 286 850 342 ROMANOS·
886 288 968 342 VBP-5.
989 289 1027 342 tt.
1049 289 1088 342 15.
1429 297 1500 367 115

59 470 227 529 titudinem
243 470 509 543 transprcssioois
524 467 641 532 Adam.
662 463 759 541 Cujus
807 463 889 543 quod
904 485 963 524 non
976 466 1093 524 omnino
1106 464 1243 525 similiter
1254 465 1418 544 procedant
1428 466 1503 526 haec

58 557 289 635 ascgmflnus
304 555 442 615 meminit
451 555 760 634 propositionesupra
807 551 874 625 duo,
890 560 1048 629 peccatum
1064 552 1158 626 Adae,
1175 561 1205 611 et
1216 554 1327 612 denum
1340 573 1395 612 seu
1407 554 1503 631 gratia

57 644 140 716 dieta,
153 645 217 703 etsi
236 663 299 702 non
315 642 430 721 probet.
454 640 487 700 Si
504 641 583 701 enim
599 640 675 699 haec
690 657 759 716 pars
807 636 932 710 Christi,
948 637 1061 717 dequo
1078 638 1317 717 supradixerat:
1334 642 1396 699 Per
1411 659 1503 715 que-m

56 751 104 811 per
128 731 330 810 hyperbaton
353 726 401 804 (ut
422 727 523 805 ajunt,
551 727 661 808 quibus
684 725 759 784 haec
807 743 894 786 nuno
917 727 1212 786 reconciliationem
1235 729 1418 802 occepimus.
1434 726 1503 786 Non

58 818 208 877 sententia
223 812 384 896 probatur)
409 813 588 873 adverbum
611 814 760 886 reperavit
807 811 958 883 similiter,
974 813 1113 891 inquam,
1129 833 1146 873 e
1162 815 1307 873 contrario
1324 823 1503 891 comparata,

58 904 219 976 reseratur,
235 902 376 962 absolute
391 902 513 980 ponitur
528 898 618 972 illud,
637 902 673 957 ia
691 917 758 971 eos,
808 899 838 958 id
854 906 909 970 est,
924 906 1083 977 peccatum
1099 898 1185 959 Adae
1202 900 1232 958 in
1247 899 1373 970 malum,
1389 909 1421 960 et
1435 905 1514 977 gros

58 994 108 1067 qrn'
122 1010 196 1050 nors
210 995 439 1066 peccauerunt.
455 986 545 1066 Quod
562 994 676 1065 pugnat
691 1004 758 1043 oum
807 987 850 1044 tia
867 983 981 1043 Christi
997 986 1028 1044 in
1044 986 1169 1057 bonum,
1195 1005 1285 1065 quum
1308 987 1383 1045 haec
1398 985 1449 1045 illo
1465 987 1504 1044 sit

57 1077 152 1147 dietis,
168 1086 207 1136 ut
222 1085 343 1136 taceam
358 1074 398 1133 de
414 1093 550 1135 sermone
562 1093 667 1151 parum
680 1092 757 1132 com·
807 1072 901 1131 multo
921 1074 1073 1150 potentior
1089 1081 1120 1132 et
1139 1073 1296 1131 efficacior.

56 1162 147 1223 modo.
180 1163 258 1223 Non
281 1163 361 1223 enim
388 1169 458 1240 apte
480 1160 603 1232 dicitur,
633 1168 758 1218 mortem
850 1158 1005 1218 Delictum
1030 1158 1079 1217 lric
1103 1167 1133 1217 et
1157 1161 1185 1218 in
1201 1159 1399 1238 sequentibus
1414 1167 1505 1219 vocat

56 1269 177 1329 regnare
193 1249 235 1308 ad
259 1247 486 1310 similitudinem
509 1247 758 1324 transgressionis
807 1244 890 1322 quod
912 1247 1053 1324 superius
1074 1256 1241 1323 peccatum.
1265 1246 1335 1305 Non
1356 1248 1436 1306 enim
1459 1245 1503 1305 di·

58 1336 167 1409 Adam,
190 1337 274 1395 sicut
296 1336 434 1394 homines
450 1334 489 1394 ad
505 1354 571 1394 eam
585 1330 756 1393 similitudi·
807 1332 933 1410 stinguit
948 1333 977 1391 in
994 1332 1050 1391 hac
1067 1334 1219 1410 praesenti
1235 1332 1442 1412 disputatione
1460 1334 1503 1392 in·
1589 1398 1592 1403 ,

57 1443 276 1503 compeccare.
299 1422 377 1480 Nam
392 1420 474 1500 quod
487 1427 595 1498 urgeut
610 1417 757 1487 Graecam
805 1426 852 1479 ter
876 1411 1026 1495 ἁμαρτίαν
1058 1428 1229 1496 peccatum,
1255 1429 1286 1479 et
1307 1412 1504 1496 παράπτωμα

58 1511 313 1590 praepositionem
337 1499 402 1582 ἐπὶ,
431 1527 492 1586 qua
515 1506 621 1567 dicunt
637 1525 757 1565 oausam
806 1503 957 1567 delictum.
975 1505 1064 1583 Quod
1080 1505 1130 1565 vel
1145 1505 1215 1565 inde
1226 1514 1317 1585 patet.
1334 1507 1413 1568 Nam
1426 1507 1505 1567 inira

10 1662 12 1671 ¹
59 1596 201 1669 denotari,
219 1598 287 1675 jam
302 1594 377 1655 alias
393 1593 551 1653 docuimus
565 1593 620 1655 hae
631 1612 756 1671 praepo·
805 1612 873 1653 oum
890 1592 1024 1665 dixisset,
1040 1593 1139 1670 legem
1152 1594 1346 1666 subintrasse,
1361 1603 1396 1652 ιιι
1411 1595 1502 1654 abun·

10 1710 13 1745 ÷
60 1686 177 1744 sitiones
193 1675 227 1740 ἐν
252 1692 283 1743 et
306 1673 355 1740 ἐπὶ
376 1682 548 1761 promiscue
572 1679 700 1741 subinde
726 1680 757 1739 in
805 1678 888 1739 daret
910 1671 945 1736 τὸ
969 1670 1176 1756 παράπτωμα,
1201 1679 1232 1738 id
1247 1683 1349 1759 ipsum
1364 1683 1407 1741 ita
1422 1700 1502 1740 resu-

61 1772 212 1851 seripturis
228 1771 377 1847 usurpari.
804 1768 874 1829 mit:
909 1765 969 1826 Ubi
996 1773 1094 1826 autern
1120 1766 1288 1827 abundavit
1313 1760 1333 1845 ἡ
1359 1761 1501 1846 ἁμαρτία.

98 1861 159 1936 Qui
175 1864 221 1917 cst
235 1858 348 1934 formo
368 1856 484 1930 futuri.
510 1853 572 1931 Qui
593 1853 691 1912 Adam
712 1861 758 1912 est
806 1853 895 1933 Quod
918 1852 1113 1913 manifestum
1137 1864 1182 1914 est
1201 1865 1411 1934 argumentum
1437 1875 1502 1935 pro-

60 1943 156 2019 iorma,
174 1942 296 2004 Graece
311 1937 424 2018 τύπος,
441 1940 550 2013 futuri,
567 1939 598 1998 id
614 1949 666 2010 est,
682 1939 756 2017 figu·
804 1941 1148 2018 misouaeusurpationis
1158 1942 1387 2001 harumvocum.
1398 1943 1503 2021 Quare

60 2051 115 2090 ram
128 2032 210 2110 gerit
224 2030 303 2107 ejus,
318 2030 373 2108 qui
388 2037 534 2089 venturus
551 2034 622 2097 orat,
638 2026 757 2085 scilicet
805 2048 843 2089 ex
865 2029 922 2086 hac
943 2046 1018 2087 voce
1038 2018 1233 2104 παράπτωμα
1250 2050 1309 2089 nou
1325 2030 1402 2090 bene
1419 2028 1502 2089 colli·

10 2140 13 2193 ζ
61 2115 184 2188 Christi,
218 2135 313 2195 quem
343 2115 418 2176 alibi
444 2123 535 2173 vocat
560 2113 756 2173 novissimum
803 2117 849 2194 git
864 2113 1002 2193 quidam,
1025 2114 1075 2172 hio
1098 2134 1157 2174 non
1181 2115 1344 2193 significari
1360 2116 1502 2176 delictum

10 2202 12 2225 ³
60 2203 159 2276 Adam,
178 2208 196 2262 1
214 2200 285 2263 Cor.
305 2201 351 2260 15.
367 2200 646 2279 SentitApostolus‚
658 2199 755 2259 Adam
804 2203 868 2261 sive
895 2209 1055 2279 peccatum
1077 2199 1179 2274 Adae,
1203 2201 1257 2262 sed
1281 2202 1427 2262 delictum
1448 2222 1502 2265 seu

60 2289 147 2351 inisse
161 2299 276 2369 typum
292 2296 323 2347 et
337 2287 465 2367 figuram
482 2287 595 2349 Christi
611 2307 664 2366 per
680 2306 756 2345 oom-
804 2308 905 2347 casum
922 2289 1016 2347 totius
1033 2289 1160 2365 generis.
1188 2289 1268 2347 Nam
1290 2301 1372 2349 certe
1397 2309 1501 2369 pecca·

60 2380 245 2455 parationem
273 2395 292 2433 a
314 2376 480 2444 contrario,
507 2383 542 2433 ut
566 2375 756 2453 Augustinus
804 2385 868 2434 tum
886 2376 973 2433 unius
998 2373 1085 2433 Adae
1101 2374 1272 2452 significari,
1288 2377 1387 2455 palam
1403 2385 1501 2436 osten·

10 2480 12 2491 ·
60 2462 384 2544 loquitur.Santenim
397 2460 495 2522 Adam
511 2468 542 2519 et
557 2461 756 2521 Christusve·
804 2461 856 2532 dit,
872 2461 954 2539 quod
971 2461 1126 2539 sequitur:

10 2542 12 2547 ¹
60 2550 174 2610 lntduo
186 2549 455 2629 principiamutuo
468 2549 756 2627 oppositarespeotu
847 2550 881 2608 ss·
904 2551 990 2607 enim
1011 2550 1107 2607 errius
1131 2549 1243 2607 delicto
1266 2551 1360 2608 multi
1384 2553 1502 2611 mortui

60 2636 219 2698 hominum.
244 2635 306 2695 Per
327 2634 424 2694 Adam
445 2636 524 2693 enim
547 2643 702 2712 peccatum
726 2640 757 2691 et
803 2643 888 2709 suat,
902 2635 1002 2694 multo
1018 2637 1120 2710 suapte
1134 2638 1242 2709 pratia
1259 2638 1319 2696 Dei
1336 2645 1365 2696 et
1381 2639 1502 2698 dossum

60 2743 128 2783 nore
144 2722 273 2785 intravit
297 2722 328 2779 in
351 2719 508 2795 mundum;
531 2741 586 2799 per
606 2720 756 2781 Christum
805 2724 960 2797 increatio
974 2723 1071 2780 unius
1085 2723 1223 2781 bonci-rtis
1237 2727 1317 2785 Jesu
1335 2725 1451 2785 Christi
1465 2727 1502 2784 in

58 2809 174 2885 justitia
189 2818 223 2869 et
238 2809 313 2866 vita.
330 2807 481 2886 Quaeres
499 2807 590 2886 paulo
605 2805 755 2887 postplu·
800 2809 911 2885 plures
938 2808 1124 2868 abundavit.
1161 2809 1304 2868 Probatio
1331 2822 1376 2870 est
1402 2810 1502 2870 diotae

60 2896 133 2957 ribus
164 2894 350 2960 declaratur.
385 2893 509 2955 Poterat
536 2895 652 2973 alioqui
681 2891 757 2951 illud
804 2894 1075 2967 dissimilitudinis,
1091 2914 1180 2974 quam
1197 2900 1390 2976 prosequitur
1404 2917 1502 2977 usque

61 2982 106 3039 ταῦ
128 2974 315 3058 μέλλοντος,
331 2983 448 3057 saturi,
464 2989 570 3040 neutro
586 2999 697 3059 genere
709 2999 756 3041 ac·
804 2980 843 3040 od
854 2980 943 3040 illud:
967 2983 1071 3055 Ipitur
1086 2985 1165 3041 sicut
1174 3002 1234 3058 per
1245 2988 1342 3045 unias
1351 2985 1501 3045 delictum

61 3070 133 3147 cipi,
156 3067 269 3140 idest,
292 3069 358 3145 ejus
374 3066 454 3145 quod
470 3069 601 3127 futurum
617 3076 675 3135 est,
703 3065 756 3124 sed
805 3076 860 3127 etc.
874 3070 973 3127 Docet
984 3077 1085 3127 autem
1096 3067 1289 3130 donationem
1299 3070 1421 3144 Christi,
1433 3091 1500 3131 cum

61 3174 143 3217 sem
154 3154 234 3215 nihil
242 3153 282 3212 ad
290 3172 431 3233 praesens
441 3155 608 3216 institutum
616 3154 755 3212 faciente.
804 3174 884 3214 noxa
899 3154 1008 3214 Adami
1024 3163 1238 3233 comparatam,
1254 3158 1446 3236 praecellere,
1463 3159 1500 3217 si·

96 3241 196 3301 Porro
215 3239 448 3300 commentarius
471 3240 589 3318 Pelagii
611 3241 668 3301 hoo
690 3239 756 3297 loeo
804 3261 843 3299 ve
859 3241 1084 3301 considerentur
1094 3243 1280 3316 charismata,
1292 3265 1369 3324 quae
1381 3246 1498 3318 dantur,

62 3336 136 3387 tobis
150 3327 340 3406 Pelagianos
357 3333 418 3399 est,
441 3328 543 3386 omnia
562 3324 602 3387 ad
617 3327 756 3385 imitatio·
805 3329 871 3387 sive
887 3336 1021 3407 peccata,
1035 3348 1114 3407 quae
1130 3327 1343 3391 condonantur.
1363 3332 1499 3392 Priorem

63 3414 291 3474 anteferens.
316 3412 418 3473 Verba
440 3416 506 3492 ejus
526 3423 612 3473 sunt:
634 3415 755 3475 Forma
803 3414 923 3475 modum
949 3416 999 3473 hio
1022 3414 1168 3486 attendit,
1192 3419 1387 3493 posteriorem
1413 3428 1499 3499 parte

64 3500 175 3561 Christi
205 3500 314 3560 Adam
343 3501 450 3574 sactus
480 3507 531 3559 est.
553 3502 641 3561 Siout
671 3502 756 3558 anim
804 3503 941 3580 proxime
957 3503 1112 3578 sequenti,
1128 3521 1163 3560 ac
1178 3512 1328 3580 postremo
1342 3514 1500 3584 utramque

63 3585 174 3662 sdan,
189 3589 317 3662 primus
333 3588 525 3646 mandatum
541 3588 602 3647 Dei
615 3605 757 3662 proeva-
804 3588 1003 3647 differentiam
1020 3589 1183 3666 conjungit.
1207 3592 1296 3670 Quae
1307 3593 1441 3671 analysis
1454 3600 1501 3653 est

64 3674 164 3733 ticam
172 3719 184 3747 ,
208 3672 390 3747 exempta-m
414 3681 456 3733 est
472 3675 568 3747 lspcru
584 3675 646 3735 Dei
658 3693 756 3748 proe-
806 3676 969 3753 Augustini
982 3677 1014 3733 in
1027 3676 1213 3753 expositione
1224 3681 1438 3756 propositionis
1450 3683 1499 3741 29.

67 3763 206 3819 varicare
225 3760 410 3833 colentibus,
426 3764 469 3819 sic
485 3768 513 3818 et
529 3760 680 3833 Christus,
699 3779 757 3819 uo-
807 3763 999 3840 Quamquam
1014 3762 1080 3820 aliis
1096 3761 1197 3839 placet
1212 3766 1300 3823 tertio
1317 3766 1382 3825 loco
1405 3766 1502 3844 repeti

66 3842 219 3907 hamum
242 3848 352 3906 Patris
374 3849 550 3922 compleas,
578 3848 758 3922 exemplum
806 3856 924 3906 tanturn
941 3857 970 3905 ct
986 3849 1134 3926 explicari
1152 3849 1189 3922 id,
1206 3850 1288 3929 quod
1304 3856 1397 3930 primo
1414 3854 1501 3913 dixit.

65 3941 103 3990 ort
120 3935 249 3993 imitari
271 3952 342 3992 cum
364 3933 571 4008 cupientibus.
595 3933 656 3995 b'ed
679 3933 757 3993 huno
807 3937 848 3994 Iu
871 3938 979 4008 pratia
1001 3938 1098 3994 unius
1127 3938 1274 4011 bominis,
1307 3938 1436 4012 Graece,
1467 3943 1503 3998 irs

66 4035 195 4090 mum,
206 4038 298 4099 quem
314 4020 390 4078 etin
406 4020 598 4099 sequentibus
615 4020 758 4092 inculcat,
806 4025 930 4096 pratia,
949 4040 1030 4096 quae
1047 4031 1099 4096 est,
1116 4024 1181 4080 sive
1195 4025 1271 4099 suit,
1287 4030 1384 4084 unius
1400 4028 1503 4086 bomi-

67 4107 133 4165 sstis
148 4125 243 4186 supra
260 4107 509 4184 expugnavimus.
538 4106 692 4183 Quoniam
708 4126 759 4165 au·
807 4111 865 4168 nis.
881 4108 975 4180 Itenr,
992 4113 1026 4167 in
1039 4110 1165 4184 plures,
1184 4110 1351 4171 Graeceio
1368 4115 1503 4189 multoo;

67 4195 203 4255 tantors
212 4194 327 4270 forma
339 4211 407 4252 non
423 4196 562 4255 exomni
574 4201 669 4268 parta
680 4212 758 4252 sors·
807 4193 1060 4274 quemadmodum
1075 4195 1192 4272 reliqua
1207 4206 1292 4274 parte
1309 4200 1418 4276 capitis
1434 4220 1504 4259 ean·

67 4277 171 4352 {mis
186 4288 250 4354 art,
271 4289 304 4337 ut
321 4281 364 4339 ait
382 4280 571 4358 Augustinus
584 4280 758 4339 insecundo
808 4281 876 4341 dem
891 4301 996 4340 vocem
1013 4290 1183 4340 constanter
1197 4285 1289 4342 vertit
1300 4284 1456 4363 interpres,
1473 4295 1506 4344 ut

70 4382 151 4441 opere
165 4375 273 4427 centn
288 4365 458 4439 sulianum,
470 4365 539 4426 ideo
553 4369 708 4445 sequitur:
808 4388 845 4426 ne
861 4388 952 4444 quern
968 4380 1090 4428 moveat
1106 4368 1180 4426 haec
1196 4372 1320 4428 mutatio
1344 4372 1506 4432 multorum

105 4454 149 4513 15.
173 4454 237 4515 sed
261 4471 330 4512 noso
360 4456 440 4512 sicut
465 4453 631 4526 delictum,
660 4456 707 4511 ιἰα
731 4460 760 4511 ct
808 4456 838 4513 in
853 4453 973 4531 plures,
990 4459 1077 4534 quasi
1093 4455 1194 4533 plures
1211 4476 1264 4534 per
1277 4454 1432 4517 Christum
1446 4460 1507 4519 sint

70 4535 185 4601 donum.
208 4537 350 4601 subaudi
364 4539 489 4599 verbum
507 4549 562 4612 est,
577 4540 643 4609 vel,
660 4560 693 4599 se
708 4540 758 4598 ha·
808 4541 928 4612 salvati,
946 4563 1034 4620 quarn
1052 4544 1082 4600 in
1099 4541 1197 4601 Adam
1208 4545 1333 4619 mortui,
1350 4564 1443 4623 quum
1458 4565 1506 4606 res

69 4619 117 4696 bot,
129 4638 181 4687 aot
196 4624 284 4707 quod
298 4624 461 4703 ejusmodi.
482 4624 624 4695 Osteudit
638 4627 668 4685 in
684 4647 760 4685 com·
808 4630 958 4688 contrario
974 4629 1061 4689 modo
1077 4630 1179 4708 potius
1191 4650 1258 4690 sese
1272 4630 1387 4690 habeat.

70 4714 209 4786 wuronc
219 4710 385 4792 jamdicta
397 4710 672 4783 dissimilitudinem
685 4732 759 4785 esse,
851 4713 1066 4777 abutebantur
1083 4724 1185 4788 autern
1201 4717 1257 4779 beo
1273 4716 1404 4779 lectione
1420 4719 1507 4783 Pela·

1245 4821 1302 4882 8*
