<?xml version="1.0" encoding="UTF-8"?>
<!DOCTYPE html PUBLIC "-//W3C//DTD XHTML 1.0 Transitional//EN"
    "http://www.w3.org/TR/xhtml1/DTD/xhtml1-transitional.dtd">
<html xmlns="http://www.w3.org/1999/xhtml" xml:lang="en" lang="en">
 <head>
  <title>
</title>
<meta http-equiv="Content-Type" content="text/html;charset=utf-8" />
  <meta name='ocr-system' content='tesseract 3.04.00' />
  <meta name='ocr-capabilities' content='ocr_page ocr_carea ocr_par ocr_line ocrx_word'/>
</head>
<body>
  <div class='ocr_page' id='page_1' title='image "./guilielmiestiii00estigoog/guilielmiestiii00estigoog_0562.png"; bbox 0 0 3254 5190; ppageno 0'>
   <div class='ocr_carea' id='block_1_1' title="bbox 406 296 1464 373">
    <p class='ocr_par' dir='ltr' id='par_1_1' title="bbox 406 296 1464 373">
     <span class='ocr_line' id='line_1_1' title="bbox 406 296 1464 373; baseline 0.007 -21"><span class='ocrx_word' id='word_1_1' title='bbox 406 297 569 352; x_wconf 70' lang='lat' dir='ltr'><strong>cursuum</strong></span> <span class='ocrx_word' id='word_1_2' title='bbox 585 298 605 352; x_wconf 93' lang='lat' dir='ltr'><strong>l.</strong></span> <span class='ocrx_word' id='word_1_3' title='bbox 622 298 661 351; x_wconf 81' lang='lat' dir='ltr'><strong>All</strong></span> <span class='ocrx_word' id='word_1_4' title='bbox 681 296 971 352; x_wconf 62' lang='lat' dir='ltr'><strong>coturnicum</strong></span> <span class='ocrx_word' id='word_1_5' title='bbox 991 300 1029 352; x_wconf 77' lang='lat'><strong>18.</strong></span> <span class='ocrx_word' id='word_1_6' title='bbox 1051 299 1090 351; x_wconf 81' lang='lat' dir='ltr'><strong>tlt.</strong></span> <span class='ocrx_word' id='word_1_7' title='bbox 1393 300 1464 373; x_wconf 70' lang='lat'><strong>541</strong></span> 
     </span>
    </p>
   </div>
   <div class='ocr_carea' id='block_1_2' title="bbox 61 472 1480 4368">
    <p class='ocr_par' dir='ltr' id='par_1_2' title="bbox 61 472 1478 2378">
     <span class='ocr_line' id='line_1_2' title="bbox 61 472 1466 555; baseline -0.001 -20"><span class='ocrx_word' id='word_1_8' title='bbox 61 474 149 535; x_wconf 82' lang='lat' dir='ltr'><strong>&#39;raeco</strong></span> <span class='ocrx_word' id='word_1_9' title='bbox 163 473 339 555; x_wconf 86' lang='lat' dir='ltr'><strong>simpliciter</strong></span> <span class='ocrx_word' id='word_1_10' title='bbox 354 481 401 534; x_wconf 86' lang='lat' dir='ltr'><strong>ost</strong></span> <span class='ocrx_word' id='word_1_11' title='bbox 415 474 646 550; x_wconf 65' lang='lat' dir='ltr'><strong>conspolium,</strong></span> <span class='ocrx_word' id='word_1_12' title='bbox 670 472 722 534; x_wconf 88' lang='lat' dir='ltr'><strong>sed</strong></span> <span class='ocrx_word' id='word_1_13' title='bbox 768 474 842 533; x_wconf 88' lang='lat' dir='ltr'><strong>mihi</strong></span> <span class='ocrx_word' id='word_1_14' title='bbox 857 474 1010 536; x_wconf 77' lang='lat' dir='ltr'><strong>coactiora</strong></span> <span class='ocrx_word' id='word_1_15' title='bbox 1029 473 1178 535; x_wconf 81' lang='lat' dir='ltr'><strong>videntur.</strong></span> <span class='ocrx_word' id='word_1_16' title='bbox 1215 472 1282 533; x_wconf 85' lang='lat' dir='ltr'><strong>Nec</strong></span> <span class='ocrx_word' id='word_1_17' title='bbox 1303 491 1376 534; x_wconf 83' lang='lat' dir='ltr'><strong>vero</strong></span> <span class='ocrx_word' id='word_1_18' title='bbox 1396 492 1466 534; x_wconf 89' lang='lat' dir='ltr'><strong>con·</strong></span> 
     </span>
     <span class='ocr_line' id='line_1_3' title="bbox 61 559 1467 639; baseline 0.001 -18"><span class='ocrx_word' id='word_1_19' title='bbox 61 561 240 637; x_wconf 64' lang='lat' dir='ltr'><strong>burgulium</strong></span> <span class='ocrx_word' id='word_1_20' title='bbox 252 561 376 623; x_wconf 70' lang='lat' dir='ltr'><strong>obsisti.</strong></span> <span class='ocrx_word' id='word_1_21' title='bbox 400 560 528 620; x_wconf 78' lang='lat' dir='ltr'>Sensus:</span> <span class='ocrx_word' id='word_1_22' title='bbox 543 559 722 622; x_wconf 83' lang='lat' dir='ltr'><strong>Itsdemum</strong></span> <span class='ocrx_word' id='word_1_23' title='bbox 769 562 853 622; x_wconf 85' lang='lat' dir='ltr'><strong>vonit</strong></span> <span class='ocrx_word' id='word_1_24' title='bbox 876 561 1025 622; x_wconf 73' lang='lat' dir='ltr'><strong>Paulinae</strong></span> <span class='ocrx_word' id='word_1_25' title='bbox 1049 561 1222 632; x_wconf 73' lang='lat' dir='ltr'><strong>modestiae,</strong></span> <span class='ocrx_word' id='word_1_26' title='bbox 1248 561 1390 639; x_wconf 78' lang='lat' dir='ltr'><strong>majorem</strong></span> <span class='ocrx_word' id='word_1_27' title='bbox 1408 560 1467 622; x_wconf 88' lang='lat' dir='ltr'><strong>sibi</strong></span> 
     </span>
     <span class='ocr_line' id='line_1_4' title="bbox 61 645 1465 733; baseline -0.002 -24"><span class='ocrx_word' id='word_1_28' title='bbox 61 647 195 709; x_wconf 68' lang='lat' dir='ltr'><strong>modum</strong></span> <span class='ocrx_word' id='word_1_29' title='bbox 216 668 252 708; x_wconf 91' lang='lat' dir='ltr'><strong>ac</strong></span> <span class='ocrx_word' id='word_1_30' title='bbox 278 649 442 728; x_wconf 77' lang='lat' dir='ltr'><strong>praemium</strong></span> <span class='ocrx_word' id='word_1_31' title='bbox 464 648 534 708; x_wconf 93' lang='lat' dir='ltr'><strong>boni</strong></span> <span class='ocrx_word' id='word_1_32' title='bbox 556 647 723 708; x_wconf 85' lang='lat' dir='ltr'><strong>doctorisa</strong></span> <span class='ocrx_word' id='word_1_33' title='bbox 769 646 983 733; x_wconf 22' lang='lat' dir='ltr'><strong>mercedemxet</strong></span> <span class='ocrx_word' id='word_1_34' title='bbox 997 649 1122 727; x_wconf 81' lang='lat' dir='ltr'><strong>glorium</strong></span> <span class='ocrx_word' id='word_1_35' title='bbox 1137 645 1217 727; x_wconf 85' lang='lat' dir='ltr'><strong>apud</strong></span> <span class='ocrx_word' id='word_1_36' title='bbox 1229 647 1329 707; x_wconf 84' lang='lat' dir='ltr'><strong>Deum</strong></span> <span class='ocrx_word' id='word_1_37' title='bbox 1344 647 1465 727; x_wconf 89' lang='lat' dir='ltr'><strong>promit·</strong></span> 
     </span>
     <span class='ocr_line' id='line_1_5' title="bbox 61 733 1468 815; baseline 0 -20"><span class='ocrx_word' id='word_1_38' title='bbox 61 752 96 795; x_wconf 89' lang='lat' dir='ltr'><strong>so</strong></span> <span class='ocrx_word' id='word_1_39' title='bbox 114 734 309 814; x_wconf 85' lang='lat' dir='ltr'><strong>exspectabo,</strong></span> <span class='ocrx_word' id='word_1_40' title='bbox 335 735 361 794; x_wconf 90' lang='lat' dir='ltr'><strong>si</strong></span> <span class='ocrx_word' id='word_1_41' title='bbox 384 733 561 814; x_wconf 76' lang='lat' dir='ltr'><strong>praedicans</strong></span> <span class='ocrx_word' id='word_1_42' title='bbox 583 736 721 814; x_wconf 81' lang='lat' dir='ltr'><strong>Evuugc·</strong></span> <span class='ocrx_word' id='word_1_43' title='bbox 769 743 847 807; x_wconf 85' lang='lat' dir='ltr'><strong>tero,</strong></span> <span class='ocrx_word' id='word_1_44' title='bbox 876 754 965 815; x_wconf 86' lang='lat' dir='ltr'><strong>quam</strong></span> <span class='ocrx_word' id='word_1_45' title='bbox 989 743 1092 796; x_wconf 81' lang='lat' dir='ltr'><strong>esseut</strong></span> <span class='ocrx_word' id='word_1_46' title='bbox 1112 735 1267 811; x_wconf 79' lang='lat' dir='ltr'><strong>accepturi</strong></span> <span class='ocrx_word' id='word_1_47' title='bbox 1286 734 1338 794; x_wconf 77' lang='lat' dir='ltr'><strong>elii</strong></span> <span class='ocrx_word' id='word_1_48' title='bbox 1353 734 1468 795; x_wconf 77' lang='lat' dir='ltr'><strong>siucero</strong></span> 
     </span>
     <span class='ocr_line' id='line_1_6' title="bbox 61 820 1469 901; baseline -0.001 -18"><span class='ocrx_word' id='word_1_49' title='bbox 61 842 98 883; x_wconf 90' lang='lat' dir='ltr'><strong>un</strong></span> <span class='ocrx_word' id='word_1_50' title='bbox 112 821 227 883; x_wconf 78' lang='lat' dir='ltr'><strong>Christi</strong></span> <span class='ocrx_word' id='word_1_51' title='bbox 238 830 388 901; x_wconf 85' lang='lat' dir='ltr'><strong>sumptum</strong></span> <span class='ocrx_word' id='word_1_52' title='bbox 402 820 440 881; x_wconf 80' lang='lat' dir='ltr'><strong>ab</strong></span> <span class='ocrx_word' id='word_1_53' title='bbox 456 821 502 893; x_wconf 90' lang='lat' dir='ltr'><strong>iis,</strong></span> <span class='ocrx_word' id='word_1_54' title='bbox 515 823 623 901; x_wconf 88' lang='lat' dir='ltr'><strong>quibus</strong></span> <span class='ocrx_word' id='word_1_55' title='bbox 635 840 721 901; x_wconf 84' lang='lat' dir='ltr'><strong>prse-</strong></span> <span class='ocrx_word' id='word_1_56' title='bbox 769 822 970 901; x_wconf 77' lang='lat' dir='ltr'><strong>Evangelium</strong></span> <span class='ocrx_word' id='word_1_57' title='bbox 992 820 1218 900; x_wconf 71' lang='lat' dir='ltr'><strong>praedicantes,</strong></span> <span class='ocrx_word' id='word_1_58' title='bbox 1242 821 1300 880; x_wconf 85' lang='lat' dir='ltr'><strong>otei</strong></span> <span class='ocrx_word' id='word_1_59' title='bbox 1315 829 1469 899; x_wconf 87' lang='lat' dir='ltr'><strong>sumptum</strong></span> 
     </span>
     <span class='ocr_line' id='line_1_7' title="bbox 61 908 1468 988; baseline -0.001 -19"><span class='ocrx_word' id='word_1_60' title='bbox 61 926 108 981; x_wconf 85' lang='lat' dir='ltr'><strong>uo,</strong></span> <span class='ocrx_word' id='word_1_61' title='bbox 129 928 191 969; x_wconf 90' lang='lat' dir='ltr'><strong>non</strong></span> <span class='ocrx_word' id='word_1_62' title='bbox 206 909 359 988; x_wconf 75' lang='lat' dir='ltr'><strong>accipiam.</strong></span> <span class='ocrx_word' id='word_1_63' title='bbox 383 908 452 968; x_wconf 88' lang='lat' dir='ltr'><strong>Hoc</strong></span> <span class='ocrx_word' id='word_1_64' title='bbox 466 915 513 969; x_wconf 89' lang='lat' dir='ltr'><strong>est</strong></span> <span class='ocrx_word' id='word_1_65' title='bbox 528 909 607 968; x_wconf 91' lang='lat' dir='ltr'><strong>enim</strong></span> <span class='ocrx_word' id='word_1_66' title='bbox 623 911 722 969; x_wconf 79' lang='lat' dir='ltr'><strong>Essu-</strong></span> <span class='ocrx_word' id='word_1_67' title='bbox 770 910 954 986; x_wconf 79' lang='lat' dir='ltr'><strong>acciperent3</strong></span> <span class='ocrx_word' id='word_1_68' title='bbox 988 927 1080 988; x_wconf 88' lang='lat' dir='ltr'><strong>quum</strong></span> <span class='ocrx_word' id='word_1_69' title='bbox 1109 908 1286 986; x_wconf 84' lang='lat' dir='ltr'><strong>pracsertim</strong></span> <span class='ocrx_word' id='word_1_70' title='bbox 1316 909 1406 967; x_wconf 81' lang='lat' dir='ltr'><strong>otium</strong></span> <span class='ocrx_word' id='word_1_71' title='bbox 1436 909 1468 969; x_wconf 90' lang='lat' dir='ltr'><strong>in</strong></span> 
     </span>
     <span class='ocr_line' id='line_1_8' title="bbox 61 991 1469 1075; baseline -0.001 -20"><span class='ocrx_word' id='word_1_72' title='bbox 61 994 137 1055; x_wconf 80' lang='lat' dir='ltr'><strong>tllum</strong></span> <span class='ocrx_word' id='word_1_73' title='bbox 150 1012 266 1075; x_wconf 87' lang='lat' dir='ltr'><strong>ponere</strong></span> <span class='ocrx_word' id='word_1_74' title='bbox 289 1013 342 1055; x_wconf 85' lang='lat' dir='ltr'><strong>scu</strong></span> <span class='ocrx_word' id='word_1_75' title='bbox 363 993 461 1054; x_wconf 80' lang='lat' dir='ltr'><strong>fecere</strong></span> <span class='ocrx_word' id='word_1_76' title='bbox 484 995 722 1074; x_wconf 88' lang='lat' dir='ltr'><strong>insumptuosum</strong></span> <span class='ocrx_word' id='word_1_77' title='bbox 769 995 838 1055; x_wconf 92' lang='lat' dir='ltr'><strong>illos</strong></span> <span class='ocrx_word' id='word_1_78' title='bbox 853 1005 1048 1074; x_wconf 82' lang='lat' dir='ltr'><strong>competeret,</strong></span> <span class='ocrx_word' id='word_1_79' title='bbox 1076 993 1156 1073; x_wconf 91' lang='lat' dir='ltr'><strong>quod</strong></span> <span class='ocrx_word' id='word_1_80' title='bbox 1178 991 1377 1073; x_wconf 77' lang='lat' dir='ltr'><strong>supradixit,</strong></span> <span class='ocrx_word' id='word_1_81' title='bbox 1403 993 1469 1053; x_wconf 89' lang='lat' dir='ltr'><strong>nul·</strong></span> 
     </span>
     <span class='ocr_line' id='line_1_9' title="bbox 61 1079 1478 1162; baseline -0.002 -20"><span class='ocrx_word' id='word_1_82' title='bbox 61 1100 118 1162; x_wconf 74' lang='lat' dir='ltr'><strong>quc</strong></span> <span class='ocrx_word' id='word_1_83' title='bbox 131 1081 305 1161; x_wconf 77' lang='lat' dir='ltr'><strong>grutuitum.</strong></span> <span class='ocrx_word' id='word_1_84' title='bbox 334 1081 411 1141; x_wconf 86' lang='lat' dir='ltr'><strong>Nam</strong></span> <span class='ocrx_word' id='word_1_85' title='bbox 426 1099 538 1160; x_wconf 83' lang='lat' dir='ltr'><strong>ponere</strong></span> <span class='ocrx_word' id='word_1_86' title='bbox 552 1101 606 1162; x_wconf 95' lang='lat' dir='ltr'><strong>pro</strong></span> <span class='ocrx_word' id='word_1_87' title='bbox 621 1079 722 1142; x_wconf 76' lang='lat' dir='ltr'><strong>lucere</strong></span> <span class='ocrx_word' id='word_1_88' title='bbox 769 1080 830 1141; x_wconf 87' lang='lat' dir='ltr'><strong>lum</strong></span> <span class='ocrx_word' id='word_1_89' title='bbox 845 1080 917 1140; x_wconf 83' lang='lat' dir='ltr'><strong>durs</strong></span> <span class='ocrx_word' id='word_1_90' title='bbox 933 1081 1145 1142; x_wconf 82' lang='lat' dir='ltr'><strong>offendiculum</strong></span> <span class='ocrx_word' id='word_1_91' title='bbox 1156 1079 1323 1160; x_wconf 80' lang='lat' dir='ltr'><strong>Evangelio</strong></span> <span class='ocrx_word' id='word_1_92' title='bbox 1339 1079 1478 1141; x_wconf 80' lang='lat' dir='ltr'><strong>Christi:</strong></span> 
     </span>
     <span class='ocr_line' id='line_1_10' title="bbox 61 1165 1465 1249; baseline 0 -22"><span class='ocrx_word' id='word_1_93' title='bbox 61 1186 170 1249; x_wconf 81' lang='lat' dir='ltr'><strong>equuus</strong></span> <span class='ocrx_word' id='word_1_94' title='bbox 191 1177 237 1227; x_wconf 87' lang='lat' dir='ltr'><strong>cst</strong></span> <span class='ocrx_word' id='word_1_95' title='bbox 260 1170 290 1227; x_wconf 91' lang='lat' dir='ltr'><strong>in</strong></span> <span class='ocrx_word' id='word_1_96' title='bbox 313 1169 405 1228; x_wconf 87' lang='lat' dir='ltr'><strong>sucris</strong></span> <span class='ocrx_word' id='word_1_97' title='bbox 427 1168 529 1229; x_wconf 86' lang='lat' dir='ltr'><strong>lituris.</strong></span> <span class='ocrx_word' id='word_1_98' title='bbox 567 1169 662 1229; x_wconf 89' lang='lat' dir='ltr'><strong>Porro</strong></span> <span class='ocrx_word' id='word_1_99' title='bbox 678 1187 722 1228; x_wconf 85' lang='lat' dir='ltr'><strong>sc·</strong></span> <span class='ocrx_word' id='word_1_100' title='bbox 770 1176 800 1228; x_wconf 92' lang='lat' dir='ltr'><strong>et</strong></span> <span class='ocrx_word' id='word_1_101' title='bbox 826 1166 906 1246; x_wconf 90' lang='lat' dir='ltr'><strong>quod</strong></span> <span class='ocrx_word' id='word_1_102' title='bbox 932 1169 981 1228; x_wconf 91' lang='lat' dir='ltr'><strong>hic</strong></span> <span class='ocrx_word' id='word_1_103' title='bbox 1006 1166 1151 1246; x_wconf 77' lang='lat' dir='ltr'><strong>deinceps</strong></span> <span class='ocrx_word' id='word_1_104' title='bbox 1177 1165 1216 1227; x_wconf 85' lang='lat' dir='ltr'><strong>dc</strong></span> <span class='ocrx_word' id='word_1_105' title='bbox 1242 1185 1276 1226; x_wconf 87' lang='lat' dir='ltr'><strong>se</strong></span> <span class='ocrx_word' id='word_1_106' title='bbox 1300 1166 1465 1247; x_wconf 74' lang='lat' dir='ltr'><strong>praedicat,</strong></span> 
     </span>
     <span class='ocr_line' id='line_1_11' title="bbox 61 1254 1465 1335; baseline 0.001 -22"><span class='ocrx_word' id='word_1_107' title='bbox 61 1254 188 1315; x_wconf 85' lang='lat' dir='ltr'><strong>rentibus</strong></span> <span class='ocrx_word' id='word_1_108' title='bbox 199 1255 301 1314; x_wconf 84' lang='lat' dir='ltr'><strong>verbis</strong></span> <span class='ocrx_word' id='word_1_109' title='bbox 312 1255 449 1335; x_wconf 72' lang='lat' dir='ltr'><strong>explicat,</strong></span> <span class='ocrx_word' id='word_1_110' title='bbox 462 1264 611 1335; x_wconf 82' lang='lat' dir='ltr'><strong>qnatenus</strong></span> <span class='ocrx_word' id='word_1_111' title='bbox 622 1264 721 1315; x_wconf 82' lang='lat' dir='ltr'><strong>tenea·</strong></span> <span class='ocrx_word' id='word_1_112' title='bbox 770 1256 906 1315; x_wconf 88' lang='lat' dir='ltr'><strong>omuibus</strong></span> <span class='ocrx_word' id='word_1_113' title='bbox 922 1257 1021 1315; x_wconf 87' lang='lat' dir='ltr'><strong>omniu</strong></span> <span class='ocrx_word' id='word_1_114' title='bbox 1035 1254 1146 1315; x_wconf 86' lang='lat' dir='ltr'><strong>factum</strong></span> <span class='ocrx_word' id='word_1_115' title='bbox 1159 1272 1236 1314; x_wconf 70' lang='lat' dir='ltr'><strong>mse:</strong></span> <span class='ocrx_word' id='word_1_116' title='bbox 1251 1254 1382 1314; x_wconf 79' lang='lat' dir='ltr'><strong>maxime</strong></span> <span class='ocrx_word' id='word_1_117' title='bbox 1393 1272 1465 1316; x_wconf 85' lang='lat' dir='ltr'><strong>vero</strong></span> 
     </span>
     <span class='ocr_line' id='line_1_12' title="bbox 61 1340 1468 1423; baseline -0.001 -22"><span class='ocrx_word' id='word_1_118' title='bbox 61 1340 288 1422; x_wconf 74' lang='lat' dir='ltr'><strong>ulisengelinm</strong></span> <span class='ocrx_word' id='word_1_119' title='bbox 303 1343 368 1401; x_wconf 86' lang='lat' dir='ltr'><strong>sino</strong></span> <span class='ocrx_word' id='word_1_120' title='bbox 390 1350 508 1423; x_wconf 89' lang='lat' dir='ltr'><strong>sumptu</strong></span> <span class='ocrx_word' id='word_1_121' title='bbox 522 1362 651 1423; x_wconf 85' lang='lat' dir='ltr'><strong>ponsro,</strong></span> <span class='ocrx_word' id='word_1_122' title='bbox 677 1343 722 1401; x_wconf 90' lang='lat' dir='ltr'><strong>sic</strong></span> <span class='ocrx_word' id='word_1_123' title='bbox 769 1342 800 1401; x_wconf 89' lang='lat' dir='ltr'><strong>in</strong></span> <span class='ocrx_word' id='word_1_124' title='bbox 822 1341 957 1416; x_wconf 84' lang='lat' dir='ltr'><strong>Petrum,</strong></span> <span class='ocrx_word' id='word_1_125' title='bbox 984 1343 1037 1423; x_wconf 88' lang='lat' dir='ltr'><strong>qui</strong></span> <span class='ocrx_word' id='word_1_126' title='bbox 1062 1342 1131 1421; x_wconf 90' lang='lat' dir='ltr'><strong>plns</strong></span> <span class='ocrx_word' id='word_1_127' title='bbox 1158 1341 1282 1401; x_wconf 80' lang='lat' dir='ltr'><strong>caeteris</strong></span> <span class='ocrx_word' id='word_1_128' title='bbox 1305 1341 1468 1401; x_wconf 86' lang='lat' dir='ltr'><strong>Dominum</strong></span> 
     </span>
     <span class='ocr_line' id='line_1_13' title="bbox 61 1426 1467 1508; baseline 0 -21"><span class='ocrx_word' id='word_1_129' title='bbox 61 1428 171 1488; x_wconf 83' lang='lat' dir='ltr'><strong>taliter</strong></span> <span class='ocrx_word' id='word_1_130' title='bbox 197 1427 366 1489; x_wconf 81' lang='lat' dir='ltr'><strong>mercedem</strong></span> <span class='ocrx_word' id='word_1_131' title='bbox 396 1448 455 1490; x_wconf 91' lang='lat' dir='ltr'><strong>nou</strong></span> <span class='ocrx_word' id='word_1_132' title='bbox 484 1431 524 1489; x_wconf 90' lang='lat' dir='ltr'><strong>sit</strong></span> <span class='ocrx_word' id='word_1_133' title='bbox 547 1429 720 1490; x_wconf 83' lang='lat' dir='ltr'><strong>habiturus:</strong></span> <span class='ocrx_word' id='word_1_134' title='bbox 770 1426 928 1508; x_wconf 86' lang='lat' dir='ltr'><strong>diligebat,</strong></span> <span class='ocrx_word' id='word_1_135' title='bbox 947 1428 1057 1490; x_wconf 89' lang='lat' dir='ltr'><strong>Joann.</strong></span> <span class='ocrx_word' id='word_1_136' title='bbox 1074 1431 1124 1488; x_wconf 74' lang='lat'><strong>21.</strong></span> <span class='ocrx_word' id='word_1_137' title='bbox 1147 1428 1240 1508; x_wconf 80' lang='lat' dir='ltr'>Atqui</span> <span class='ocrx_word' id='word_1_138' title='bbox 1254 1447 1314 1487; x_wconf 90' lang='lat' dir='ltr'><strong>uon</strong></span> <span class='ocrx_word' id='word_1_139' title='bbox 1329 1427 1467 1488; x_wconf 85' lang='lat' dir='ltr'><strong>omuibus</strong></span> 
     </span>
     <span class='ocr_line' id='line_1_14' title="bbox 61 1513 1467 1595; baseline 0 -20"><span class='ocrx_word' id='word_1_140' title='bbox 61 1532 120 1575; x_wconf 86' lang='lat' dir='ltr'><strong>tum</strong></span> <span class='ocrx_word' id='word_1_141' title='bbox 134 1516 201 1594; x_wconf 88' lang='lat' dir='ltr'><strong>jam</strong></span> <span class='ocrx_word' id='word_1_142' title='bbox 223 1534 317 1595; x_wconf 86' lang='lat' dir='ltr'><strong>supre</strong></span> <span class='ocrx_word' id='word_1_143' title='bbox 339 1518 412 1575; x_wconf 86' lang='lat' dir='ltr'><strong>setis</strong></span> <span class='ocrx_word' id='word_1_144' title='bbox 437 1515 617 1589; x_wconf 87' lang='lat' dir='ltr'><strong>ostenderit,</strong></span> <span class='ocrx_word' id='word_1_145' title='bbox 643 1517 721 1576; x_wconf 87' lang='lat' dir='ltr'><strong>acci·</strong></span> <span class='ocrx_word' id='word_1_146' title='bbox 771 1515 876 1577; x_wconf 78' lang='lat' dir='ltr'><strong>codem</strong></span> <span class='ocrx_word' id='word_1_147' title='bbox 899 1516 1095 1576; x_wconf 83' lang='lat' dir='ltr'><strong>occurrebant</strong></span> <span class='ocrx_word' id='word_1_148' title='bbox 1114 1533 1240 1587; x_wconf 69' lang='lat' dir='ltr'><strong>musae,</strong></span> <span class='ocrx_word' id='word_1_149' title='bbox 1262 1533 1316 1574; x_wconf 87' lang='lat' dir='ltr'><strong>cur</strong></span> <span class='ocrx_word' id='word_1_150' title='bbox 1337 1513 1370 1574; x_wconf 93' lang='lat' dir='ltr'><strong>id</strong></span> <span class='ocrx_word' id='word_1_151' title='bbox 1384 1513 1467 1575; x_wconf 79' lang='lat' dir='ltr'><strong>luco·</strong></span> 
     </span>
     <span class='ocr_line' id='line_1_15' title="bbox 61 1598 1468 1685; baseline 0 -24"><span class='ocrx_word' id='word_1_152' title='bbox 61 1600 129 1663; x_wconf 80' lang='lat' dir='ltr'><strong>leudi</strong></span> <span class='ocrx_word' id='word_1_153' title='bbox 141 1603 194 1681; x_wconf 86' lang='lat' dir='ltr'><strong>jus</strong></span> <span class='ocrx_word' id='word_1_154' title='bbox 208 1622 246 1663; x_wconf 91' lang='lat' dir='ltr'><strong>ac</strong></span> <span class='ocrx_word' id='word_1_155' title='bbox 259 1610 441 1683; x_wconf 85' lang='lat' dir='ltr'><strong>potestatem</strong></span> <span class='ocrx_word' id='word_1_156' title='bbox 457 1603 517 1663; x_wconf 92' lang='lat' dir='ltr'><strong>sibi</strong></span> <span class='ocrx_word' id='word_1_157' title='bbox 531 1621 723 1685; x_wconf 71' lang='lat' dir='ltr'><strong>nequaquam</strong></span> <span class='ocrx_word' id='word_1_158' title='bbox 770 1613 838 1663; x_wconf 86' lang='lat' dir='ltr'><strong>rent</strong></span> <span class='ocrx_word' id='word_1_159' title='bbox 862 1602 944 1682; x_wconf 84' lang='lat' dir='ltr'><strong>apud</strong></span> <span class='ocrx_word' id='word_1_160' title='bbox 969 1622 1054 1676; x_wconf 89' lang='lat' dir='ltr'><strong>suos,</strong></span> <span class='ocrx_word' id='word_1_161' title='bbox 1081 1600 1161 1682; x_wconf 92' lang='lat' dir='ltr'><strong>quod</strong></span> <span class='ocrx_word' id='word_1_162' title='bbox 1184 1600 1267 1681; x_wconf 76' lang='lat' dir='ltr'><strong>apud</strong></span> <span class='ocrx_word' id='word_1_163' title='bbox 1294 1598 1468 1663; x_wconf 79' lang='lat' dir='ltr'><strong>Corinthios</strong></span> 
     </span>
     <span class='ocr_line' id='line_1_16' title="bbox 61 1686 1467 1760; baseline -0.001 -10"><span class='ocrx_word' id='word_1_164' title='bbox 61 1706 143 1750; x_wconf 82' lang='lat' dir='ltr'><strong>tssee.</strong></span> <span class='ocrx_word' id='word_1_165' title='bbox 771 1688 885 1750; x_wconf 90' lang='lat' dir='ltr'><strong>Paulus</strong></span> <span class='ocrx_word' id='word_1_166' title='bbox 900 1708 933 1749; x_wconf 87' lang='lat' dir='ltr'><strong>se</strong></span> <span class='ocrx_word' id='word_1_167' title='bbox 946 1688 1055 1750; x_wconf 82' lang='lat' dir='ltr'><strong>iecisse</strong></span> <span class='ocrx_word' id='word_1_168' title='bbox 1069 1697 1222 1749; x_wconf 75' lang='lat' dir='ltr'><strong>memoret</strong></span> <span class='ocrx_word' id='word_1_169' title='bbox 1252 1688 1318 1749; x_wconf 85' lang='lat' dir='ltr'><strong>Nec</strong></span> <span class='ocrx_word' id='word_1_170' title='bbox 1334 1686 1467 1760; x_wconf 90' lang='lat' dir='ltr'><strong>dubium,</strong></span> 
     </span>
     <span class='ocr_line' id='line_1_17' title="bbox 79 1774 1468 1858; baseline -0.002 -21"><span class='ocrx_word' id='word_1_171' title='bbox 79 1776 190 1838; x_wconf 71' lang='lat' dir='ltr'><strong>utnon</strong></span> <span class='ocrx_word' id='word_1_172' title='bbox 197 1776 315 1836; x_wconf 73' lang='lat' dir='ltr'><strong>obolos·</strong></span> <span class='ocrx_word' id='word_1_173' title='bbox 322 1785 476 1852; x_wconf 72' lang='lat' dir='ltr'><strong>potestate</strong></span> <span class='ocrx_word' id='word_1_174' title='bbox 483 1795 553 1837; x_wconf 80' lang='lat' dir='ltr'><strong>msa</strong></span> <span class='ocrx_word' id='word_1_175' title='bbox 564 1780 601 1836; x_wconf 80' lang='lat' dir='ltr'><strong>in</strong></span> <span class='ocrx_word' id='word_1_176' title='bbox 609 1777 723 1837; x_wconf 77' lang='lat' dir='ltr'><strong>Evase-</strong></span> <span class='ocrx_word' id='word_1_177' title='bbox 770 1778 845 1858; x_wconf 86' lang='lat' dir='ltr'><strong>quin</strong></span> <span class='ocrx_word' id='word_1_178' title='bbox 860 1784 892 1837; x_wconf 91' lang='lat' dir='ltr'><strong>et</strong></span> <span class='ocrx_word' id='word_1_179' title='bbox 904 1775 949 1836; x_wconf 91' lang='lat' dir='ltr'><strong>illi</strong></span> <span class='ocrx_word' id='word_1_180' title='bbox 965 1795 1022 1837; x_wconf 88' lang='lat' dir='ltr'><strong>usn</strong></span> <span class='ocrx_word' id='word_1_181' title='bbox 1035 1777 1193 1856; x_wconf 89' lang='lat' dir='ltr'><strong>potestatis</strong></span> <span class='ocrx_word' id='word_1_182' title='bbox 1212 1774 1300 1855; x_wconf 90' lang='lat' dir='ltr'><strong>hujus</strong></span> <span class='ocrx_word' id='word_1_183' title='bbox 1315 1775 1468 1836; x_wconf 83' lang='lat' dir='ltr'><strong>abstinue-</strong></span> 
     </span>
     <span class='ocr_line' id='line_1_18' title="bbox 61 1854 1467 1943; baseline 0 -21"><span class='ocrx_word' id='word_1_184' title='bbox 61 1862 115 1924; x_wconf 82' lang='lat' dir='ltr'><strong>rlio.</strong></span> <span class='ocrx_word' id='word_1_185' title='bbox 148 1861 268 1925; x_wconf 73' lang='lat' dir='ltr'><strong>Graeco</strong></span> <span class='ocrx_word' id='word_1_186' title='bbox 283 1854 330 1930; x_wconf 75' lang='lat' dir='ltr'><strong>sic</strong></span> <span class='ocrx_word' id='word_1_187' title='bbox 344 1857 379 1922; x_wconf 84' lang='grc' dir='ltr'><strong>τὸ</strong></span> <span class='ocrx_word' id='word_1_188' title='bbox 395 1857 438 1942; x_wconf 77' lang='grc' dir='ltr'><strong>μὴ</strong></span> <span class='ocrx_word' id='word_1_189' title='bbox 453 1857 722 1941; x_wconf 74' lang='grc' dir='ltr'><strong>καταχρήσασθαι,</strong></span> <span class='ocrx_word' id='word_1_190' title='bbox 771 1865 846 1937; x_wconf 91' lang='lat' dir='ltr'><strong>rint,</strong></span> <span class='ocrx_word' id='word_1_191' title='bbox 869 1862 1052 1942; x_wconf 86' lang='lat' dir='ltr'><strong>ubicumque</strong></span> <span class='ocrx_word' id='word_1_192' title='bbox 1074 1863 1197 1943; x_wconf 87' lang='lat' dir='ltr'><strong>spiritus</strong></span> <span class='ocrx_word' id='word_1_193' title='bbox 1220 1881 1256 1923; x_wconf 86' lang='lat' dir='ltr'><strong>uc</strong></span> <span class='ocrx_word' id='word_1_194' title='bbox 1276 1864 1353 1922; x_wconf 89' lang='lat' dir='ltr'><strong>ratio</strong></span> <span class='ocrx_word' id='word_1_195' title='bbox 1376 1861 1467 1922; x_wconf 83' lang='lat' dir='ltr'><strong>dicte·</strong></span> 
     </span>
     <span class='ocr_line' id='line_1_19' title="bbox 61 1948 1471 2029; baseline 0.001 -22"><span class='ocrx_word' id='word_1_196' title='bbox 61 1949 154 2011; x_wconf 75' lang='lat' dir='ltr'><strong>dison</strong></span> <span class='ocrx_word' id='word_1_197' title='bbox 176 1949 379 2011; x_wconf 75' lang='lat' dir='ltr'><strong>abutendum.</strong></span> <span class='ocrx_word' id='word_1_198' title='bbox 417 1952 576 2011; x_wconf 76' lang='lat' dir='ltr'><strong>Erasmus:</strong></span> <span class='ocrx_word' id='word_1_199' title='bbox 603 1952 644 2010; x_wconf 80' lang='lat' dir='ltr'><strong>In</strong></span> <span class='ocrx_word' id='word_1_200' title='bbox 667 1952 725 2011; x_wconf 78' lang='lat' dir='ltr'><strong>boc</strong></span> <span class='ocrx_word' id='word_1_201' title='bbox 771 1949 845 2011; x_wconf 82' lang='lat' dir='ltr'><strong>bunt</strong></span> <span class='ocrx_word' id='word_1_202' title='bbox 866 1949 1078 2010; x_wconf 70' lang='lat' dir='ltr'><strong>abstinendum</strong></span> <span class='ocrx_word' id='word_1_203' title='bbox 1102 1967 1186 2021; x_wconf 86' lang='lat' dir='ltr'><strong>csse,</strong></span> <span class='ocrx_word' id='word_1_204' title='bbox 1216 1948 1471 2029; x_wconf 88' lang='lat' dir='ltr'><strong>quemadmodum</strong></span> 
     </span>
     <span class='ocr_line' id='line_1_20' title="bbox 61 2035 1472 2118; baseline -0.001 -20"><span class='ocrx_word' id='word_1_205' title='bbox 61 2036 198 2098; x_wconf 78' lang='lat' dir='ltr'><strong>tabutas·</strong></span> <span class='ocrx_word' id='word_1_206' title='bbox 205 2080 216 2111; x_wconf 91' lang='lat'><strong>,</strong></span> <span class='ocrx_word' id='word_1_207' title='bbox 240 2045 297 2097; x_wconf 87' lang='lat' dir='ltr'><strong>etc.</strong></span> <span class='ocrx_word' id='word_1_208' title='bbox 321 2036 478 2118; x_wconf 86' lang='lat' dir='ltr'><strong>Significat</strong></span> <span class='ocrx_word' id='word_1_209' title='bbox 497 2057 577 2116; x_wconf 86' lang='lat' dir='ltr'><strong>ergo,</strong></span> <span class='ocrx_word' id='word_1_210' title='bbox 593 2056 627 2098; x_wconf 87' lang='lat' dir='ltr'><strong>se</strong></span> <span class='ocrx_word' id='word_1_211' title='bbox 643 2046 722 2098; x_wconf 76' lang='lat' dir='ltr'><strong>estc-</strong></span> <span class='ocrx_word' id='word_1_212' title='bbox 772 2036 877 2098; x_wconf 87' lang='lat' dir='ltr'><strong>Paulo.</strong></span> <span class='ocrx_word' id='word_1_213' title='bbox 901 2036 961 2117; x_wconf 78' lang='lat' dir='ltr'><strong>Qui</strong></span> <span class='ocrx_word' id='word_1_214' title='bbox 976 2038 1085 2117; x_wconf 79' lang='lat' dir='ltr'><strong>etipse</strong></span> <span class='ocrx_word' id='word_1_215' title='bbox 1103 2037 1202 2095; x_wconf 81' lang='lat' dir='ltr'><strong>censis</strong></span> <span class='ocrx_word' id='word_1_216' title='bbox 1216 2035 1391 2097; x_wconf 84' lang='lat' dir='ltr'><strong>abstinendi</strong></span> <span class='ocrx_word' id='word_1_217' title='bbox 1407 2055 1472 2097; x_wconf 82' lang='lat' dir='ltr'><strong>ocs-</strong></span> 
     </span>
     <span class='ocr_line' id='line_1_21' title="bbox 61 2121 1471 2204; baseline -0.002 -19"><span class='ocrx_word' id='word_1_218' title='bbox 61 2142 86 2185; x_wconf 86' lang='lat' dir='ltr'><strong>us</strong></span> <span class='ocrx_word' id='word_1_219' title='bbox 113 2123 209 2184; x_wconf 76' lang='lat' dir='ltr'><strong>teneri</strong></span> <span class='ocrx_word' id='word_1_220' title='bbox 238 2122 278 2184; x_wconf 83' lang='lat' dir='ltr'><strong>ad</strong></span> <span class='ocrx_word' id='word_1_221' title='bbox 307 2124 479 2203; x_wconf 80' lang='lat' dir='ltr'><strong>ponendum</strong></span> <span class='ocrx_word' id='word_1_222' title='bbox 509 2127 575 2186; x_wconf 85' lang='lat' dir='ltr'><strong>sinc</strong></span> <span class='ocrx_word' id='word_1_223' title='bbox 603 2133 724 2204; x_wconf 87' lang='lat' dir='ltr'><strong>sumptu</strong></span> <span class='ocrx_word' id='word_1_224' title='bbox 771 2123 909 2184; x_wconf 77' lang='lat' dir='ltr'><strong>sentibus</strong></span> <span class='ocrx_word' id='word_1_225' title='bbox 924 2122 1050 2183; x_wconf 77' lang='lat' dir='ltr'><strong>oliorum</strong></span> <span class='ocrx_word' id='word_1_226' title='bbox 1065 2121 1274 2202; x_wconf 77' lang='lat' dir='ltr'><strong>Apostolorum</strong></span> <span class='ocrx_word' id='word_1_227' title='bbox 1296 2141 1378 2183; x_wconf 90' lang='lat' dir='ltr'><strong>more</strong></span> <span class='ocrx_word' id='word_1_228' title='bbox 1392 2140 1471 2182; x_wconf 85' lang='lat' dir='ltr'><strong>sum-</strong></span> 
     </span>
     <span class='ocr_line' id='line_1_22' title="bbox 61 2207 1472 2291; baseline -0.001 -22"><span class='ocrx_word' id='word_1_229' title='bbox 61 2208 234 2291; x_wconf 75' lang='lat' dir='ltr'><strong>¹sangolium,</strong></span> <span class='ocrx_word' id='word_1_230' title='bbox 249 2228 288 2271; x_wconf 85' lang='lat' dir='ltr'><strong>uc</strong></span> <span class='ocrx_word' id='word_1_231' title='bbox 297 2212 329 2269; x_wconf 89' lang='lat' dir='ltr'><strong>in</strong></span> <span class='ocrx_word' id='word_1_232' title='bbox 340 2210 511 2290; x_wconf 83' lang='lat' dir='ltr'><strong>Evangelio</strong></span> <span class='ocrx_word' id='word_1_233' title='bbox 523 2210 724 2291; x_wconf 73' lang='lat' dir='ltr'><strong>praedicando</strong></span> <span class='ocrx_word' id='word_1_234' title='bbox 772 2219 843 2291; x_wconf 89' lang='lat' dir='ltr'><strong>ptus</strong></span> <span class='ocrx_word' id='word_1_235' title='bbox 853 2229 913 2270; x_wconf 91' lang='lat' dir='ltr'><strong>non</strong></span> <span class='ocrx_word' id='word_1_236' title='bbox 925 2210 1087 2286; x_wconf 59' lang='lat' dir='ltr'><strong>renuebam</strong></span> <span class='ocrx_word' id='word_1_237' title='bbox 1099 2209 1184 2268; x_wconf 88' lang='lat' dir='ltr'><strong>velut</strong></span> <span class='ocrx_word' id='word_1_238' title='bbox 1196 2207 1276 2289; x_wconf 86' lang='lat' dir='ltr'><strong>npud</strong></span> <span class='ocrx_word' id='word_1_239' title='bbox 1288 2207 1472 2270; x_wconf 70' lang='lat' dir='ltr'><strong>Macedones</strong></span> 
     </span>
     <span class='ocr_line' id='line_1_23' title="bbox 61 2297 900 2378; baseline -0.002 -19"><span class='ocrx_word' id='word_1_240' title='bbox 61 2304 177 2359; x_wconf 75' lang='lat' dir='ltr'><strong>ttsststc</strong></span> <span class='ocrx_word' id='word_1_241' title='bbox 192 2315 262 2369; x_wconf 79' lang='lat' dir='ltr'><strong>sus,</strong></span> <span class='ocrx_word' id='word_1_242' title='bbox 285 2315 346 2377; x_wconf 86' lang='lat' dir='ltr'><strong>qna</strong></span> <span class='ocrx_word' id='word_1_243' title='bbox 366 2305 502 2378; x_wconf 87' lang='lat' dir='ltr'><strong>sumptus</strong></span> <span class='ocrx_word' id='word_1_244' title='bbox 520 2301 657 2377; x_wconf 83' lang='lat' dir='ltr'><strong>occipere</strong></span> <span class='ocrx_word' id='word_1_245' title='bbox 671 2317 723 2377; x_wconf 93' lang='lat' dir='ltr'><strong>po·</strong></span> <span class='ocrx_word' id='word_1_246' title='bbox 774 2306 805 2358; x_wconf 92' lang='lat' dir='ltr'><strong>et</strong></span> <span class='ocrx_word' id='word_1_247' title='bbox 819 2297 900 2358; x_wconf 80' lang='lat' dir='ltr'><strong>alibi</strong></span> 
     </span>
    </p>

    <p class='ocr_par' dir='ltr' id='par_1_3' title="bbox 61 2380 1480 4368">
     <span class='ocr_line' id='line_1_24' title="bbox 61 2380 1471 2463; baseline -0.003 -18"><span class='ocrx_word' id='word_1_248' title='bbox 61 2392 118 2458; x_wconf 78' lang='lat' dir='ltr'><strong>nt,</strong></span> <span class='ocrx_word' id='word_1_249' title='bbox 140 2382 320 2444; x_wconf 69' lang='lat' dir='ltr'><strong>abuteretur.</strong></span> <span class='ocrx_word' id='word_1_250' title='bbox 349 2382 418 2444; x_wconf 85' lang='lat' dir='ltr'><strong>Hoc</strong></span> <span class='ocrx_word' id='word_1_251' title='bbox 433 2392 534 2444; x_wconf 89' lang='lat' dir='ltr'><strong>autem</strong></span> <span class='ocrx_word' id='word_1_252' title='bbox 548 2384 677 2456; x_wconf 81' lang='lat' dir='ltr'><strong>laceret,</strong></span> <span class='ocrx_word' id='word_1_253' title='bbox 700 2386 725 2444; x_wconf 91' lang='lat' dir='ltr'><strong>si</strong></span> <span class='ocrx_word' id='word_1_254' title='bbox 814 2386 856 2444; x_wconf 82' lang='lat' dir='ltr'><strong>At</strong></span> <span class='ocrx_word' id='word_1_255' title='bbox 870 2402 1007 2463; x_wconf 86' lang='lat' dir='ltr'><strong>quaeres,</strong></span> <span class='ocrx_word' id='word_1_256' title='bbox 1024 2380 1173 2462; x_wconf 90' lang='lat' dir='ltr'><strong>quomodo</strong></span> <span class='ocrx_word' id='word_1_257' title='bbox 1189 2381 1304 2441; x_wconf 90' lang='lat' dir='ltr'><strong>Paulus</strong></span> <span class='ocrx_word' id='word_1_258' title='bbox 1317 2400 1379 2442; x_wconf 92' lang='lat' dir='ltr'><strong>non</strong></span> <span class='ocrx_word' id='word_1_259' title='bbox 1393 2382 1471 2441; x_wconf 80' lang='lat' dir='ltr'><strong>soci·</strong></span> 
     </span>
     <span class='ocr_line' id='line_1_25' title="bbox 61 2467 1475 2551; baseline -0.004 -19"><span class='ocrx_word' id='word_1_260' title='bbox 61 2473 139 2532; x_wconf 79' lang='lat' dir='ltr'><strong>mim</strong></span> <span class='ocrx_word' id='word_1_261' title='bbox 155 2478 186 2530; x_wconf 87' lang='lat' dir='ltr'><strong>et</strong></span> <span class='ocrx_word' id='word_1_262' title='bbox 207 2470 410 2532; x_wconf 75' lang='lat' dir='ltr'><strong>indifferenter</strong></span> <span class='ocrx_word' id='word_1_263' title='bbox 425 2470 506 2550; x_wconf 83' lang='lat' dir='ltr'><strong>apud</strong></span> <span class='ocrx_word' id='word_1_264' title='bbox 522 2490 725 2550; x_wconf 80' lang='lat' dir='ltr'><strong>quoscumque</strong></span> <span class='ocrx_word' id='word_1_265' title='bbox 772 2470 882 2551; x_wconf 85' lang='lat' dir='ltr'><strong>piondo</strong></span> <span class='ocrx_word' id='word_1_266' title='bbox 909 2478 1060 2550; x_wconf 77' lang='lat' dir='ltr'><strong>cumptum</strong></span> <span class='ocrx_word' id='word_1_267' title='bbox 1083 2488 1122 2530; x_wconf 84' lang='lat' dir='ltr'><strong>cx</strong></span> <span class='ocrx_word' id='word_1_268' title='bbox 1148 2467 1336 2549; x_wconf 73' lang='lat' dir='ltr'><strong>Evangelio,</strong></span> <span class='ocrx_word' id='word_1_269' title='bbox 1365 2467 1475 2530; x_wconf 75' lang='lat' dir='ltr'><strong>locent</strong></span> 
     </span>
     <span class='ocr_line' id='line_1_26' title="bbox 61 2554 1474 2638; baseline -0.003 -19"><span class='ocrx_word' id='word_1_270' title='bbox 61 2556 234 2630; x_wconf 75' lang='lat' dir='ltr'><strong>medicarct,</strong></span> <span class='ocrx_word' id='word_1_271' title='bbox 264 2566 402 2637; x_wconf 87' lang='lat' dir='ltr'><strong>sumptus</strong></span> <span class='ocrx_word' id='word_1_272' title='bbox 431 2560 590 2637; x_wconf 77' lang='lat' dir='ltr'><strong>acciperet</strong></span> <span class='ocrx_word' id='word_1_273' title='bbox 636 2556 725 2617; x_wconf 87' lang='lat' dir='ltr'><strong>Unde</strong></span> <span class='ocrx_word' id='word_1_274' title='bbox 774 2577 849 2638; x_wconf 92' lang='lat' dir='ltr'><strong>opus</strong></span> <span class='ocrx_word' id='word_1_275' title='bbox 866 2557 1150 2638; x_wconf 82' lang='lat' dir='ltr'><strong>supererogationis,</strong></span> <span class='ocrx_word' id='word_1_276' title='bbox 1167 2557 1192 2619; x_wconf 91' lang='lat' dir='ltr'><strong>si</strong></span> <span class='ocrx_word' id='word_1_277' title='bbox 1203 2554 1243 2615; x_wconf 78' lang='lat' dir='ltr'><strong>sd</strong></span> <span class='ocrx_word' id='word_1_278' title='bbox 1256 2575 1315 2615; x_wconf 91' lang='lat' dir='ltr'><strong>non</strong></span> <span class='ocrx_word' id='word_1_279' title='bbox 1327 2556 1474 2636; x_wconf 88' lang='lat' dir='ltr'><strong>accipien-</strong></span> 
     </span>
     <span class='ocr_line' id='line_1_27' title="bbox 61 2641 1474 2720; baseline -0.004 -15"><span class='ocrx_word' id='word_1_280' title='bbox 61 2643 203 2705; x_wconf 78' lang='lat' dir='ltr'><strong>uitalibi:</strong></span> <span class='ocrx_word' id='word_1_281' title='bbox 225 2644 343 2706; x_wconf 80' lang='lat' dir='ltr'><strong>Omnia</strong></span> <span class='ocrx_word' id='word_1_282' title='bbox 357 2645 435 2704; x_wconf 81' lang='lat' dir='ltr'><strong>mibi</strong></span> <span class='ocrx_word' id='word_1_283' title='bbox 451 2645 547 2704; x_wconf 80' lang='lat' dir='ltr'><strong>licent</strong></span> <span class='ocrx_word' id='word_1_284' title='bbox 553 2689 564 2720; x_wconf 88' lang='lat'><strong>,</strong></span> <span class='ocrx_word' id='word_1_285' title='bbox 588 2645 725 2705; x_wconf 77' lang='lat' dir='ltr'><strong>sednon</strong></span> <span class='ocrx_word' id='word_1_286' title='bbox 773 2643 845 2705; x_wconf 88' lang='lat' dir='ltr'><strong>dum</strong></span> <span class='ocrx_word' id='word_1_287' title='bbox 871 2642 992 2705; x_wconf 80' lang='lat' dir='ltr'><strong>vinculo</strong></span> <span class='ocrx_word' id='word_1_288' title='bbox 1019 2643 1127 2703; x_wconf 88' lang='lat' dir='ltr'><strong>saltem</strong></span> <span class='ocrx_word' id='word_1_289' title='bbox 1153 2642 1286 2703; x_wconf 78' lang='lat' dir='ltr'><strong>caritatis</strong></span> <span class='ocrx_word' id='word_1_290' title='bbox 1312 2641 1474 2703; x_wconf 88' lang='lat' dir='ltr'><strong>obstrictus</strong></span> 
     </span>
     <span class='ocr_line' id='line_1_28' title="bbox 61 2727 1480 2807; baseline -0.004 -14"><span class='ocrx_word' id='word_1_291' title='bbox 61 2734 137 2793; x_wconf 76' lang='lat' dir='ltr'><strong>stulu</strong></span> <span class='ocrx_word' id='word_1_292' title='bbox 160 2731 351 2807; x_wconf 61' lang='lat' dir='ltr'><strong>expediunt,</strong></span> <span class='ocrx_word' id='word_1_293' title='bbox 379 2730 551 2791; x_wconf 85' lang='lat' dir='ltr'><strong>etiterum:</strong></span> <span class='ocrx_word' id='word_1_294' title='bbox 578 2732 631 2792; x_wconf 81' lang='lat' dir='ltr'><strong>scd</strong></span> <span class='ocrx_word' id='word_1_295' title='bbox 656 2749 724 2791; x_wconf 78' lang='lat' dir='ltr'><strong>non</strong></span> <span class='ocrx_word' id='word_1_296' title='bbox 773 2739 855 2805; x_wconf 82' lang='lat' dir='ltr'><strong>cret3</strong></span> <span class='ocrx_word' id='word_1_297' title='bbox 870 2749 909 2791; x_wconf 85' lang='lat' dir='ltr'><strong>nc</strong></span> <span class='ocrx_word' id='word_1_298' title='bbox 925 2729 977 2791; x_wconf 85' lang='lat' dir='ltr'><strong>vel</strong></span> <span class='ocrx_word' id='word_1_299' title='bbox 992 2727 1407 2803; x_wconf 77' lang='lat' dir='ltr'><strong>scsndalumdsratinfirmis‚</strong></span> <span class='ocrx_word' id='word_1_300' title='bbox 1421 2727 1480 2788; x_wconf 75' lang='lat' dir='ltr'><strong>scl-</strong></span> 
     </span>
     <span class='ocr_line' id='line_1_29' title="bbox 61 2814 1472 2897; baseline -0.004 -18"><span class='ocrx_word' id='word_1_301' title='bbox 61 2820 137 2879; x_wconf 65' lang='grc' dir='ltr'><strong>Μία</strong></span> <span class='ocrx_word' id='word_1_302' title='bbox 152 2816 344 2894; x_wconf 69' lang='lat' dir='ltr'><strong>aedificant,</strong></span> <span class='ocrx_word' id='word_1_303' title='bbox 372 2836 461 2897; x_wconf 70' lang='lat' dir='ltr'><strong>supra</strong></span> <span class='ocrx_word' id='word_1_304' title='bbox 476 2837 540 2896; x_wconf 79' lang='lat' dir='ltr'><strong>cup.</strong></span> <span class='ocrx_word' id='word_1_305' title='bbox 556 2821 585 2879; x_wconf 88' lang='lat'><strong>6.</strong></span> <span class='ocrx_word' id='word_1_306' title='bbox 602 2827 632 2878; x_wconf 87' lang='lat' dir='ltr'><strong>ct</strong></span> <span class='ocrx_word' id='word_1_307' title='bbox 647 2816 726 2878; x_wconf 75' lang='lat' dir='ltr'><strong>inira</strong></span> <span class='ocrx_word' id='word_1_308' title='bbox 774 2819 962 2878; x_wconf 87' lang='lat' dir='ltr'><strong>occasionem</strong></span> <span class='ocrx_word' id='word_1_309' title='bbox 977 2817 1162 2895; x_wconf 80' lang='lat' dir='ltr'><strong>relinqueret</strong></span> <span class='ocrx_word' id='word_1_310' title='bbox 1183 2814 1346 2876; x_wconf 85' lang='lat' dir='ltr'><strong>sdversum</strong></span> <span class='ocrx_word' id='word_1_311' title='bbox 1360 2832 1395 2876; x_wconf 84' lang='lat' dir='ltr'><strong>se</strong></span> <span class='ocrx_word' id='word_1_312' title='bbox 1409 2814 1472 2897; x_wconf 85' lang='lat' dir='ltr'><strong>glo·</strong></span> 
     </span>
     <span class='ocr_line' id='line_1_30' title="bbox 61 2901 1473 2985; baseline -0.002 -20"><span class='ocrx_word' id='word_1_313' title='bbox 61 2922 91 2985; x_wconf 79' lang='lat' dir='ltr'><strong>p.</strong></span> <span class='ocrx_word' id='word_1_314' title='bbox 119 2904 170 2965; x_wconf 89' lang='grc'><strong>10.</strong></span> <span class='ocrx_word' id='word_1_315' title='bbox 203 2903 301 2963; x_wconf 71' lang='lat' dir='ltr'><strong>Multa</strong></span> <span class='ocrx_word' id='word_1_316' title='bbox 329 2922 459 2983; x_wconf 84' lang='lat' dir='ltr'><strong>numque</strong></span> <span class='ocrx_word' id='word_1_317' title='bbox 487 2905 569 2964; x_wconf 89' lang='lat' dir='ltr'><strong>licita</strong></span> <span class='ocrx_word' id='word_1_318' title='bbox 599 2913 670 2966; x_wconf 91' lang='lat' dir='ltr'><strong>sunt</strong></span> <span class='ocrx_word' id='word_1_319' title='bbox 694 2905 726 2963; x_wconf 91' lang='lat' dir='ltr'><strong>in</strong></span> <span class='ocrx_word' id='word_1_320' title='bbox 773 2903 871 2965; x_wconf 72' lang='lat' dir='ltr'><strong>ricndi</strong></span> <span class='ocrx_word' id='word_1_321' title='bbox 896 2901 1160 2983; x_wconf 82' lang='lat' dir='ltr'><strong>pseudapostolis?</strong></span> <span class='ocrx_word' id='word_1_322' title='bbox 1192 2902 1395 2980; x_wconf 69' lang='lat' dir='ltr'><strong>Respondes,</strong></span> <span class='ocrx_word' id='word_1_323' title='bbox 1425 2920 1473 2962; x_wconf 89' lang='lat' dir='ltr'><strong>su·</strong></span> 
     </span>
     <span class='ocr_line' id='line_1_31' title="bbox 61 2987 1473 3071; baseline -0.003 -20"><span class='ocrx_word' id='word_1_324' title='bbox 61 3008 152 3065; x_wconf 78' lang='lat' dir='ltr'><strong>murs,</strong></span> <span class='ocrx_word' id='word_1_325' title='bbox 178 3008 259 3070; x_wconf 88' lang='lat' dir='ltr'><strong>quae</strong></span> <span class='ocrx_word' id='word_1_326' title='bbox 284 2989 366 3051; x_wconf 89' lang='lat' dir='ltr'><strong>nullo</strong></span> <span class='ocrx_word' id='word_1_327' title='bbox 396 3000 555 3071; x_wconf 70' lang='lat' dir='ltr'><strong>praecepto</strong></span> <span class='ocrx_word' id='word_1_328' title='bbox 585 2991 725 3071; x_wconf 83' lang='lat' dir='ltr'><strong>leguntur</strong></span> <span class='ocrx_word' id='word_1_329' title='bbox 773 2991 1010 3071; x_wconf 87' lang='lat' dir='ltr'><strong>pererogutionis</strong></span> <span class='ocrx_word' id='word_1_330' title='bbox 1025 3009 1101 3070; x_wconf 92' lang='lat' dir='ltr'><strong>opus</strong></span> <span class='ocrx_word' id='word_1_331' title='bbox 1117 2988 1192 3062; x_wconf 92' lang='lat' dir='ltr'><strong>dici,</strong></span> <span class='ocrx_word' id='word_1_332' title='bbox 1207 3009 1268 3050; x_wconf 92' lang='lat' dir='ltr'><strong>non</strong></span> <span class='ocrx_word' id='word_1_333' title='bbox 1283 2989 1379 3070; x_wconf 88' lang='lat' dir='ltr'><strong>quod,</strong></span> <span class='ocrx_word' id='word_1_334' title='bbox 1400 2987 1473 3049; x_wconf 89' lang='lat' dir='ltr'><strong>dum</strong></span> 
     </span>
     <span class='ocr_line' id='line_1_32' title="bbox 61 3074 1473 3157; baseline -0.003 -20"><span class='ocrx_word' id='word_1_335' title='bbox 61 3076 197 3152; x_wconf 79' lang='lat' dir='ltr'><strong>ulribits3</strong></span> <span class='ocrx_word' id='word_1_336' title='bbox 209 3096 289 3157; x_wconf 86' lang='lat' dir='ltr'><strong>quac</strong></span> <span class='ocrx_word' id='word_1_337' title='bbox 301 3085 400 3137; x_wconf 71' lang='lat' dir='ltr'><strong>umen</strong></span> <span class='ocrx_word' id='word_1_338' title='bbox 412 3078 443 3136; x_wconf 92' lang='lat' dir='ltr'><strong>iu</strong></span> <span class='ocrx_word' id='word_1_339' title='bbox 453 3078 627 3154; x_wconf 75' lang='lat' dir='ltr'><strong>particulari</strong></span> <span class='ocrx_word' id='word_1_340' title='bbox 634 3095 726 3156; x_wconf 85' lang='lat' dir='ltr'><strong>ssepc</strong></span> <span class='ocrx_word' id='word_1_341' title='bbox 774 3077 825 3148; x_wconf 84' lang='lat' dir='ltr'><strong>lit,</strong></span> <span class='ocrx_word' id='word_1_342' title='bbox 839 3076 952 3137; x_wconf 79' lang='lat' dir='ltr'><strong>nullum</strong></span> <span class='ocrx_word' id='word_1_343' title='bbox 966 3077 1017 3138; x_wconf 83' lang='lat' dir='ltr'><strong>vel</strong></span> <span class='ocrx_word' id='word_1_344' title='bbox 1032 3077 1183 3137; x_wconf 89' lang='lat' dir='ltr'><strong>minimam</strong></span> <span class='ocrx_word' id='word_1_345' title='bbox 1199 3095 1237 3136; x_wconf 84' lang='lat' dir='ltr'><strong>ex</strong></span> <span class='ocrx_word' id='word_1_346' title='bbox 1254 3075 1324 3157; x_wconf 86' lang='lat' dir='ltr'><strong>lege</strong></span> <span class='ocrx_word' id='word_1_347' title='bbox 1339 3074 1473 3135; x_wconf 71' lang='lat' dir='ltr'><strong>caritatis</strong></span> 
     </span>
     <span class='ocr_line' id='line_1_33' title="bbox 61 3160 1472 3242; baseline -0.004 -18"><span class='ocrx_word' id='word_1_348' title='bbox 61 3160 191 3225; x_wconf 80' lang='lat' dir='ltr'><strong>dduntur</strong></span> <span class='ocrx_word' id='word_1_349' title='bbox 213 3162 332 3235; x_wconf 83' lang='lat' dir='ltr'><strong>illicita,</strong></span> <span class='ocrx_word' id='word_1_350' title='bbox 363 3182 418 3224; x_wconf 88' lang='lat' dir='ltr'><strong>scu</strong></span> <span class='ocrx_word' id='word_1_351' title='bbox 444 3172 569 3242; x_wconf 89' lang='lat' dir='ltr'><strong>propter</strong></span> <span class='ocrx_word' id='word_1_352' title='bbox 591 3162 725 3225; x_wconf 68' lang='lat' dir='ltr'><strong>scandali</strong></span> <span class='ocrx_word' id='word_1_353' title='bbox 774 3163 988 3242; x_wconf 77' lang='lat' dir='ltr'><strong>obligationem</strong></span> <span class='ocrx_word' id='word_1_354' title='bbox 1002 3162 1108 3223; x_wconf 76' lang='lat' dir='ltr'><strong>hebet:</strong></span> <span class='ocrx_word' id='word_1_355' title='bbox 1131 3160 1187 3222; x_wconf 87' lang='lat' dir='ltr'><strong>scd</strong></span> <span class='ocrx_word' id='word_1_356' title='bbox 1201 3162 1283 3242; x_wconf 88' lang='lat' dir='ltr'><strong>quod</strong></span> <span class='ocrx_word' id='word_1_357' title='bbox 1297 3162 1472 3241; x_wconf 81' lang='lat' dir='ltr'><strong>simpliciter</strong></span> 
     </span>
     <span class='ocr_line' id='line_1_34' title="bbox 61 3248 1470 3330; baseline -0.004 -19"><span class='ocrx_word' id='word_1_358' title='bbox 61 3249 207 3321; x_wconf 77' lang='lat' dir='ltr'><strong>siculum,</strong></span> <span class='ocrx_word' id='word_1_359' title='bbox 222 3268 275 3310; x_wconf 88' lang='lat' dir='ltr'><strong>seu</strong></span> <span class='ocrx_word' id='word_1_360' title='bbox 291 3258 412 3330; x_wconf 85' lang='lat' dir='ltr'><strong>proptor</strong></span> <span class='ocrx_word' id='word_1_361' title='bbox 427 3249 519 3310; x_wconf 87' lang='lat' dir='ltr'><strong>uliud.</strong></span> <span class='ocrx_word' id='word_1_362' title='bbox 773 3269 809 3310; x_wconf 84' lang='lat' dir='ltr'><strong>nc</strong></span> <span class='ocrx_word' id='word_1_363' title='bbox 823 3248 903 3309; x_wconf 82' lang='lat' dir='ltr'><strong>nudo</strong></span> <span class='ocrx_word' id='word_1_364' title='bbox 918 3248 1140 3309; x_wconf 76' lang='lat' dir='ltr'><strong>consideratum</strong></span> <span class='ocrx_word' id='word_1_365' title='bbox 1166 3268 1226 3309; x_wconf 91' lang='lat' dir='ltr'><strong>non</strong></span> <span class='ocrx_word' id='word_1_366' title='bbox 1246 3256 1293 3308; x_wconf 87' lang='lat' dir='ltr'><strong>cst</strong></span> <span class='ocrx_word' id='word_1_367' title='bbox 1306 3248 1470 3329; x_wconf 73' lang='lat' dir='ltr'><strong>praecepti,</strong></span> 
     </span>
     <span class='ocr_line' id='line_1_35' title="bbox 68 3333 1473 3417; baseline -0.003 -20"><span class='ocrx_word' id='word_1_368' title='bbox 68 3335 152 3397; x_wconf 83' lang='lat' dir='ltr'><strong>Huic</strong></span> <span class='ocrx_word' id='word_1_369' title='bbox 165 3337 266 3395; x_wconf 85' lang='lat' dir='ltr'><strong>sensui</strong></span> <span class='ocrx_word' id='word_1_370' title='bbox 282 3335 373 3414; x_wconf 88' lang='lat' dir='ltr'><strong>plsnc</strong></span> <span class='ocrx_word' id='word_1_371' title='bbox 387 3335 570 3417; x_wconf 86' lang='lat' dir='ltr'><strong>respondent</strong></span> <span class='ocrx_word' id='word_1_372' title='bbox 585 3355 631 3406; x_wconf 86' lang='lat' dir='ltr'><strong>cu,</strong></span> <span class='ocrx_word' id='word_1_373' title='bbox 646 3354 725 3416; x_wconf 77' lang='lat' dir='ltr'><strong>queo</strong></span> <span class='ocrx_word' id='word_1_374' title='bbox 774 3334 828 3397; x_wconf 87' lang='lat' dir='ltr'><strong>sed</strong></span> <span class='ocrx_word' id='word_1_375' title='bbox 851 3336 983 3397; x_wconf 89' lang='lat' dir='ltr'><strong>consilii:</strong></span> <span class='ocrx_word' id='word_1_376' title='bbox 1006 3335 1075 3396; x_wconf 87' lang='lat' dir='ltr'><strong>licet</strong></span> <span class='ocrx_word' id='word_1_377' title='bbox 1098 3353 1138 3396; x_wconf 85' lang='lat' dir='ltr'><strong>ex</strong></span> <span class='ocrx_word' id='word_1_378' title='bbox 1161 3335 1392 3395; x_wconf 70' lang='lat' dir='ltr'><strong>circumstantiis</strong></span> <span class='ocrx_word' id='word_1_379' title='bbox 1417 3333 1473 3394; x_wconf 83' lang='lat' dir='ltr'><strong>sli-</strong></span> 
     </span>
     <span class='ocr_line' id='line_1_36' title="bbox 61 3423 1473 3505; baseline -0.001 -23"><span class='ocrx_word' id='word_1_380' title='bbox 61 3430 198 3505; x_wconf 71' lang='lat' dir='ltr'><strong>qunutur.</strong></span> <span class='ocrx_word' id='word_1_381' title='bbox 235 3423 287 3482; x_wconf 75' lang='lat' dir='ltr'><strong>lix</strong></span> <span class='ocrx_word' id='word_1_382' title='bbox 313 3442 374 3501; x_wconf 92' lang='lat' dir='ltr'><strong>quo</strong></span> <span class='ocrx_word' id='word_1_383' title='bbox 401 3423 475 3484; x_wconf 91' lang='lat' dir='ltr'><strong>illud</strong></span> <span class='ocrx_word' id='word_1_384' title='bbox 502 3425 593 3486; x_wconf 83' lang='lat' dir='ltr'><strong>etism</strong></span> <span class='ocrx_word' id='word_1_385' title='bbox 618 3423 725 3501; x_wconf 81' lang='lat' dir='ltr'><strong>liquot,</strong></span> <span class='ocrx_word' id='word_1_386' title='bbox 773 3441 877 3503; x_wconf 80' lang='lat' dir='ltr'><strong>quum,</strong></span> <span class='ocrx_word' id='word_1_387' title='bbox 911 3442 992 3483; x_wconf 89' lang='lat' dir='ltr'><strong>nunc</strong></span> <span class='ocrx_word' id='word_1_388' title='bbox 1021 3423 1183 3500; x_wconf 79' lang='lat' dir='ltr'><strong>majorem,</strong></span> <span class='ocrx_word' id='word_1_389' title='bbox 1220 3441 1299 3482; x_wconf 89' lang='lat' dir='ltr'><strong>nunc</strong></span> <span class='ocrx_word' id='word_1_390' title='bbox 1327 3423 1473 3483; x_wconf 84' lang='lat' dir='ltr'><strong>minorem</strong></span> 
     </span>
     <span class='ocr_line' id='line_1_37' title="bbox 61 3507 1475 3590; baseline -0.001 -21"><span class='ocrx_word' id='word_1_391' title='bbox 61 3508 177 3571; x_wconf 82' lang='lat' dir='ltr'><strong>iomodo</strong></span> <span class='ocrx_word' id='word_1_392' title='bbox 201 3511 356 3588; x_wconf 80' lang='lat' dir='ltr'><strong>negaverit</strong></span> <span class='ocrx_word' id='word_1_393' title='bbox 370 3508 542 3589; x_wconf 77' lang='lat' dir='ltr'><strong>Apostolus,</strong></span> <span class='ocrx_word' id='word_1_394' title='bbox 559 3528 592 3570; x_wconf 89' lang='lat' dir='ltr'><strong>se</strong></span> <span class='ocrx_word' id='word_1_395' title='bbox 606 3508 724 3569; x_wconf 90' lang='lat' dir='ltr'><strong>babitu·</strong></span> <span class='ocrx_word' id='word_1_396' title='bbox 774 3509 903 3586; x_wconf 86' lang='lat' dir='ltr'><strong>accipiat</strong></span> <span class='ocrx_word' id='word_1_397' title='bbox 917 3509 1145 3588; x_wconf 85' lang='lat' dir='ltr'><strong>obligationem,</strong></span> <span class='ocrx_word' id='word_1_398' title='bbox 1171 3507 1427 3590; x_wconf 72' lang='lat' dir='ltr'><strong>quemadmodum</strong></span> <span class='ocrx_word' id='word_1_399' title='bbox 1442 3514 1475 3567; x_wconf 84' lang='lat' dir='ltr'><strong>ct</strong></span> 
     </span>
     <span class='ocr_line' id='line_1_38' title="bbox 61 3593 1474 3676; baseline -0.002 -19"><span class='ocrx_word' id='word_1_400' title='bbox 61 3618 90 3657; x_wconf 90' lang='lat' dir='ltr'><strong>m</strong></span> <span class='ocrx_word' id='word_1_401' title='bbox 103 3595 291 3666; x_wconf 83' lang='lat' dir='ltr'><strong>mercedem,</strong></span> <span class='ocrx_word' id='word_1_402' title='bbox 315 3597 340 3656; x_wconf 70' lang='lat' dir='ltr'><strong>si</strong></span> <span class='ocrx_word' id='word_1_403' title='bbox 356 3606 504 3676; x_wconf 88' lang='lat' dir='ltr'><strong>sumptum</strong></span> <span class='ocrx_word' id='word_1_404' title='bbox 529 3618 567 3657; x_wconf 85' lang='lat' dir='ltr'><strong>ox</strong></span> <span class='ocrx_word' id='word_1_405' title='bbox 583 3596 725 3674; x_wconf 81' lang='lat' dir='ltr'><strong>Evangc·</strong></span> <span class='ocrx_word' id='word_1_406' title='bbox 774 3614 828 3675; x_wconf 87' lang='lat' dir='ltr'><strong>per</strong></span> <span class='ocrx_word' id='word_1_407' title='bbox 839 3595 1076 3655; x_wconf 81' lang='lat' dir='ltr'><strong>circumstantius</strong></span> <span class='ocrx_word' id='word_1_408' title='bbox 1088 3595 1213 3655; x_wconf 79' lang='lat' dir='ltr'><strong>vitiatur</strong></span> <span class='ocrx_word' id='word_1_409' title='bbox 1221 3594 1379 3656; x_wconf 83' lang='lat' dir='ltr'><strong>interdum.</strong></span> <span class='ocrx_word' id='word_1_410' title='bbox 1393 3593 1474 3655; x_wconf 82' lang='lat' dir='ltr'><strong>Tele</strong></span> 
     </span>
     <span class='ocr_line' id='line_1_39' title="bbox 61 3680 1474 3762; baseline 0 -21"><span class='ocrx_word' id='word_1_411' title='bbox 61 3684 222 3762; x_wconf 71' lang='lat' dir='ltr'><strong>›accipiat</strong></span> <span class='ocrx_word' id='word_1_412' title='bbox 260 3682 338 3743; x_wconf 80' lang='lat' dir='ltr'><strong>Num</strong></span> <span class='ocrx_word' id='word_1_413' title='bbox 357 3685 383 3744; x_wconf 91' lang='lat' dir='ltr'><strong>si</strong></span> <span class='ocrx_word' id='word_1_414' title='bbox 405 3704 467 3744; x_wconf 89' lang='lat' dir='ltr'><strong>non</strong></span> <span class='ocrx_word' id='word_1_415' title='bbox 485 3684 587 3746; x_wconf 79' lang='lat' dir='ltr'><strong>habita</strong></span> <span class='ocrx_word' id='word_1_416' title='bbox 610 3683 724 3744; x_wconf 84' lang='lat' dir='ltr'><strong>rationo</strong></span> <span class='ocrx_word' id='word_1_417' title='bbox 774 3690 840 3743; x_wconf 88' lang='lat' dir='ltr'><strong>crat</strong></span> <span class='ocrx_word' id='word_1_418' title='bbox 855 3683 920 3742; x_wconf 89' lang='lat' dir='ltr'><strong>siue</strong></span> <span class='ocrx_word' id='word_1_419' title='bbox 935 3690 1057 3762; x_wconf 90' lang='lat' dir='ltr'><strong>sumptu</strong></span> <span class='ocrx_word' id='word_1_420' title='bbox 1069 3701 1182 3761; x_wconf 85' lang='lat' dir='ltr'><strong>ponsrc</strong></span> <span class='ocrx_word' id='word_1_421' title='bbox 1194 3682 1408 3761; x_wconf 81' lang='lat' dir='ltr'><strong>Evangelium.</strong></span> <span class='ocrx_word' id='word_1_422' title='bbox 1424 3680 1474 3741; x_wconf 87' lang='lat' dir='ltr'><strong>De</strong></span> 
     </span>
     <span class='ocr_line' id='line_1_40' title="bbox 61 3767 1476 3850; baseline -0.003 -19"><span class='ocrx_word' id='word_1_423' title='bbox 61 3769 179 3831; x_wconf 72' lang='lat' dir='ltr'><strong>ciectus</strong></span> <span class='ocrx_word' id='word_1_424' title='bbox 201 3769 364 3848; x_wconf 70' lang='lat' dir='ltr'><strong>Evangelii</strong></span> <span class='ocrx_word' id='word_1_425' title='bbox 389 3773 457 3849; x_wconf 88' lang='lat' dir='ltr'><strong>quis</strong></span> <span class='ocrx_word' id='word_1_426' title='bbox 478 3779 597 3850; x_wconf 87' lang='lat' dir='ltr'><strong>sumptu</strong></span> <span class='ocrx_word' id='word_1_427' title='bbox 620 3779 727 3849; x_wconf 82' lang='lat' dir='ltr'><strong>gravet</strong></span> <span class='ocrx_word' id='word_1_428' title='bbox 774 3789 836 3850; x_wconf 90' lang='lat' dir='ltr'><strong>quo</strong></span> <span class='ocrx_word' id='word_1_429' title='bbox 851 3768 965 3830; x_wconf 78' lang='lat' dir='ltr'><strong>Paulus</strong></span> <span class='ocrx_word' id='word_1_430' title='bbox 979 3770 1044 3830; x_wconf 75' lang='lat' dir='ltr'><strong>Act</strong></span> <span class='ocrx_word' id='word_1_431' title='bbox 1063 3770 1112 3830; x_wconf 78' lang='lat'><strong>20.</strong></span> <span class='ocrx_word' id='word_1_432' title='bbox 1134 3768 1175 3828; x_wconf 82' lang='lat' dir='ltr'><strong>sd</strong></span> <span class='ocrx_word' id='word_1_433' title='bbox 1196 3769 1367 3848; x_wconf 83' lang='lat' dir='ltr'><strong>Episcopus</strong></span> <span class='ocrx_word' id='word_1_434' title='bbox 1381 3767 1476 3829; x_wconf 79' lang='lat' dir='ltr'><strong>Asiae</strong></span> 
     </span>
     <span class='ocr_line' id='line_1_41' title="bbox 61 3855 1475 3932; baseline -0.001 -16"><span class='ocrx_word' id='word_1_435' title='bbox 61 3855 186 3929; x_wconf 78' lang='lat' dir='ltr'><strong>iditurcs,</strong></span> <span class='ocrx_word' id='word_1_436' title='bbox 202 3875 258 3916; x_wconf 87' lang='lat' dir='ltr'><strong>ncc</strong></span> <span class='ocrx_word' id='word_1_437' title='bbox 270 3855 453 3916; x_wconf 88' lang='lat' dir='ltr'><strong>infirmorum</strong></span> <span class='ocrx_word' id='word_1_438' title='bbox 467 3857 610 3917; x_wconf 84' lang='lat' dir='ltr'><strong>scsudsle</strong></span> <span class='ocrx_word' id='word_1_439' title='bbox 626 3865 725 3930; x_wconf 79' lang='lat' dir='ltr'><strong>curst3</strong></span> <span class='ocrx_word' id='word_1_440' title='bbox 774 3859 817 3917; x_wconf 91' lang='lat' dir='ltr'><strong>sic</strong></span> <span class='ocrx_word' id='word_1_441' title='bbox 832 3857 890 3916; x_wconf 85' lang='lat' dir='ltr'><strong>sit:</strong></span> <span class='ocrx_word' id='word_1_442' title='bbox 926 3859 1043 3919; x_wconf 80' lang='lat' dir='ltr'><strong>Omnia</strong></span> <span class='ocrx_word' id='word_1_443' title='bbox 1058 3856 1184 3917; x_wconf 73' lang='lat' dir='ltr'><strong>ostendi</strong></span> <span class='ocrx_word' id='word_1_444' title='bbox 1199 3856 1304 3930; x_wconf 67' lang='lat' dir='ltr'><strong>votis,</strong></span> <span class='ocrx_word' id='word_1_445' title='bbox 1320 3856 1475 3932; x_wconf 70' lang='lat' dir='ltr'><strong>quoniam</strong></span> 
     </span>
     <span class='ocr_line' id='line_1_42' title="bbox 82 3941 1472 4025; baseline -0.001 -23"><span class='ocrx_word' id='word_1_446' title='bbox 82 3945 191 4025; x_wconf 83' lang='lat' dir='ltr'><strong>utiquc</strong></span> <span class='ocrx_word' id='word_1_447' title='bbox 217 3963 276 4003; x_wconf 91' lang='lat' dir='ltr'><strong>uon</strong></span> <span class='ocrx_word' id='word_1_448' title='bbox 302 3943 408 4002; x_wconf 85' lang='lat' dir='ltr'><strong>volens</strong></span> <span class='ocrx_word' id='word_1_449' title='bbox 436 3944 637 4024; x_wconf 74' lang='lat' dir='ltr'><strong>evangelizet,</strong></span> <span class='ocrx_word' id='word_1_450' title='bbox 672 3941 724 4002; x_wconf 87' lang='lat' dir='ltr'><strong>sed</strong></span> <span class='ocrx_word' id='word_1_451' title='bbox 774 3942 1472 4020; x_wconf 74' lang='lat' dir='ltr'><strong>sicloborontcsoportetsosot’pcreinfirmoa.</strong></span> 
     </span>
     <span class='ocr_line' id='line_1_43' title="bbox 61 4026 1474 4112; baseline -0.004 -21"><span class='ocrx_word' id='word_1_452' title='bbox 61 4032 152 4100; x_wconf 78' lang='lat' dir='ltr'><strong>ritus,</strong></span> <span class='ocrx_word' id='word_1_453' title='bbox 170 4030 262 4108; x_wconf 85' lang='lat' dir='ltr'><strong>juxta</strong></span> <span class='ocrx_word' id='word_1_454' title='bbox 285 4032 471 4110; x_wconf 86' lang='lat' dir='ltr'><strong>superiorem</strong></span> <span class='ocrx_word' id='word_1_455' title='bbox 498 4032 724 4112; x_wconf 84' lang='lat' dir='ltr'><strong>expositionem.</strong></span> <span class='ocrx_word' id='word_1_456' title='bbox 773 4029 862 4103; x_wconf 88' lang='lat' dir='ltr'><strong>Vido,</strong></span> <span class='ocrx_word' id='word_1_457' title='bbox 879 4051 958 4110; x_wconf 86' lang='lat' dir='ltr'><strong>qnae</strong></span> <span class='ocrx_word' id='word_1_458' title='bbox 973 4031 1012 4092; x_wconf 85' lang='lat' dir='ltr'><strong>de</strong></span> <span class='ocrx_word' id='word_1_459' title='bbox 1027 4030 1195 4109; x_wconf 87' lang='lat' dir='ltr'><strong>hujusmodi</strong></span> <span class='ocrx_word' id='word_1_460' title='bbox 1210 4028 1351 4109; x_wconf 90' lang='lat' dir='ltr'><strong>operibns</strong></span> <span class='ocrx_word' id='word_1_461' title='bbox 1366 4026 1474 4089; x_wconf 89' lang='lat' dir='ltr'><strong>scribit</strong></span> 
     </span>
     <span class='ocr_line' id='line_1_44' title="bbox 61 4116 1472 4197; baseline -0.004 -18"><span class='ocrx_word' id='word_1_462' title='bbox 61 4117 168 4179; x_wconf 77' lang='lat' dir='ltr'><strong>ttondit</strong></span> <span class='ocrx_word' id='word_1_463' title='bbox 192 4117 280 4188; x_wconf 88' lang='lat' dir='ltr'><strong>enim,</strong></span> <span class='ocrx_word' id='word_1_464' title='bbox 300 4134 333 4175; x_wconf 82' lang='lat' dir='ltr'><strong>se</strong></span> <span class='ocrx_word' id='word_1_465' title='bbox 358 4137 418 4177; x_wconf 91' lang='lat' dir='ltr'><strong>nou</strong></span> <span class='ocrx_word' id='word_1_466' title='bbox 445 4117 476 4177; x_wconf 92' lang='lat' dir='ltr'><strong>id</strong></span> <span class='ocrx_word' id='word_1_467' title='bbox 501 4118 602 4179; x_wconf 80' lang='lat' dir='ltr'><strong>lucere</strong></span> <span class='ocrx_word' id='word_1_468' title='bbox 626 4118 725 4178; x_wconf 88' lang='lat' dir='ltr'><strong>studio</strong></span> <span class='ocrx_word' id='word_1_469' title='bbox 774 4119 934 4197; x_wconf 77' lang='lat' dir='ltr'><strong>Augustin.</strong></span> <span class='ocrx_word' id='word_1_470' title='bbox 960 4116 1010 4177; x_wconf 88' lang='lat' dir='ltr'><strong>lib.</strong></span> <span class='ocrx_word' id='word_1_471' title='bbox 1036 4121 1062 4176; x_wconf 90' lang='lat'><strong>1.</strong></span> <span class='ocrx_word' id='word_1_472' title='bbox 1083 4117 1121 4177; x_wconf 87' lang='lat' dir='ltr'><strong>dc</strong></span> <span class='ocrx_word' id='word_1_473' title='bbox 1143 4116 1237 4177; x_wconf 78' lang='lat' dir='ltr'><strong>adult.</strong></span> <span class='ocrx_word' id='word_1_474' title='bbox 1259 4116 1380 4196; x_wconf 82' lang='lat' dir='ltr'><strong>conjug.</strong></span> <span class='ocrx_word' id='word_1_475' title='bbox 1404 4132 1472 4193; x_wconf 77' lang='lat' dir='ltr'><strong>cup.</strong></span> 
     </span>
     <span class='ocr_line' id='line_1_45' title="bbox 61 4201 1472 4368; baseline -0.003 -15"><span class='ocrx_word' id='word_1_476' title='bbox 61 4201 438 4363; x_wconf 47' lang='lat' dir='ltr'><strong>magbbslllalddlldbi</strong></span> <span class='ocrx_word' id='word_1_477' title='bbox 447 4203 727 4368; x_wconf 50' lang='lat' dir='ltr'><strong>eclornlrllllldlllllldcll0</strong></span> <span class='ocrx_word' id='word_1_478' title='bbox 777 4209 873 4352; x_wconf 63' lang='lat' dir='ltr'><strong>14llll</strong></span> <span class='ocrx_word' id='word_1_479' title='bbox 891 4224 975 4351; x_wconf 66' lang='lat' dir='ltr'><strong>lldlr</strong></span> <span class='ocrx_word' id='word_1_480' title='bbox 985 4308 1057 4351; x_wconf 81' lang='lat' dir='ltr'><strong>cum</strong></span> <span class='ocrx_word' id='word_1_481' title='bbox 1069 4291 1148 4350; x_wconf 79' lang='lat' dir='ltr'><strong>libes·</strong></span> <span class='ocrx_word' id='word_1_482' title='bbox 1158 4308 1253 4350; x_wconf 80' lang='lat' dir='ltr'><strong>essem</strong></span> <span class='ocrx_word' id='word_1_483' title='bbox 1266 4308 1304 4351; x_wconf 80' lang='grc' dir='ltr'><strong>αα</strong></span> <span class='ocrx_word' id='word_1_484' title='bbox 1315 4287 1472 4362; x_wconf 75' lang='lat' dir='ltr'><strong>omnibus,</strong></span> 
     </span>
    </p>
   </div>
   <div class='ocr_carea' id='block_1_3' title="bbox 61 4367 1476 4805">
    <p class='ocr_par' dir='ltr' id='par_1_4' title="bbox 61 4367 1476 4805">
     <span class='ocr_line' id='line_1_46' title="bbox 61 4367 1473 4453; baseline -0.006 -12"><span class='ocrx_word' id='word_1_485' title='bbox 61 4376 241 4441; x_wconf 84' lang='lat' dir='ltr'><strong>tamercede</strong></span> <span class='ocrx_word' id='word_1_486' title='bbox 255 4376 454 4439; x_wconf 77' lang='lat' dir='ltr'><strong>frustrabitur.</strong></span> <span class='ocrx_word' id='word_1_487' title='bbox 775 4379 917 4437; x_wconf 78' lang='lat' dir='ltr'><strong>omnium</strong></span> <span class='ocrx_word' id='word_1_488' title='bbox 933 4396 982 4436; x_wconf 84' lang='lat' dir='ltr'><strong>mc</strong></span> <span class='ocrx_word' id='word_1_489' title='bbox 996 4395 1121 4437; x_wconf 82' lang='lat' dir='ltr'><strong>seruum</strong></span> <span class='ocrx_word' id='word_1_490' title='bbox 1135 4378 1206 4453; x_wconf 71' lang='lat' dir='ltr'><strong>feci.</strong></span> <span class='ocrx_word' id='word_1_491' title='bbox 1237 4376 1368 4449; x_wconf 84' lang='lat' dir='ltr'><strong>Graece,</strong></span> <span class='ocrx_word' id='word_1_492' title='bbox 1384 4367 1473 4434; x_wconf 74' lang='lat' dir='ltr'><strong>ilsu-</strong></span> 
     </span>
     <span class='ocr_line' id='line_1_47' title="bbox 71 4454 1474 4543; baseline -0.001 -20"><span class='ocrx_word' id='word_1_493' title='bbox 71 4464 191 4528; x_wconf 78' lang='lat' dir='ltr'><strong>Bnrsns</strong></span> <span class='ocrx_word' id='word_1_494' title='bbox 221 4464 300 4524; x_wconf 90' lang='lat' dir='ltr'><strong>bunc</strong></span> <span class='ocrx_word' id='word_1_495' title='bbox 329 4463 428 4525; x_wconf 92' lang='lat' dir='ltr'><strong>locum</strong></span> <span class='ocrx_word' id='word_1_496' title='bbox 459 4464 545 4525; x_wconf 86' lang='lat' dir='ltr'><strong>slitsr</strong></span> <span class='ocrx_word' id='word_1_497' title='bbox 574 4470 727 4542; x_wconf 86' lang='lat' dir='ltr'><strong>exponunt</strong></span> <span class='ocrx_word' id='word_1_498' title='bbox 774 4462 868 4540; x_wconf 76' lang='lat' dir='ltr'><strong>bspoc</strong></span> <span class='ocrx_word' id='word_1_499' title='bbox 884 4457 943 4542; x_wconf 80' lang='grc' dir='ltr'><strong>γὰρ</strong></span> <span class='ocrx_word' id='word_1_500' title='bbox 958 4454 1011 4538; x_wconf 82' lang='grc' dir='ltr'><strong>ὢν,</strong></span> <span class='ocrx_word' id='word_1_501' title='bbox 1028 4464 1108 4523; x_wconf 81' lang='lat' dir='ltr'><strong>liber</strong></span> <span class='ocrx_word' id='word_1_502' title='bbox 1123 4466 1360 4526; x_wconf 78' lang='lat' dir='ltr'><strong>cnimexiatem.</strong></span> <span class='ocrx_word' id='word_1_503' title='bbox 1383 4461 1474 4543; x_wconf 78' lang='lat' dir='ltr'><strong>Quod</strong></span> 
     </span>
     <span class='ocr_line' id='line_1_48' title="bbox 61 4548 1476 4631; baseline -0.001 -18"><span class='ocrx_word' id='word_1_504' title='bbox 61 4553 154 4626; x_wconf 79' lang='lat' dir='ltr'><strong>rauci,</strong></span> <span class='ocrx_word' id='word_1_505' title='bbox 179 4548 347 4611; x_wconf 77' lang='lat' dir='ltr'><strong>mercedem</strong></span> <span class='ocrx_word' id='word_1_506' title='bbox 367 4551 572 4631; x_wconf 85' lang='lat' dir='ltr'><strong>intelligentes</strong></span> <span class='ocrx_word' id='word_1_507' title='bbox 599 4559 632 4609; x_wconf 90' lang='lat' dir='ltr'><strong>ut</strong></span> <span class='ocrx_word' id='word_1_508' title='bbox 648 4557 726 4627; x_wconf 83' lang='lat' dir='ltr'><strong>unte,</strong></span> <span class='ocrx_word' id='word_1_509' title='bbox 774 4559 877 4628; x_wconf 89' lang='lat' dir='ltr'><strong>potest</strong></span> <span class='ocrx_word' id='word_1_510' title='bbox 899 4551 993 4610; x_wconf 86' lang='lat' dir='ltr'><strong>otiam</strong></span> <span class='ocrx_word' id='word_1_511' title='bbox 1017 4551 1060 4609; x_wconf 87' lang='lat' dir='ltr'><strong>ita</strong></span> <span class='ocrx_word' id='word_1_512' title='bbox 1080 4552 1174 4623; x_wconf 85' lang='lat' dir='ltr'><strong>verti,</strong></span> <span class='ocrx_word' id='word_1_513' title='bbox 1200 4568 1278 4611; x_wconf 79' lang='lat' dir='ltr'><strong>nom</strong></span> <span class='ocrx_word' id='word_1_514' title='bbox 1300 4569 1371 4612; x_wconf 74' lang='lat' dir='ltr'><strong>casm</strong></span> <span class='ocrx_word' id='word_1_515' title='bbox 1394 4551 1476 4613; x_wconf 75' lang='lat' dir='ltr'><strong>libus·</strong></span> 
     </span>
     <span class='ocr_line' id='line_1_49' title="bbox 61 4635 1475 4719; baseline 0 -19"><span class='ocrx_word' id='word_1_516' title='bbox 61 4638 171 4719; x_wconf 64' lang='lat' dir='ltr'><strong>tiorum</strong></span> <span class='ocrx_word' id='word_1_517' title='bbox 186 4646 218 4699; x_wconf 87' lang='lat' dir='ltr'><strong>ct</strong></span> <span class='ocrx_word' id='word_1_518' title='bbox 232 4636 495 4699; x_wconf 81' lang='lat' dir='ltr'><strong>excellentiorum:</strong></span> <span class='ocrx_word' id='word_1_519' title='bbox 511 4638 635 4698; x_wconf 72' lang='lat' dir='ltr'><strong>abusum</strong></span> <span class='ocrx_word' id='word_1_520' title='bbox 650 4655 726 4695; x_wconf 87' lang='lat' dir='ltr'><strong>vero</strong></span> <span class='ocrx_word' id='word_1_521' title='bbox 774 4639 842 4696; x_wconf 61' lang='lat' dir='ltr'><strong>dm.</strong></span> <span class='ocrx_word' id='word_1_522' title='bbox 879 4636 1026 4715; x_wconf 86' lang='lat' dir='ltr'><strong>Superius</strong></span> <span class='ocrx_word' id='word_1_523' title='bbox 1049 4638 1128 4697; x_wconf 89' lang='lat' dir='ltr'><strong>enim</strong></span> <span class='ocrx_word' id='word_1_524' title='bbox 1151 4635 1284 4709; x_wconf 84' lang='lat' dir='ltr'><strong>dixerat,</strong></span> <span class='ocrx_word' id='word_1_525' title='bbox 1310 4656 1379 4699; x_wconf 77' lang='lat' dir='ltr'><strong>non</strong></span> <span class='ocrx_word' id='word_1_526' title='bbox 1403 4658 1475 4699; x_wconf 81' lang='lat' dir='ltr'><strong>sum</strong></span> 
     </span>
     <span class='ocr_line' id='line_1_50' title="bbox 61 4722 1470 4805; baseline -0.002 -17"><span class='ocrx_word' id='word_1_527' title='bbox 61 4746 82 4788; x_wconf 90' lang='grc' dir='ltr'><strong>ι·</strong></span> <span class='ocrx_word' id='word_1_528' title='bbox 109 4744 199 4787; x_wconf 83' lang='lat' dir='ltr'><strong>usum</strong></span> <span class='ocrx_word' id='word_1_529' title='bbox 223 4725 468 4804; x_wconf 77' lang='lat' dir='ltr'><strong>interpretantes</strong></span> <span class='ocrx_word' id='word_1_530' title='bbox 505 4725 565 4786; x_wconf 85' lang='lat' dir='ltr'><strong>Sed</strong></span> <span class='ocrx_word' id='word_1_531' title='bbox 593 4731 624 4785; x_wconf 90' lang='lat' dir='ltr'><strong>et</strong></span> <span class='ocrx_word' id='word_1_532' title='bbox 648 4722 725 4784; x_wconf 75' lang='lat' dir='ltr'><strong>hooc</strong></span> <span class='ocrx_word' id='word_1_533' title='bbox 775 4723 877 4783; x_wconf 75' lang='lat' dir='ltr'><strong>libor?</strong></span> <span class='ocrx_word' id='word_1_534' title='bbox 907 4723 1019 4803; x_wconf 73' lang='lat' dir='ltr'><strong>dicque</strong></span> <span class='ocrx_word' id='word_1_535' title='bbox 1049 4722 1124 4802; x_wconf 81' lang='lat' dir='ltr'><strong>legit</strong></span> <span class='ocrx_word' id='word_1_536' title='bbox 1153 4724 1281 4805; x_wconf 82' lang='lat' dir='ltr'><strong>August.</strong></span> <span class='ocrx_word' id='word_1_537' title='bbox 1310 4723 1348 4785; x_wconf 88' lang='lat' dir='ltr'><strong>de</strong></span> <span class='ocrx_word' id='word_1_538' title='bbox 1377 4743 1470 4804; x_wconf 82' lang='lat' dir='ltr'><strong>opero</strong></span> 
     </span>
    </p>
   </div>
   <div class='ocr_carea' id='block_1_4' title="bbox 0 0 1632 5190">
    <p class='ocr_par' dir='ltr' id='par_1_5' title="bbox 0 0 1632 5190">
     <span class='ocr_line' id='line_1_51' title="bbox 0 0 1632 5190; baseline 0 0"><span class='ocrx_word' id='word_1_539' title='bbox 0 0 1632 5190; x_wconf 95' lang='lat' dir='ltr'><strong> </strong></span> 
     </span>
    </p>
   </div>
  </div>
 </body>
</html>
