<?xml version="1.0" encoding="UTF-8"?>
<!DOCTYPE html PUBLIC "-//W3C//DTD XHTML 1.0 Transitional//EN"
    "http://www.w3.org/TR/xhtml1/DTD/xhtml1-transitional.dtd">
<html xmlns="http://www.w3.org/1999/xhtml" xml:lang="en" lang="en">
 <head>
  <title>
</title>
<meta http-equiv="Content-Type" content="text/html;charset=utf-8" />
  <meta name='ocr-system' content='tesseract 3.04.00' />
  <meta name='ocr-capabilities' content='ocr_page ocr_carea ocr_par ocr_line ocrx_word'/>
</head>
<body>
  <div class='ocr_page' id='page_1' title='image "./guilielmiestiii00estigoog/guilielmiestiii00estigoog_0234.png"; bbox 0 0 3254 5190; ppageno 0'>
   <div class='ocr_carea' id='block_1_1' title="bbox 445 283 1497 365">
    <p class='ocr_par' dir='ltr' id='par_1_1' title="bbox 445 283 1497 365">
     <span class='ocr_line' id='line_1_1' title="bbox 445 283 1497 365; baseline 0.01 -27"><span class='ocrx_word' id='word_1_1' title='bbox 445 283 608 341; x_wconf 72' lang='lat' dir='ltr'><strong>ermom</strong></span> <span class='ocrx_word' id='word_1_2' title='bbox 624 284 665 338; x_wconf 74' lang='grc'><strong>11)</strong></span> <span class='ocrx_word' id='word_1_3' title='bbox 682 284 833 343; x_wconf 65' lang='lat' dir='ltr'><strong>normes.</strong></span> <span class='ocrx_word' id='word_1_4' title='bbox 850 285 936 343; x_wconf 74' lang='lat' dir='ltr'><strong>vans</strong></span> <span class='ocrx_word' id='word_1_5' title='bbox 955 287 995 341; x_wconf 81' lang='lat' dir='ltr'><strong>ib.</strong></span> <span class='ocrx_word' id='word_1_6' title='bbox 1017 285 1057 340; x_wconf 86' lang='grc'><strong>17.</strong></span> <span class='ocrx_word' id='word_1_7' title='bbox 1423 291 1497 365; x_wconf 71' lang='lat'><strong>211</strong></span> 
     </span>
    </p>
   </div>
   <div class='ocr_carea' id='block_1_2' title="bbox 73 456 1578 4881">
    <p class='ocr_par' dir='ltr' id='par_1_2' title="bbox 73 456 1504 887">
     <span class='ocr_line' id='line_1_2' title="bbox 73 456 1502 545; baseline 0 -26"><span class='ocrx_word' id='word_1_8' title='bbox 73 457 257 539; x_wconf 78' lang='lat' dir='ltr'><strong>rmplurdrua</strong></span> <span class='ocrx_word' id='word_1_9' title='bbox 271 458 365 536; x_wconf 88' lang='lat' dir='ltr'><strong>locis,</strong></span> <span class='ocrx_word' id='word_1_10' title='bbox 391 468 427 520; x_wconf 92' lang='lat' dir='ltr'><strong>ut</strong></span> <span class='ocrx_word' id='word_1_11' title='bbox 449 459 517 522; x_wconf 86' lang='lat' dir='ltr'><strong>libr.</strong></span> <span class='ocrx_word' id='word_1_12' title='bbox 542 466 569 524; x_wconf 91' lang='lat'><strong>1.</strong></span> <span class='ocrx_word' id='word_1_13' title='bbox 591 460 632 523; x_wconf 86' lang='lat' dir='ltr'><strong>ad</strong></span> <span class='ocrx_word' id='word_1_14' title='bbox 651 462 755 545; x_wconf 81' lang='lat' dir='ltr'><strong>Simpb</strong></span> <span class='ocrx_word' id='word_1_15' title='bbox 804 465 906 525; x_wconf 62' lang='lat' dir='ltr'><strong>lente.</strong></span> <span class='ocrx_word' id='word_1_16' title='bbox 929 456 1020 541; x_wconf 80' lang='lat' dir='ltr'><strong>Quod</strong></span> <span class='ocrx_word' id='word_1_17' title='bbox 1041 479 1098 522; x_wconf 90' lang='lat' dir='ltr'><strong>nec</strong></span> <span class='ocrx_word' id='word_1_18' title='bbox 1120 460 1180 541; x_wconf 91' lang='lat' dir='ltr'><strong>ipsi</strong></span> <span class='ocrx_word' id='word_1_19' title='bbox 1201 458 1307 519; x_wconf 84' lang='lat' dir='ltr'><strong>volunt</strong></span> <span class='ocrx_word' id='word_1_20' title='bbox 1328 457 1502 521; x_wconf 85' lang='lat' dir='ltr'><strong>adversarii.</strong></span> 
     </span>
     <span class='ocr_line' id='line_1_3' title="bbox 73 545 1502 629; baseline -0.001 -22"><span class='ocrx_word' id='word_1_21' title='bbox 73 567 99 607; x_wconf 88' lang='lat' dir='ltr'><strong>n.</strong></span> <span class='ocrx_word' id='word_1_22' title='bbox 115 548 158 617; x_wconf 85' lang='grc'><strong>2.,</strong></span> <span class='ocrx_word' id='word_1_23' title='bbox 172 547 262 607; x_wconf 85' lang='lat' dir='ltr'><strong>encb</strong></span> <span class='ocrx_word' id='word_1_24' title='bbox 279 548 339 622; x_wconf 72' lang='lat'><strong>32,</strong></span> <span class='ocrx_word' id='word_1_25' title='bbox 355 545 407 606; x_wconf 92' lang='lat' dir='ltr'><strong>lib.</strong></span> <span class='ocrx_word' id='word_1_26' title='bbox 431 547 470 608; x_wconf 91' lang='lat' dir='ltr'><strong>de</strong></span> <span class='ocrx_word' id='word_1_27' title='bbox 485 557 560 629; x_wconf 83' lang='lat' dir='ltr'><strong>grat</strong></span> <span class='ocrx_word' id='word_1_28' title='bbox 578 558 609 610; x_wconf 91' lang='lat' dir='ltr'><strong>et</strong></span> <span class='ocrx_word' id='word_1_29' title='bbox 622 548 674 611; x_wconf 91' lang='lat' dir='ltr'><strong>lib.</strong></span> <span class='ocrx_word' id='word_1_30' title='bbox 691 551 756 611; x_wconf 92' lang='lat' dir='ltr'><strong>arb.</strong></span> <span class='ocrx_word' id='word_1_31' title='bbox 803 551 928 613; x_wconf 80' lang='lat' dir='ltr'>Interim</span> <span class='ocrx_word' id='word_1_32' title='bbox 942 547 1022 623; x_wconf 83' lang='lat' dir='ltr'><strong>vide,</strong></span> <span class='ocrx_word' id='word_1_33' title='bbox 1037 548 1139 621; x_wconf 90' lang='lat' dir='ltr'><strong>lector,</strong></span> <span class='ocrx_word' id='word_1_34' title='bbox 1155 545 1406 628; x_wconf 88' lang='lat' dir='ltr'><strong>quemadmodum</strong></span> <span class='ocrx_word' id='word_1_35' title='bbox 1418 568 1502 610; x_wconf 89' lang='lat' dir='ltr'><strong>sanc·</strong></span> 
     </span>
     <span class='ocr_line' id='line_1_4' title="bbox 73 632 1504 715; baseline 0.003 -24"><span class='ocrx_word' id='word_1_36' title='bbox 73 653 116 713; x_wconf 83' lang='lat' dir='ltr'><strong>sp.</strong></span> <span class='ocrx_word' id='word_1_37' title='bbox 134 633 182 707; x_wconf 87' lang='grc'><strong>7.,</strong></span> <span class='ocrx_word' id='word_1_38' title='bbox 198 635 274 694; x_wconf 91' lang='lat' dir='ltr'><strong>etin</strong></span> <span class='ocrx_word' id='word_1_39' title='bbox 289 633 377 713; x_wconf 84' lang='lat' dir='ltr'><strong>epist</strong></span> <span class='ocrx_word' id='word_1_40' title='bbox 403 636 472 694; x_wconf 90' lang='grc'><strong>107.</strong></span> <span class='ocrx_word' id='word_1_41' title='bbox 497 634 537 695; x_wconf 88' lang='lat' dir='ltr'><strong>ad</strong></span> <span class='ocrx_word' id='word_1_42' title='bbox 551 636 613 697; x_wconf 84' lang='lat' dir='ltr'><strong>Vit.</strong></span> <span class='ocrx_word' id='word_1_43' title='bbox 639 634 756 699; x_wconf 82' lang='lat' dir='ltr'><strong>Eadem</strong></span> <span class='ocrx_word' id='word_1_44' title='bbox 803 646 851 698; x_wconf 89' lang='lat' dir='ltr'><strong>tus</strong></span> <span class='ocrx_word' id='word_1_45' title='bbox 867 636 1000 698; x_wconf 85' lang='lat' dir='ltr'><strong>Thomas</strong></span> <span class='ocrx_word' id='word_1_46' title='bbox 1015 635 1046 696; x_wconf 91' lang='lat' dir='ltr'><strong>in</strong></span> <span class='ocrx_word' id='word_1_47' title='bbox 1062 655 1115 697; x_wconf 88' lang='lat' dir='ltr'><strong>suo</strong></span> <span class='ocrx_word' id='word_1_48' title='bbox 1132 641 1284 695; x_wconf 83' lang='lat' dir='ltr'><strong>comment.</strong></span> <span class='ocrx_word' id='word_1_49' title='bbox 1302 632 1425 710; x_wconf 88' lang='lat' dir='ltr'><strong>doceat,</strong></span> <span class='ocrx_word' id='word_1_50' title='bbox 1447 654 1504 715; x_wconf 93' lang='lat' dir='ltr'><strong>per</strong></span> 
     </span>
     <span class='ocr_line' id='line_1_5' title="bbox 73 719 1503 802; baseline 0 -21"><span class='ocrx_word' id='word_1_51' title='bbox 73 720 173 781; x_wconf 80' lang='lat' dir='ltr'><strong>stione</strong></span> <span class='ocrx_word' id='word_1_52' title='bbox 190 722 285 780; x_wconf 84' lang='lat' dir='ltr'><strong>etiam</strong></span> <span class='ocrx_word' id='word_1_53' title='bbox 300 720 335 780; x_wconf 91' lang='lat' dir='ltr'><strong>B.</strong></span> <span class='ocrx_word' id='word_1_54' title='bbox 352 719 487 782; x_wconf 78' lang='lat' dir='ltr'><strong>Thomas</strong></span> <span class='ocrx_word' id='word_1_55' title='bbox 503 723 593 782; x_wconf 90' lang='lat' dir='ltr'><strong>istum</strong></span> <span class='ocrx_word' id='word_1_56' title='bbox 608 742 755 784; x_wconf 89' lang='lat' dir='ltr'><strong>commen·</strong></span> <span class='ocrx_word' id='word_1_57' title='bbox 804 725 882 785; x_wconf 85' lang='lat' dir='ltr'><strong>banc</strong></span> <span class='ocrx_word' id='word_1_58' title='bbox 889 721 1031 802; x_wconf 82' lang='lat' dir='ltr'><strong>Apostoli</strong></span> <span class='ocrx_word' id='word_1_59' title='bbox 1044 722 1223 783; x_wconf 73' lang='lat' dir='ltr'><strong>sententiam</strong></span> <span class='ocrx_word' id='word_1_60' title='bbox 1235 720 1362 781; x_wconf 90' lang='lat' dir='ltr'><strong>liberum</strong></span> <span class='ocrx_word' id='word_1_61' title='bbox 1377 721 1503 781; x_wconf 90' lang='lat' dir='ltr'><strong>hominis</strong></span> 
     </span>
     <span class='ocr_line' id='line_1_6' title="bbox 73 806 1179 887; baseline 0 -21"><span class='ocrx_word' id='word_1_62' title='bbox 73 807 162 867; x_wconf 81' lang='lat' dir='ltr'><strong>nium</strong></span> <span class='ocrx_word' id='word_1_63' title='bbox 170 806 297 881; x_wconf 80' lang='lat' dir='ltr'><strong>refellit,</strong></span> <span class='ocrx_word' id='word_1_64' title='bbox 306 807 389 887; x_wconf 93' lang='lat' dir='ltr'><strong>quod</strong></span> <span class='ocrx_word' id='word_1_65' title='bbox 395 826 561 870; x_wconf 89' lang='lat' dir='ltr'><strong>sermonem</strong></span> <span class='ocrx_word' id='word_1_66' title='bbox 569 830 756 884; x_wconf 89' lang='lat' dir='ltr'><strong>conversum,</strong></span> <span class='ocrx_word' id='word_1_67' title='bbox 805 810 962 872; x_wconf 71' lang='lat' dir='ltr'><strong>arbitrium</strong></span> <span class='ocrx_word' id='word_1_68' title='bbox 977 830 1037 869; x_wconf 91' lang='lat' dir='ltr'><strong>non</strong></span> <span class='ocrx_word' id='word_1_69' title='bbox 1052 807 1179 870; x_wconf 90' lang='lat' dir='ltr'><strong>excludi.</strong></span> 
     </span>
    </p>

    <p class='ocr_par' dir='ltr' id='par_1_3' title="bbox 73 894 1578 2539">
     <span class='ocr_line' id='line_1_7' title="bbox 73 894 1503 970; baseline -0.001 -16"><span class='ocrx_word' id='word_1_70' title='bbox 73 913 110 953; x_wconf 88' lang='lat' dir='ltr'><strong>cn</strong></span> <span class='ocrx_word' id='word_1_71' title='bbox 130 900 181 954; x_wconf 87' lang='lat' dir='ltr'><strong>est</strong></span> <span class='ocrx_word' id='word_1_72' title='bbox 203 896 374 956; x_wconf 71' lang='lat' dir='ltr'><strong>miserentis</strong></span> <span class='ocrx_word' id='word_1_73' title='bbox 395 894 471 969; x_wconf 90' lang='lat' dir='ltr'><strong>Dei,</strong></span> <span class='ocrx_word' id='word_1_74' title='bbox 498 895 553 957; x_wconf 90' lang='lat' dir='ltr'><strong>sed</strong></span> <span class='ocrx_word' id='word_1_75' title='bbox 574 896 703 958; x_wconf 79' lang='lat' dir='ltr'><strong>volentis</strong></span> <span class='ocrx_word' id='word_1_76' title='bbox 725 904 757 958; x_wconf 91' lang='lat' dir='ltr'><strong>et</strong></span> <span class='ocrx_word' id='word_1_77' title='bbox 850 899 899 957; x_wconf 91' lang='grc'><strong>17.</strong></span> <span class='ocrx_word' id='word_1_78' title='bbox 922 898 1010 956; x_wconf 80' lang='lat' dir='ltr'><strong>Dicit</strong></span> <span class='ocrx_word' id='word_1_79' title='bbox 1033 898 1118 958; x_wconf 80' lang='lat' dir='ltr'><strong>caim</strong></span> <span class='ocrx_word' id='word_1_80' title='bbox 1139 896 1299 970; x_wconf 77' lang='lat' dir='ltr'><strong>scriptura</strong></span> <span class='ocrx_word' id='word_1_81' title='bbox 1321 895 1503 955; x_wconf 76' lang='lat' dir='ltr'><strong>Pharaoni.</strong></span> 
     </span>
     <span class='ocr_line' id='line_1_8' title="bbox 73 980 1505 1064; baseline -0.001 -24"><span class='ocrx_word' id='word_1_82' title='bbox 73 982 215 1055; x_wconf 81' lang='lat' dir='ltr'><strong>errantis,</strong></span> <span class='ocrx_word' id='word_1_83' title='bbox 231 1000 321 1041; x_wconf 84' lang='lat' dir='ltr'><strong>aures</strong></span> <span class='ocrx_word' id='word_1_84' title='bbox 334 982 403 1062; x_wconf 84' lang='lat' dir='ltr'><strong>piae</strong></span> <span class='ocrx_word' id='word_1_85' title='bbox 416 1002 478 1042; x_wconf 92' lang='lat' dir='ltr'><strong>non</strong></span> <span class='ocrx_word' id='word_1_86' title='bbox 492 982 600 1045; x_wconf 85' lang='lat' dir='ltr'><strong>ferant.</strong></span> <span class='ocrx_word' id='word_1_87' title='bbox 805 982 887 1064; x_wconf 81' lang='lat' dir='ltr'><strong>Quid</strong></span> <span class='ocrx_word' id='word_1_88' title='bbox 913 982 962 1042; x_wconf 92' lang='lat' dir='ltr'><strong>hic</strong></span> <span class='ocrx_word' id='word_1_89' title='bbox 982 983 1048 1061; x_wconf 89' lang='lat' dir='ltr'><strong>jam</strong></span> <span class='ocrx_word' id='word_1_90' title='bbox 1072 982 1200 1064; x_wconf 91' lang='lat' dir='ltr'><strong>probare</strong></span> <span class='ocrx_word' id='word_1_91' title='bbox 1229 980 1303 1040; x_wconf 84' lang='lat' dir='ltr'><strong>velit</strong></span> <span class='ocrx_word' id='word_1_92' title='bbox 1329 981 1505 1061; x_wconf 87' lang='lat' dir='ltr'><strong>Apostolus,</strong></span> 
     </span>
     <span class='ocr_line' id='line_1_9' title="bbox 90 1064 1505 1151; baseline 0 -24"><span class='ocrx_word' id='word_1_93' title='bbox 90 1064 210 1128; x_wconf 72' lang='lat' dir='ltr'><strong>Adfert</strong></span> <span class='ocrx_word' id='word_1_94' title='bbox 235 1075 335 1128; x_wconf 84' lang='lat' dir='ltr'><strong>autem</strong></span> <span class='ocrx_word' id='word_1_95' title='bbox 353 1070 544 1150; x_wconf 71' lang='lat' dir='ltr'><strong>Augustinus</strong></span> <span class='ocrx_word' id='word_1_96' title='bbox 572 1071 673 1132; x_wconf 90' lang='lat' dir='ltr'><strong>citatis</strong></span> <span class='ocrx_word' id='word_1_97' title='bbox 692 1071 757 1151; x_wconf 90' lang='lat' dir='ltr'><strong>jam</strong></span> <span class='ocrx_word' id='word_1_98' title='bbox 805 1068 886 1131; x_wconf 89' lang='lat' dir='ltr'><strong>baud</strong></span> <span class='ocrx_word' id='word_1_99' title='bbox 904 1066 995 1129; x_wconf 86' lang='lat' dir='ltr'><strong>facile</strong></span> <span class='ocrx_word' id='word_1_100' title='bbox 1010 1077 1142 1150; x_wconf 91' lang='lat' dir='ltr'><strong>apparet.</strong></span> <span class='ocrx_word' id='word_1_101' title='bbox 1158 1068 1344 1128; x_wconf 82' lang='lat' dir='ltr'><strong>Existimant</strong></span> <span class='ocrx_word' id='word_1_102' title='bbox 1358 1067 1505 1149; x_wconf 77' lang='lat' dir='ltr'><strong>plerique,</strong></span> 
     </span>
     <span class='ocr_line' id='line_1_10' title="bbox 73 1153 1504 1237; baseline -0.002 -22"><span class='ocrx_word' id='word_1_103' title='bbox 73 1154 126 1215; x_wconf 76' lang='lat' dir='ltr'><strong>cis</strong></span> <span class='ocrx_word' id='word_1_104' title='bbox 141 1153 227 1215; x_wconf 85' lang='lat' dir='ltr'><strong>banc</strong></span> <span class='ocrx_word' id='word_1_105' title='bbox 241 1154 363 1215; x_wconf 84' lang='lat' dir='ltr'><strong>tertiam</strong></span> <span class='ocrx_word' id='word_1_106' title='bbox 378 1158 609 1236; x_wconf 85' lang='lat' dir='ltr'><strong>expositionem:</strong></span> <span class='ocrx_word' id='word_1_107' title='bbox 625 1157 697 1218; x_wconf 87' lang='lat' dir='ltr'><strong>Non</strong></span> <span class='ocrx_word' id='word_1_108' title='bbox 708 1165 758 1218; x_wconf 88' lang='lat' dir='ltr'><strong>est</strong></span> <span class='ocrx_word' id='word_1_109' title='bbox 806 1177 882 1231; x_wconf 91' lang='lat' dir='ltr'><strong>eum,</strong></span> <span class='ocrx_word' id='word_1_110' title='bbox 898 1154 979 1237; x_wconf 89' lang='lat' dir='ltr'><strong>quod</strong></span> <span class='ocrx_word' id='word_1_111' title='bbox 994 1154 1032 1215; x_wconf 93' lang='lat' dir='ltr'><strong>de</strong></span> <span class='ocrx_word' id='word_1_112' title='bbox 1044 1156 1192 1217; x_wconf 83' lang='lat' dir='ltr'><strong>electione</strong></span> <span class='ocrx_word' id='word_1_113' title='bbox 1208 1154 1317 1229; x_wconf 90' lang='lat' dir='ltr'><strong>docuit,</strong></span> <span class='ocrx_word' id='word_1_114' title='bbox 1330 1154 1411 1217; x_wconf 91' lang='lat' dir='ltr'><strong>idem</strong></span> <span class='ocrx_word' id='word_1_115' title='bbox 1423 1173 1504 1215; x_wconf 90' lang='lat' dir='ltr'><strong>nunc</strong></span> 
     </span>
     <span class='ocr_line' id='line_1_11' title="bbox 73 1240 1506 1323; baseline -0.003 -20"><span class='ocrx_word' id='word_1_116' title='bbox 73 1240 199 1313; x_wconf 80' lang='lat' dir='ltr'><strong>clentis,</strong></span> <span class='ocrx_word' id='word_1_117' title='bbox 213 1250 249 1301; x_wconf 86' lang='lat' dir='ltr'><strong>nt</strong></span> <span class='ocrx_word' id='word_1_118' title='bbox 263 1240 347 1317; x_wconf 80' lang='lat' dir='ltr'><strong>velit,</strong></span> <span class='ocrx_word' id='word_1_119' title='bbox 361 1261 462 1323; x_wconf 86' lang='lat' dir='ltr'><strong>neque</strong></span> <span class='ocrx_word' id='word_1_120' title='bbox 473 1245 629 1317; x_wconf 86' lang='lat' dir='ltr'><strong>currentis,</strong></span> <span class='ocrx_word' id='word_1_121' title='bbox 645 1253 681 1305; x_wconf 79' lang='lat' dir='ltr'><strong>ut</strong></span> <span class='ocrx_word' id='word_1_122' title='bbox 691 1264 757 1304; x_wconf 92' lang='lat' dir='ltr'><strong>cur·</strong></span> <span class='ocrx_word' id='word_1_123' title='bbox 806 1264 846 1304; x_wconf 91' lang='lat' dir='ltr'><strong>ex</strong></span> <span class='ocrx_word' id='word_1_124' title='bbox 868 1241 928 1303; x_wconf 94' lang='lat' dir='ltr'><strong>alio</strong></span> <span class='ocrx_word' id='word_1_125' title='bbox 952 1244 1118 1323; x_wconf 80' lang='lat' dir='ltr'><strong>scripturae</strong></span> <span class='ocrx_word' id='word_1_126' title='bbox 1140 1242 1310 1303; x_wconf 90' lang='lat' dir='ltr'><strong>testimonio</strong></span> <span class='ocrx_word' id='word_1_127' title='bbox 1333 1241 1444 1303; x_wconf 88' lang='lat' dir='ltr'><strong>docere</strong></span> <span class='ocrx_word' id='word_1_128' title='bbox 1468 1240 1506 1300; x_wconf 92' lang='lat' dir='ltr'><strong>de</strong></span> 
     </span>
     <span class='ocr_line' id='line_1_12' title="bbox 73 1326 1506 1411; baseline -0.002 -21"><span class='ocrx_word' id='word_1_129' title='bbox 73 1337 112 1403; x_wconf 81' lang='lat' dir='ltr'><strong>rt,</strong></span> <span class='ocrx_word' id='word_1_130' title='bbox 138 1327 200 1390; x_wconf 87' lang='lat' dir='ltr'><strong>sed</strong></span> <span class='ocrx_word' id='word_1_131' title='bbox 214 1329 387 1389; x_wconf 83' lang='lat' dir='ltr'><strong>miserentis</strong></span> <span class='ocrx_word' id='word_1_132' title='bbox 402 1329 479 1406; x_wconf 91' lang='lat' dir='ltr'><strong>Dei,</strong></span> <span class='ocrx_word' id='word_1_133' title='bbox 502 1331 556 1411; x_wconf 90' lang='lat' dir='ltr'><strong>qui</strong></span> <span class='ocrx_word' id='word_1_134' title='bbox 578 1331 630 1392; x_wconf 86' lang='lat' dir='ltr'><strong>det</strong></span> <span class='ocrx_word' id='word_1_135' title='bbox 644 1331 758 1392; x_wconf 91' lang='lat' dir='ltr'><strong>homiui</strong></span> <span class='ocrx_word' id='word_1_136' title='bbox 805 1329 1034 1410; x_wconf 81' lang='lat' dir='ltr'><strong>reprobatione;</strong></span> <span class='ocrx_word' id='word_1_137' title='bbox 1050 1330 1168 1391; x_wconf 90' lang='lat' dir='ltr'><strong>scilicet</strong></span> <span class='ocrx_word' id='word_1_138' title='bbox 1182 1331 1214 1390; x_wconf 90' lang='lat' dir='ltr'><strong>in</strong></span> <span class='ocrx_word' id='word_1_139' title='bbox 1228 1326 1296 1389; x_wconf 90' lang='lat' dir='ltr'><strong>Deo</strong></span> <span class='ocrx_word' id='word_1_140' title='bbox 1311 1328 1426 1388; x_wconf 88' lang='lat' dir='ltr'><strong>nullam</strong></span> <span class='ocrx_word' id='word_1_141' title='bbox 1437 1346 1506 1408; x_wconf 86' lang='lat' dir='ltr'><strong>pos·</strong></span> 
     </span>
     <span class='ocr_line' id='line_1_13' title="bbox 73 1414 1506 1497; baseline -0.003 -20"><span class='ocrx_word' id='word_1_142' title='bbox 73 1434 150 1477; x_wconf 70' lang='lat' dir='ltr'><strong>sum</strong></span> <span class='ocrx_word' id='word_1_143' title='bbox 165 1414 251 1476; x_wconf 84' lang='lat' dir='ltr'><strong>velle</strong></span> <span class='ocrx_word' id='word_1_144' title='bbox 264 1424 296 1476; x_wconf 92' lang='lat' dir='ltr'><strong>et</strong></span> <span class='ocrx_word' id='word_1_145' title='bbox 311 1424 448 1493; x_wconf 56' lang='lat' dir='ltr'><strong>&#39;currem</strong></span> <span class='ocrx_word' id='word_1_146' title='bbox 468 1419 555 1497; x_wconf 88' lang='lat' dir='ltr'><strong>qusai</strong></span> <span class='ocrx_word' id='word_1_147' title='bbox 571 1417 668 1479; x_wconf 91' lang='lat' dir='ltr'><strong>dicat:</strong></span> <span class='ocrx_word' id='word_1_148' title='bbox 690 1417 758 1478; x_wconf 85' lang='lat' dir='ltr'><strong>Nec</strong></span> <span class='ocrx_word' id='word_1_149' title='bbox 806 1437 839 1478; x_wconf 90' lang='lat' dir='ltr'><strong>se</strong></span> <span class='ocrx_word' id='word_1_150' title='bbox 858 1418 957 1478; x_wconf 88' lang='lat' dir='ltr'><strong>notari</strong></span> <span class='ocrx_word' id='word_1_151' title='bbox 982 1417 1175 1495; x_wconf 89' lang='lat' dir='ltr'><strong>injustitiam,</strong></span> <span class='ocrx_word' id='word_1_152' title='bbox 1202 1415 1273 1476; x_wconf 91' lang='lat' dir='ltr'><strong>dum</strong></span> <span class='ocrx_word' id='word_1_153' title='bbox 1297 1416 1414 1497; x_wconf 89' lang='lat' dir='ltr'><strong>aliquos</strong></span> <span class='ocrx_word' id='word_1_154' title='bbox 1437 1414 1506 1474; x_wconf 93' lang='lat' dir='ltr'><strong>odio</strong></span> 
     </span>
     <span class='ocr_line' id='line_1_14' title="bbox 73 1500 1508 1585; baseline -0.003 -20"><span class='ocrx_word' id='word_1_155' title='bbox 73 1500 150 1577; x_wconf 79' lang='lat' dir='ltr'><strong>elle,</strong></span> <span class='ocrx_word' id='word_1_156' title='bbox 174 1521 236 1562; x_wconf 91' lang='lat' dir='ltr'><strong>nec</strong></span> <span class='ocrx_word' id='word_1_157' title='bbox 260 1505 380 1583; x_wconf 84' lang='lat' dir='ltr'><strong>operari</strong></span> <span class='ocrx_word' id='word_1_158' title='bbox 402 1506 561 1585; x_wconf 85' lang='lat' dir='ltr'><strong>quisquam</strong></span> <span class='ocrx_word' id='word_1_159' title='bbox 583 1504 676 1567; x_wconf 88' lang='lat' dir='ltr'><strong>habet</strong></span> <span class='ocrx_word' id='word_1_160' title='bbox 690 1526 710 1565; x_wconf 88' lang='lat' dir='ltr'><strong>a</strong></span> <span class='ocrx_word' id='word_1_161' title='bbox 724 1523 758 1565; x_wconf 89' lang='lat' dir='ltr'><strong>se</strong></span> <span class='ocrx_word' id='word_1_162' title='bbox 806 1502 898 1565; x_wconf 86' lang='lat' dir='ltr'><strong>habet</strong></span> <span class='ocrx_word' id='word_1_163' title='bbox 913 1523 965 1564; x_wconf 88' lang='lat' dir='ltr'><strong>seu</strong></span> <span class='ocrx_word' id='word_1_164' title='bbox 983 1503 1137 1585; x_wconf 86' lang='lat' dir='ltr'><strong>reprobet,</strong></span> <span class='ocrx_word' id='word_1_165' title='bbox 1153 1502 1269 1584; x_wconf 78' lang='lat' dir='ltr'><strong>absque</strong></span> <span class='ocrx_word' id='word_1_166' title='bbox 1285 1500 1405 1563; x_wconf 89' lang='lat' dir='ltr'><strong>illorum</strong></span> <span class='ocrx_word' id='word_1_167' title='bbox 1420 1501 1508 1562; x_wconf 90' lang='lat' dir='ltr'><strong>meri-</strong></span> 
     </span>
     <span class='ocr_line' id='line_1_15' title="bbox 73 1585 1507 1672; baseline -0.001 -23"><span class='ocrx_word' id='word_1_168' title='bbox 73 1610 134 1671; x_wconf 73' lang='lat' dir='ltr'><strong>pso,</strong></span> <span class='ocrx_word' id='word_1_169' title='bbox 154 1586 216 1650; x_wconf 87' lang='lat' dir='ltr'><strong>sed</strong></span> <span class='ocrx_word' id='word_1_170' title='bbox 238 1596 336 1649; x_wconf 89' lang='lat' dir='ltr'><strong>totum</strong></span> <span class='ocrx_word' id='word_1_171' title='bbox 350 1592 462 1671; x_wconf 86' lang='lat' dir='ltr'><strong>accipit</strong></span> <span class='ocrx_word' id='word_1_172' title='bbox 475 1611 494 1651; x_wconf 87' lang='lat' dir='ltr'><strong>a</strong></span> <span class='ocrx_word' id='word_1_173' title='bbox 508 1590 575 1652; x_wconf 89' lang='lat' dir='ltr'><strong>Dec</strong></span> <span class='ocrx_word' id='word_1_174' title='bbox 590 1593 757 1654; x_wconf 90' lang='lat' dir='ltr'><strong>misericor·</strong></span> <span class='ocrx_word' id='word_1_175' title='bbox 807 1593 853 1653; x_wconf 84' lang='lat' dir='ltr'><strong>tia</strong></span> <span class='ocrx_word' id='word_1_176' title='bbox 887 1590 949 1653; x_wconf 84' lang='lat' dir='ltr'><strong>Sed</strong></span> <span class='ocrx_word' id='word_1_177' title='bbox 974 1610 1105 1672; x_wconf 91' lang='lat' dir='ltr'><strong>quonam</strong></span> <span class='ocrx_word' id='word_1_178' title='bbox 1131 1589 1164 1651; x_wconf 91' lang='lat' dir='ltr'><strong>id</strong></span> <span class='ocrx_word' id='word_1_179' title='bbox 1189 1588 1279 1649; x_wconf 92' lang='lat' dir='ltr'><strong>docet</strong></span> <span class='ocrx_word' id='word_1_180' title='bbox 1304 1585 1507 1670; x_wconf 80' lang='lat' dir='ltr'><strong>argumento?</strong></span> 
     </span>
     <span class='ocr_line' id='line_1_16' title="bbox 73 1674 1507 1761; baseline -0.003 -22"><span class='ocrx_word' id='word_1_181' title='bbox 73 1678 133 1739; x_wconf 82' lang='lat' dir='ltr'><strong>iter</strong></span> <span class='ocrx_word' id='word_1_182' title='bbox 143 1678 251 1756; x_wconf 84' lang='lat' dir='ltr'><strong>ipsum</strong></span> <span class='ocrx_word' id='word_1_183' title='bbox 261 1696 315 1758; x_wconf 85' lang='lat' dir='ltr'><strong>per</strong></span> <span class='ocrx_word' id='word_1_184' title='bbox 325 1679 453 1756; x_wconf 78' lang='lat' dir='ltr'><strong>gretiam</strong></span> <span class='ocrx_word' id='word_1_185' title='bbox 464 1698 549 1739; x_wconf 89' lang='lat' dir='ltr'><strong>suam</strong></span> <span class='ocrx_word' id='word_1_186' title='bbox 558 1681 757 1761; x_wconf 85' lang='lat' dir='ltr'><strong>praevenien·</strong></span> <span class='ocrx_word' id='word_1_187' title='bbox 806 1677 877 1740; x_wconf 85' lang='lat' dir='ltr'><strong>Non</strong></span> <span class='ocrx_word' id='word_1_188' title='bbox 888 1678 967 1739; x_wconf 88' lang='lat' dir='ltr'><strong>euim</strong></span> <span class='ocrx_word' id='word_1_189' title='bbox 978 1679 1131 1759; x_wconf 85' lang='lat' dir='ltr'><strong>sequitur:</strong></span> <span class='ocrx_word' id='word_1_190' title='bbox 1147 1678 1184 1737; x_wconf 94' lang='lat' dir='ltr'><strong>In</strong></span> <span class='ocrx_word' id='word_1_191' title='bbox 1195 1677 1253 1738; x_wconf 91' lang='lat' dir='ltr'><strong>boc</strong></span> <span class='ocrx_word' id='word_1_192' title='bbox 1265 1674 1507 1737; x_wconf 85' lang='lat' dir='ltr'><strong>excitavitDeus</strong></span> 
     </span>
     <span class='ocr_line' id='line_1_17' title="bbox 73 1760 1508 1845; baseline -0.003 -18"><span class='ocrx_word' id='word_1_193' title='bbox 73 1760 215 1845; x_wconf 78' lang='lat' dir='ltr'><strong>aQuem</strong></span> <span class='ocrx_word' id='word_1_194' title='bbox 229 1783 351 1826; x_wconf 82' lang='lat' dir='ltr'><strong>sensum</strong></span> <span class='ocrx_word' id='word_1_195' title='bbox 364 1764 436 1826; x_wconf 89' lang='lat' dir='ltr'><strong>licet</strong></span> <span class='ocrx_word' id='word_1_196' title='bbox 449 1785 511 1829; x_wconf 92' lang='lat' dir='ltr'><strong>non</strong></span> <span class='ocrx_word' id='word_1_197' title='bbox 522 1773 627 1845; x_wconf 87' lang='lat' dir='ltr'><strong>aperte</strong></span> <span class='ocrx_word' id='word_1_198' title='bbox 638 1766 760 1827; x_wconf 70' lang='lat' dir='ltr'><strong>madent</strong></span> <span class='ocrx_word' id='word_1_199' title='bbox 805 1765 1011 1838; x_wconf 87' lang='lat' dir='ltr'><strong>Pharaonem,</strong></span> <span class='ocrx_word' id='word_1_200' title='bbox 1034 1772 1068 1826; x_wconf 91' lang='lat' dir='ltr'><strong>ut</strong></span> <span class='ocrx_word' id='word_1_201' title='bbox 1090 1763 1231 1826; x_wconf 88' lang='lat' dir='ltr'><strong>ostendat</strong></span> <span class='ocrx_word' id='word_1_202' title='bbox 1253 1763 1284 1823; x_wconf 92' lang='lat' dir='ltr'><strong>in</strong></span> <span class='ocrx_word' id='word_1_203' title='bbox 1306 1783 1340 1825; x_wconf 93' lang='lat' dir='ltr'><strong>eo</strong></span> <span class='ocrx_word' id='word_1_204' title='bbox 1364 1765 1508 1824; x_wconf 84' lang='lat' dir='ltr'><strong>virtutem</strong></span> 
     </span>
     <span class='ocr_line' id='line_1_18' title="bbox 73 1848 1578 1933; baseline -0.004 -20"><span class='ocrx_word' id='word_1_205' title='bbox 73 1850 198 1922; x_wconf 73' lang='lat' dir='ltr'><strong>inim,</strong></span> <span class='ocrx_word' id='word_1_206' title='bbox 212 1848 373 1933; x_wconf 80' lang='lat' dir='ltr'><strong>Chrysost</strong></span> <span class='ocrx_word' id='word_1_207' title='bbox 391 1861 421 1912; x_wconf 90' lang='lat' dir='ltr'><strong>et</strong></span> <span class='ocrx_word' id='word_1_208' title='bbox 430 1851 565 1926; x_wconf 79' lang='lat' dir='ltr'><strong>Hieron,</strong></span> <span class='ocrx_word' id='word_1_209' title='bbox 581 1861 701 1915; x_wconf 90' lang='lat' dir='ltr'><strong>constat</strong></span> <span class='ocrx_word' id='word_1_210' title='bbox 715 1861 758 1914; x_wconf 83' lang='lat' dir='ltr'><strong>ts·</strong></span> <span class='ocrx_word' id='word_1_211' title='bbox 806 1873 891 1913; x_wconf 89' lang='lat' dir='ltr'><strong>suam</strong></span> <span class='ocrx_word' id='word_1_212' title='bbox 907 1859 971 1926; x_wconf 84' lang='lat' dir='ltr'><strong>etc,</strong></span> <span class='ocrx_word' id='word_1_213' title='bbox 987 1872 1058 1932; x_wconf 83' lang='lat' dir='ltr'><strong>ergo</strong></span> <span class='ocrx_word' id='word_1_214' title='bbox 1068 1853 1152 1931; x_wconf 88' lang='lat' dir='ltr'><strong>juste</strong></span> <span class='ocrx_word' id='word_1_215' title='bbox 1166 1871 1236 1912; x_wconf 88' lang='lat' dir='ltr'><strong>eum</strong></span> <span class='ocrx_word' id='word_1_216' title='bbox 1252 1851 1318 1911; x_wconf 90' lang='lat' dir='ltr'><strong>sine</strong></span> <span class='ocrx_word' id='word_1_217' title='bbox 1332 1851 1446 1911; x_wconf 90' lang='lat' dir='ltr'><strong>meritis</strong></span> <span class='ocrx_word' id='word_1_218' title='bbox 1462 1870 1506 1911; x_wconf 91' lang='lat' dir='ltr'><strong>re·</strong></span> <span class='ocrx_word' id='word_1_219' title='bbox 1574 1893 1578 1907; x_wconf 92' lang='lat'><strong>.</strong></span> 
     </span>
     <span class='ocr_line' id='line_1_19' title="bbox 73 1937 1509 2021; baseline -0.002 -20"><span class='ocrx_word' id='word_1_220' title='bbox 73 1958 123 2001; x_wconf 81' lang='lat' dir='ltr'><strong>ssu</strong></span> <span class='ocrx_word' id='word_1_221' title='bbox 136 1939 253 2020; x_wconf 76' lang='lat' dir='ltr'><strong>putim</strong></span> <span class='ocrx_word' id='word_1_222' title='bbox 267 1958 307 2000; x_wconf 89' lang='lat' dir='ltr'><strong>ex</strong></span> <span class='ocrx_word' id='word_1_223' title='bbox 320 1937 396 1999; x_wconf 91' lang='lat' dir='ltr'><strong>locis</strong></span> <span class='ocrx_word' id='word_1_224' title='bbox 411 1959 514 2000; x_wconf 90' lang='lat' dir='ltr'><strong>eorum</strong></span> <span class='ocrx_word' id='word_1_225' title='bbox 525 1941 636 2013; x_wconf 88' lang='lat' dir='ltr'><strong>citatis,</strong></span> <span class='ocrx_word' id='word_1_226' title='bbox 651 1941 760 2021; x_wconf 89' lang='lat' dir='ltr'><strong>partim</strong></span> <span class='ocrx_word' id='word_1_227' title='bbox 806 1940 956 2020; x_wconf 86' lang='lat' dir='ltr'><strong>probavit.</strong></span> <span class='ocrx_word' id='word_1_228' title='bbox 971 1938 1050 1998; x_wconf 89' lang='lat' dir='ltr'><strong>Nam</strong></span> <span class='ocrx_word' id='word_1_229' title='bbox 1061 1938 1235 2019; x_wconf 89' lang='lat' dir='ltr'><strong>responderi</strong></span> <span class='ocrx_word' id='word_1_230' title='bbox 1247 1946 1357 2017; x_wconf 76' lang='lat' dir='ltr'><strong>posset,</strong></span> <span class='ocrx_word' id='word_1_231' title='bbox 1372 1957 1432 1998; x_wconf 91' lang='lat' dir='ltr'><strong>non</strong></span> <span class='ocrx_word' id='word_1_232' title='bbox 1444 1939 1509 1998; x_wconf 82' lang='lat' dir='ltr'><strong>sine</strong></span> 
     </span>
     <span class='ocr_line' id='line_1_20' title="bbox 73 2023 1508 2107; baseline -0.003 -17"><span class='ocrx_word' id='word_1_233' title='bbox 73 2025 195 2098; x_wconf 77' lang='lat' dir='ltr'><strong>ratiis,</strong></span> <span class='ocrx_word' id='word_1_234' title='bbox 222 2025 263 2085; x_wconf 81' lang='lat' dir='ltr'><strong>ab</strong></span> <span class='ocrx_word' id='word_1_235' title='bbox 286 2025 377 2104; x_wconf 90' lang='lat' dir='ltr'><strong>hujus</strong></span> <span class='ocrx_word' id='word_1_236' title='bbox 400 2027 597 2107; x_wconf 86' lang='lat' dir='ltr'><strong>expositionis</strong></span> <span class='ocrx_word' id='word_1_237' title='bbox 623 2026 761 2088; x_wconf 87' lang='lat' dir='ltr'><strong>doctrina</strong></span> <span class='ocrx_word' id='word_1_238' title='bbox 806 2026 885 2087; x_wconf 89' lang='lat' dir='ltr'><strong>malo</strong></span> <span class='ocrx_word' id='word_1_239' title='bbox 902 2046 957 2086; x_wconf 91' lang='lat' dir='ltr'><strong>suc</strong></span> <span class='ocrx_word' id='word_1_240' title='bbox 971 2028 1079 2087; x_wconf 91' lang='lat' dir='ltr'><strong>merito</strong></span> <span class='ocrx_word' id='word_1_241' title='bbox 1093 2026 1283 2087; x_wconf 87' lang='lat' dir='ltr'><strong>Pharaonem</strong></span> <span class='ocrx_word' id='word_1_242' title='bbox 1306 2045 1325 2084; x_wconf 91' lang='lat' dir='ltr'><strong>a</strong></span> <span class='ocrx_word' id='word_1_243' title='bbox 1347 2023 1416 2085; x_wconf 92' lang='lat' dir='ltr'><strong>Deo</strong></span> <span class='ocrx_word' id='word_1_244' title='bbox 1432 2027 1508 2086; x_wconf 89' lang='lat' dir='ltr'><strong>exci-</strong></span> 
     </span>
     <span class='ocr_line' id='line_1_21' title="bbox 73 2111 1508 2195; baseline -0.001 -21"><span class='ocrx_word' id='word_1_245' title='bbox 73 2131 255 2195; x_wconf 75' lang='lat' dir='ltr'><strong>squsquam</strong></span> <span class='ocrx_word' id='word_1_246' title='bbox 270 2131 324 2173; x_wconf 84' lang='lat' dir='ltr'><strong>eos</strong></span> <span class='ocrx_word' id='word_1_247' title='bbox 339 2116 510 2176; x_wconf 82' lang='lat' dir='ltr'><strong>recessisse</strong></span> <span class='ocrx_word' id='word_1_248' title='bbox 532 2112 625 2194; x_wconf 80' lang='lat' dir='ltr'><strong>Quod</strong></span> <span class='ocrx_word' id='word_1_249' title='bbox 640 2111 760 2195; x_wconf 90' lang='lat' dir='ltr'><strong>quidem</strong></span> <span class='ocrx_word' id='word_1_250' title='bbox 807 2120 903 2174; x_wconf 91' lang='lat' dir='ltr'><strong>tatum</strong></span> <span class='ocrx_word' id='word_1_251' title='bbox 917 2112 1030 2190; x_wconf 82' lang='lat' dir='ltr'><strong>fuisse;</strong></span> <span class='ocrx_word' id='word_1_252' title='bbox 1045 2121 1098 2174; x_wconf 90' lang='lat' dir='ltr'><strong>aut</strong></span> <span class='ocrx_word' id='word_1_253' title='bbox 1113 2120 1209 2186; x_wconf 90' lang='lat' dir='ltr'><strong>certe,</strong></span> <span class='ocrx_word' id='word_1_254' title='bbox 1230 2113 1256 2171; x_wconf 90' lang='lat' dir='ltr'><strong>si</strong></span> <span class='ocrx_word' id='word_1_255' title='bbox 1272 2112 1337 2173; x_wconf 91' lang='lat' dir='ltr'><strong>sine</strong></span> <span class='ocrx_word' id='word_1_256' title='bbox 1354 2111 1434 2172; x_wconf 91' lang='lat' dir='ltr'><strong>omni</strong></span> <span class='ocrx_word' id='word_1_257' title='bbox 1448 2130 1508 2172; x_wconf 91' lang='lat' dir='ltr'><strong>me·</strong></span> 
     </span>
     <span class='ocr_line' id='line_1_22' title="bbox 73 2196 1509 2282; baseline -0.001 -20"><span class='ocrx_word' id='word_1_258' title='bbox 73 2201 219 2281; x_wconf 81' lang='lat' dir='ltr'><strong>perosius</strong></span> <span class='ocrx_word' id='word_1_259' title='bbox 234 2198 381 2281; x_wconf 83' lang='lat' dir='ltr'><strong>probare,</strong></span> <span class='ocrx_word' id='word_1_260' title='bbox 402 2220 463 2262; x_wconf 93' lang='lat' dir='ltr'><strong>non</strong></span> <span class='ocrx_word' id='word_1_261' title='bbox 478 2208 523 2262; x_wconf 89' lang='lat' dir='ltr'><strong>est</strong></span> <span class='ocrx_word' id='word_1_262' title='bbox 534 2201 701 2282; x_wconf 86' lang='lat' dir='ltr'><strong>praesentis</strong></span> <span class='ocrx_word' id='word_1_263' title='bbox 717 2203 761 2261; x_wconf 91' lang='lat' dir='ltr'><strong>in·</strong></span> <span class='ocrx_word' id='word_1_264' title='bbox 807 2200 879 2276; x_wconf 88' lang='lat' dir='ltr'><strong>rito,</strong></span> <span class='ocrx_word' id='word_1_265' title='bbox 902 2219 962 2261; x_wconf 93' lang='lat' dir='ltr'><strong>non</strong></span> <span class='ocrx_word' id='word_1_266' title='bbox 976 2207 1078 2260; x_wconf 83' lang='lat' dir='ltr'><strong>tamen</strong></span> <span class='ocrx_word' id='word_1_267' title='bbox 1089 2202 1172 2279; x_wconf 86' lang='lat' dir='ltr'><strong>juste</strong></span> <span class='ocrx_word' id='word_1_268' title='bbox 1187 2197 1310 2272; x_wconf 81' lang='lat' dir='ltr'><strong>factum,</strong></span> <span class='ocrx_word' id='word_1_269' title='bbox 1334 2196 1453 2259; x_wconf 90' lang='lat' dir='ltr'><strong>ostendi</strong></span> <span class='ocrx_word' id='word_1_270' title='bbox 1469 2217 1509 2260; x_wconf 86' lang='lat' dir='ltr'><strong>ex</strong></span> 
     </span>
     <span class='ocr_line' id='line_1_23' title="bbox 73 2284 1509 2369; baseline -0.003 -20"><span class='ocrx_word' id='word_1_271' title='bbox 73 2287 162 2350; x_wconf 70' lang='lat' dir='ltr'><strong>t&#39;tuti.</strong></span> <span class='ocrx_word' id='word_1_272' title='bbox 809 2307 845 2348; x_wconf 94' lang='lat' dir='ltr'><strong>eo</strong></span> <span class='ocrx_word' id='word_1_273' title='bbox 860 2286 941 2360; x_wconf 91' lang='lat' dir='ltr'><strong>solo,</strong></span> <span class='ocrx_word' id='word_1_274' title='bbox 962 2288 1035 2369; x_wconf 86' lang='lat' dir='ltr'><strong>quia</strong></span> <span class='ocrx_word' id='word_1_275' title='bbox 1054 2286 1094 2347; x_wconf 87' lang='lat' dir='ltr'><strong>sd</strong></span> <span class='ocrx_word' id='word_1_276' title='bbox 1112 2286 1223 2347; x_wconf 90' lang='lat' dir='ltr'><strong>bonum</strong></span> <span class='ocrx_word' id='word_1_277' title='bbox 1236 2286 1326 2346; x_wconf 88' lang='lat' dir='ltr'><strong>finem</strong></span> <span class='ocrx_word' id='word_1_278' title='bbox 1341 2284 1509 2346; x_wconf 89' lang='lat' dir='ltr'><strong>ordinatum</strong></span> 
     </span>
     <span class='ocr_line' id='line_1_24' title="bbox 97 2371 1508 2455; baseline 0.001 -22"><span class='ocrx_word' id='word_1_279' title='bbox 97 2373 252 2455; x_wconf 76' lang='lat' dir='ltr'><strong>Quamvis</strong></span> <span class='ocrx_word' id='word_1_280' title='bbox 275 2380 376 2433; x_wconf 85' lang='lat' dir='ltr'><strong>antem</strong></span> <span class='ocrx_word' id='word_1_281' title='bbox 397 2374 474 2435; x_wconf 87' lang='lat' dir='ltr'><strong>baec</strong></span> <span class='ocrx_word' id='word_1_282' title='bbox 495 2374 657 2454; x_wconf 81' lang='lat' dir='ltr'><strong>Augustini</strong></span> <span class='ocrx_word' id='word_1_283' title='bbox 671 2375 760 2435; x_wconf 74' lang='lat' dir='ltr'><strong>inter</strong></span> <span class='ocrx_word' id='word_1_284' title='bbox 808 2381 863 2437; x_wconf 84' lang='lat' dir='ltr'><strong>eat</strong></span> <span class='ocrx_word' id='word_1_285' title='bbox 885 2374 965 2434; x_wconf 86' lang='lat' dir='ltr'><strong>Nam</strong></span> <span class='ocrx_word' id='word_1_286' title='bbox 980 2372 1021 2433; x_wconf 89' lang='lat' dir='ltr'><strong>ad</strong></span> <span class='ocrx_word' id='word_1_287' title='bbox 1041 2372 1135 2434; x_wconf 91' lang='lat' dir='ltr'><strong>bonos</strong></span> <span class='ocrx_word' id='word_1_288' title='bbox 1158 2373 1234 2433; x_wconf 88' lang='lat' dir='ltr'><strong>fines</strong></span> <span class='ocrx_word' id='word_1_289' title='bbox 1258 2371 1425 2452; x_wconf 88' lang='lat' dir='ltr'><strong>aliquando</strong></span> <span class='ocrx_word' id='word_1_290' title='bbox 1446 2391 1508 2434; x_wconf 92' lang='lat' dir='ltr'><strong>me·</strong></span> 
     </span>
     <span class='ocr_line' id='line_1_25' title="bbox 73 2459 1343 2539; baseline -0.002 -17"><span class='ocrx_word' id='word_1_291' title='bbox 73 2461 187 2522; x_wconf 74' lang='lat' dir='ltr'><strong>rotatio</strong></span> <span class='ocrx_word' id='word_1_292' title='bbox 196 2462 381 2521; x_wconf 74' lang='lat' dir='ltr'><strong>amtenfiam</strong></span> <span class='ocrx_word' id='word_1_293' title='bbox 393 2469 425 2520; x_wconf 90' lang='lat' dir='ltr'><strong>et</strong></span> <span class='ocrx_word' id='word_1_294' title='bbox 435 2459 600 2522; x_wconf 85' lang='lat' dir='ltr'><strong>doctrinam</strong></span> <span class='ocrx_word' id='word_1_295' title='bbox 612 2463 762 2522; x_wconf 84' lang='lat' dir='ltr'><strong>contineat</strong></span> <span class='ocrx_word' id='word_1_296' title='bbox 809 2459 861 2522; x_wconf 85' lang='lat' dir='ltr'><strong>dis</strong></span> <span class='ocrx_word' id='word_1_297' title='bbox 874 2460 955 2520; x_wconf 87' lang='lat' dir='ltr'><strong>mala</strong></span> <span class='ocrx_word' id='word_1_298' title='bbox 970 2468 1001 2520; x_wconf 92' lang='lat' dir='ltr'><strong>et</strong></span> <span class='ocrx_word' id='word_1_299' title='bbox 1013 2459 1127 2539; x_wconf 88' lang='lat' dir='ltr'><strong>injusta</strong></span> <span class='ocrx_word' id='word_1_300' title='bbox 1141 2467 1343 2520; x_wconf 88' lang='lat' dir='ltr'><strong>assumuntur.</strong></span> 
     </span>
    </p>

    <p class='ocr_par' dir='ltr' id='par_1_4' title="bbox 73 2544 1510 2975">
     <span class='ocr_line' id='line_1_26' title="bbox 73 2544 1509 2626; baseline -0.004 -15"><span class='ocrx_word' id='word_1_301' title='bbox 73 2568 109 2611; x_wconf 69' lang='lat' dir='ltr'><strong>tc</strong></span> <span class='ocrx_word' id='word_1_302' title='bbox 122 2547 229 2610; x_wconf 78' lang='lat' dir='ltr'><strong>omnis</strong></span> <span class='ocrx_word' id='word_1_303' title='bbox 240 2546 430 2622; x_wconf 86' lang='lat' dir='ltr'><strong>catholicam,</strong></span> <span class='ocrx_word' id='word_1_304' title='bbox 444 2569 505 2608; x_wconf 90' lang='lat' dir='ltr'><strong>non</strong></span> <span class='ocrx_word' id='word_1_305' title='bbox 519 2555 619 2609; x_wconf 86' lang='lat' dir='ltr'><strong>tamen</strong></span> <span class='ocrx_word' id='word_1_306' title='bbox 630 2548 711 2610; x_wconf 89' lang='lat' dir='ltr'><strong>omni</strong></span> <span class='ocrx_word' id='word_1_307' title='bbox 722 2567 762 2608; x_wconf 90' lang='lat' dir='ltr'><strong>ex</strong></span> <span class='ocrx_word' id='word_1_308' title='bbox 850 2544 980 2619; x_wconf 86' lang='lat' dir='ltr'><strong>Deinde,</strong></span> <span class='ocrx_word' id='word_1_309' title='bbox 996 2547 1022 2607; x_wconf 86' lang='lat' dir='ltr'><strong>si</strong></span> <span class='ocrx_word' id='word_1_310' title='bbox 1036 2545 1084 2607; x_wconf 89' lang='lat' dir='ltr'><strong>bic</strong></span> <span class='ocrx_word' id='word_1_311' title='bbox 1097 2545 1226 2625; x_wconf 87' lang='lat' dir='ltr'><strong>probare</strong></span> <span class='ocrx_word' id='word_1_312' title='bbox 1241 2545 1335 2607; x_wconf 84' lang='lat' dir='ltr'><strong>vellet</strong></span> <span class='ocrx_word' id='word_1_313' title='bbox 1345 2544 1509 2626; x_wconf 82' lang='lat' dir='ltr'><strong>Apostolus</strong></span> 
     </span>
     <span class='ocr_line' id='line_1_27' title="bbox 73 2631 1510 2714; baseline -0.002 -18"><span class='ocrx_word' id='word_1_314' title='bbox 73 2644 141 2696; x_wconf 70' lang='lat' dir='ltr'><strong>arte</strong></span> <span class='ocrx_word' id='word_1_315' title='bbox 156 2653 330 2713; x_wconf 73' lang='lat' dir='ltr'><strong>congruere</strong></span> <span class='ocrx_word' id='word_1_316' title='bbox 343 2632 461 2696; x_wconf 85' lang='lat' dir='ltr'><strong>videtur</strong></span> <span class='ocrx_word' id='word_1_317' title='bbox 476 2635 616 2696; x_wconf 90' lang='lat' dir='ltr'><strong>instituto</strong></span> <span class='ocrx_word' id='word_1_318' title='bbox 640 2644 670 2696; x_wconf 89' lang='lat' dir='ltr'><strong>et</strong></span> <span class='ocrx_word' id='word_1_319' title='bbox 692 2654 761 2696; x_wconf 90' lang='lat' dir='ltr'><strong>con·</strong></span> <span class='ocrx_word' id='word_1_320' title='bbox 809 2632 934 2697; x_wconf 85' lang='lat' dir='ltr'><strong>alteram</strong></span> <span class='ocrx_word' id='word_1_321' title='bbox 959 2639 1074 2713; x_wconf 82' lang='lat' dir='ltr'><strong>partem</strong></span> <span class='ocrx_word' id='word_1_322' title='bbox 1097 2631 1267 2706; x_wconf 79' lang='lat' dir='ltr'><strong>doctrines,</strong></span> <span class='ocrx_word' id='word_1_323' title='bbox 1290 2654 1351 2693; x_wconf 92' lang='lat' dir='ltr'><strong>non</strong></span> <span class='ocrx_word' id='word_1_324' title='bbox 1365 2638 1510 2714; x_wconf 68' lang='lat' dir='ltr'><strong>juteretur</strong></span> 
     </span>
     <span class='ocr_line' id='line_1_28' title="bbox 73 2718 1510 2803; baseline -0.002 -20"><span class='ocrx_word' id='word_1_325' title='bbox 73 2722 151 2783; x_wconf 76' lang='lat' dir='ltr'><strong>nturi</strong></span> <span class='ocrx_word' id='word_1_326' title='bbox 164 2719 358 2800; x_wconf 81' lang='lat' dir='ltr'><strong>Apostolieo.</strong></span> <span class='ocrx_word' id='word_1_327' title='bbox 380 2720 524 2802; x_wconf 82' lang='lat' dir='ltr'><strong>Disputat</strong></span> <span class='ocrx_word' id='word_1_328' title='bbox 539 2723 618 2782; x_wconf 89' lang='lat' dir='ltr'><strong>enim</strong></span> <span class='ocrx_word' id='word_1_329' title='bbox 631 2722 761 2803; x_wconf 86' lang='lat' dir='ltr'><strong>Aposto·</strong></span> <span class='ocrx_word' id='word_1_330' title='bbox 809 2720 1024 2800; x_wconf 77' lang='lat' dir='ltr'><strong>conjunctione</strong></span> <span class='ocrx_word' id='word_1_331' title='bbox 1039 2719 1170 2782; x_wconf 88' lang='lat' dir='ltr'><strong>causali:</strong></span> <span class='ocrx_word' id='word_1_332' title='bbox 1187 2720 1263 2781; x_wconf 81' lang='lat' dir='ltr'><strong>dicit</strong></span> <span class='ocrx_word' id='word_1_333' title='bbox 1279 2723 1375 2798; x_wconf 76' lang='lat' dir='ltr'><strong>enim,</strong></span> <span class='ocrx_word' id='word_1_334' title='bbox 1392 2718 1446 2780; x_wconf 92' lang='lat' dir='ltr'><strong>sed</strong></span> <span class='ocrx_word' id='word_1_335' title='bbox 1462 2739 1510 2780; x_wconf 92' lang='lat' dir='ltr'><strong>co·</strong></span> 
     </span>
     <span class='ocr_line' id='line_1_29' title="bbox 73 2805 1510 2890; baseline -0.002 -21"><span class='ocrx_word' id='word_1_336' title='bbox 73 2807 158 2869; x_wconf 82' lang='lat' dir='ltr'><strong>rade</strong></span> <span class='ocrx_word' id='word_1_337' title='bbox 182 2806 335 2869; x_wconf 89' lang='lat' dir='ltr'><strong>electione</strong></span> <span class='ocrx_word' id='word_1_338' title='bbox 358 2805 475 2881; x_wconf 80' lang='lat' dir='ltr'><strong>divina,</strong></span> <span class='ocrx_word' id='word_1_339' title='bbox 501 2827 593 2889; x_wconf 91' lang='lat' dir='ltr'><strong>quam</strong></span> <span class='ocrx_word' id='word_1_340' title='bbox 615 2809 763 2890; x_wconf 86' lang='lat' dir='ltr'><strong>superiori</strong></span> <span class='ocrx_word' id='word_1_341' title='bbox 809 2805 961 2888; x_wconf 85' lang='lat' dir='ltr'><strong>puletiva:</strong></span> <span class='ocrx_word' id='word_1_342' title='bbox 986 2806 1063 2867; x_wconf 82' lang='lat' dir='ltr'><strong>dicit</strong></span> <span class='ocrx_word' id='word_1_343' title='bbox 1077 2810 1189 2868; x_wconf 83' lang='lat' dir='ltr'><strong>ctiam.</strong></span> <span class='ocrx_word' id='word_1_344' title='bbox 1211 2806 1250 2866; x_wconf 92' lang='lat' dir='ltr'><strong>Id</strong></span> <span class='ocrx_word' id='word_1_345' title='bbox 1273 2806 1352 2868; x_wconf 91' lang='lat' dir='ltr'><strong>enim</strong></span> <span class='ocrx_word' id='word_1_346' title='bbox 1375 2808 1510 2888; x_wconf 83' lang='lat' dir='ltr'><strong>exigeret</strong></span> 
     </span>
     <span class='ocr_line' id='line_1_30' title="bbox 73 2894 1144 2975; baseline -0.004 -18"><span class='ocrx_word' id='word_1_347' title='bbox 73 2894 233 2957; x_wconf 70' lang='lat' dir='ltr'><strong>aemonio</strong></span> <span class='ocrx_word' id='word_1_348' title='bbox 257 2894 424 2975; x_wconf 86' lang='lat' dir='ltr'><strong>scripturae</strong></span> <span class='ocrx_word' id='word_1_349' title='bbox 443 2894 592 2974; x_wconf 85' lang='lat' dir='ltr'><strong>rejecerat</strong></span> <span class='ocrx_word' id='word_1_350' title='bbox 613 2894 762 2957; x_wconf 87' lang='lat' dir='ltr'><strong>insolam</strong></span> <span class='ocrx_word' id='word_1_351' title='bbox 810 2901 972 2956; x_wconf 88' lang='lat' dir='ltr'><strong>contextus</strong></span> <span class='ocrx_word' id='word_1_352' title='bbox 988 2895 1144 2957; x_wconf 83' lang='lat' dir='ltr'><strong>sermonis.</strong></span> 
     </span>
    </p>

    <p class='ocr_par' dir='ltr' id='par_1_5' title="bbox 73 2978 1511 4801">
     <span class='ocr_line' id='line_1_31' title="bbox 73 2978 1510 3064; baseline -0.003 -22"><span class='ocrx_word' id='word_1_353' title='bbox 73 2980 115 3043; x_wconf 77' lang='lat' dir='ltr'><strong>lei</strong></span> <span class='ocrx_word' id='word_1_354' title='bbox 140 2981 320 3042; x_wconf 84' lang='lat' dir='ltr'><strong>miserentis</strong></span> <span class='ocrx_word' id='word_1_355' title='bbox 343 2980 548 3056; x_wconf 84' lang='lat' dir='ltr'><strong>voluntatem,</strong></span> <span class='ocrx_word' id='word_1_356' title='bbox 574 2991 665 3064; x_wconf 91' lang='lat' dir='ltr'><strong>atque</strong></span> <span class='ocrx_word' id='word_1_357' title='bbox 691 2978 762 3045; x_wconf 86' lang='lat' dir='ltr'><strong>inde</strong></span> <span class='ocrx_word' id='word_1_358' title='bbox 852 2980 962 3063; x_wconf 86' lang='lat' dir='ltr'><strong>Itaque</strong></span> <span class='ocrx_word' id='word_1_359' title='bbox 971 2980 1072 3061; x_wconf 91' lang='lat' dir='ltr'><strong>potius</strong></span> <span class='ocrx_word' id='word_1_360' title='bbox 1080 2978 1248 3053; x_wconf 87' lang='lat' dir='ltr'><strong>dicendum,</strong></span> <span class='ocrx_word' id='word_1_361' title='bbox 1259 2978 1510 3063; x_wconf 89' lang='lat' dir='ltr'><strong>quemadmodum</strong></span> 
     </span>
     <span class='ocr_line' id='line_1_32' title="bbox 73 3065 1508 3149; baseline -0.004 -18"><span class='ocrx_word' id='word_1_362' title='bbox 73 3066 213 3131; x_wconf 78' lang='lat' dir='ltr'><strong>secludit</strong></span> <span class='ocrx_word' id='word_1_363' title='bbox 227 3065 348 3128; x_wconf 89' lang='lat' dir='ltr'><strong>dicens:</strong></span> <span class='ocrx_word' id='word_1_364' title='bbox 370 3070 477 3144; x_wconf 72' lang='lat' dir='ltr'><strong>Igitur</strong></span> <span class='ocrx_word' id='word_1_365' title='bbox 497 3087 599 3147; x_wconf 78' lang='lat' dir='ltr'><strong>neque</strong></span> <span class='ocrx_word' id='word_1_366' title='bbox 613 3069 760 3143; x_wconf 72' lang='lat' dir='ltr'><strong>colentia</strong></span> <span class='ocrx_word' id='word_1_367' title='bbox 810 3068 948 3149; x_wconf 88' lang='lat' dir='ltr'><strong>superius</strong></span> <span class='ocrx_word' id='word_1_368' title='bbox 975 3065 1122 3142; x_wconf 84' lang='lat' dir='ltr'><strong>indicavi,</strong></span> <span class='ocrx_word' id='word_1_369' title='bbox 1148 3068 1180 3126; x_wconf 91' lang='lat' dir='ltr'><strong>in</strong></span> <span class='ocrx_word' id='word_1_370' title='bbox 1205 3065 1299 3145; x_wconf 89' lang='lat' dir='ltr'><strong>priori</strong></span> <span class='ocrx_word' id='word_1_371' title='bbox 1321 3067 1508 3127; x_wconf 86' lang='lat' dir='ltr'><strong>testimonio:</strong></span> 
     </span>
     <span class='ocr_line' id='line_1_33' title="bbox 73 3152 1509 3236; baseline -0.001 -21"><span class='ocrx_word' id='word_1_372' title='bbox 73 3164 113 3215; x_wconf 74' lang='lat' dir='ltr'><strong>tc.</strong></span> <span class='ocrx_word' id='word_1_373' title='bbox 123 3152 237 3235; x_wconf 82' lang='lat' dir='ltr'><strong>Quare</strong></span> <span class='ocrx_word' id='word_1_374' title='bbox 251 3172 313 3213; x_wconf 92' lang='lat' dir='ltr'><strong>non</strong></span> <span class='ocrx_word' id='word_1_375' title='bbox 327 3153 366 3216; x_wconf 89' lang='lat' dir='ltr'><strong>de</strong></span> <span class='ocrx_word' id='word_1_376' title='bbox 378 3174 468 3216; x_wconf 87' lang='lat' dir='ltr'><strong>causa</strong></span> <span class='ocrx_word' id='word_1_377' title='bbox 480 3155 552 3215; x_wconf 91' lang='lat' dir='ltr'><strong>boni</strong></span> <span class='ocrx_word' id='word_1_378' title='bbox 563 3156 665 3236; x_wconf 88' lang='lat' dir='ltr'><strong>operis</strong></span> <span class='ocrx_word' id='word_1_379' title='bbox 674 3153 762 3218; x_wconf 91' lang='lat' dir='ltr'><strong>intel·</strong></span> <span class='ocrx_word' id='word_1_380' title='bbox 810 3153 995 3229; x_wconf 67' lang='lat' dir='ltr'><strong>liberabor,</strong></span> <span class='ocrx_word' id='word_1_381' title='bbox 1009 3157 1100 3228; x_wconf 77' lang='lat' dir='ltr'><strong>cujas</strong></span> <span class='ocrx_word' id='word_1_382' title='bbox 1110 3156 1270 3230; x_wconf 81' lang='lat' dir='ltr'><strong>misereor,</strong></span> <span class='ocrx_word' id='word_1_383' title='bbox 1283 3159 1348 3230; x_wconf 78' lang='lat' dir='ltr'><strong>etc,</strong></span> <span class='ocrx_word' id='word_1_384' title='bbox 1362 3153 1509 3214; x_wconf 86' lang='lat' dir='ltr'><strong>contineri</strong></span> 
     </span>
     <span class='ocr_line' id='line_1_34' title="bbox 73 3239 1510 3323; baseline 0 -22"><span class='ocrx_word' id='word_1_385' title='bbox 73 3241 178 3321; x_wconf 70' lang='lat' dir='ltr'><strong>&#39;ganda</strong></span> <span class='ocrx_word' id='word_1_386' title='bbox 195 3248 244 3301; x_wconf 84' lang='lat' dir='ltr'><strong>ast</strong></span> <span class='ocrx_word' id='word_1_387' title='bbox 263 3240 341 3301; x_wconf 85' lang='lat' dir='ltr'><strong>baec</strong></span> <span class='ocrx_word' id='word_1_388' title='bbox 363 3241 531 3315; x_wconf 84' lang='lat' dir='ltr'><strong>conclusio,</strong></span> <span class='ocrx_word' id='word_1_389' title='bbox 557 3243 612 3304; x_wconf 93' lang='lat' dir='ltr'><strong>sed</strong></span> <span class='ocrx_word' id='word_1_390' title='bbox 635 3240 674 3302; x_wconf 91' lang='lat' dir='ltr'><strong>de</strong></span> <span class='ocrx_word' id='word_1_391' title='bbox 697 3244 762 3323; x_wconf 82' lang='lat' dir='ltr'><strong>ipse</strong></span> <span class='ocrx_word' id='word_1_392' title='bbox 809 3239 1018 3323; x_wconf 86' lang='lat' dir='ltr'><strong>probationem</strong></span> <span class='ocrx_word' id='word_1_393' title='bbox 1025 3241 1192 3321; x_wconf 82' lang='lat' dir='ltr'><strong>utriusque,</strong></span> <span class='ocrx_word' id='word_1_394' title='bbox 1202 3239 1317 3301; x_wconf 90' lang='lat' dir='ltr'><strong>scilicet</strong></span> <span class='ocrx_word' id='word_1_395' title='bbox 1319 3240 1423 3318; x_wconf 87' lang='lat' dir='ltr'><strong>justae</strong></span> <span class='ocrx_word' id='word_1_396' title='bbox 1433 3240 1510 3301; x_wconf 91' lang='lat' dir='ltr'><strong>elec·</strong></span> 
     </span>
     <span class='ocr_line' id='line_1_35' title="bbox 73 3324 1508 3410; baseline -0.003 -19"><span class='ocrx_word' id='word_1_397' title='bbox 73 3326 214 3391; x_wconf 74' lang='lat' dir='ltr'><strong>lectione</strong></span> <span class='ocrx_word' id='word_1_398' title='bbox 228 3324 381 3389; x_wconf 84' lang='lat' dir='ltr'><strong>bominum</strong></span> <span class='ocrx_word' id='word_1_399' title='bbox 396 3327 435 3388; x_wconf 87' lang='lat' dir='ltr'><strong>ad</strong></span> <span class='ocrx_word' id='word_1_400' title='bbox 450 3328 593 3405; x_wconf 87' lang='lat' dir='ltr'><strong>salutem,</strong></span> <span class='ocrx_word' id='word_1_401' title='bbox 617 3326 760 3410; x_wconf 84' lang='lat' dir='ltr'><strong>quemad·</strong></span> <span class='ocrx_word' id='word_1_402' title='bbox 809 3326 900 3390; x_wconf 90' lang='lat' dir='ltr'><strong>tionis</strong></span> <span class='ocrx_word' id='word_1_403' title='bbox 913 3325 1002 3387; x_wconf 83' lang='lat' dir='ltr'><strong>annul</strong></span> <span class='ocrx_word' id='word_1_404' title='bbox 1011 3332 1042 3387; x_wconf 90' lang='lat' dir='ltr'><strong>et</strong></span> <span class='ocrx_word' id='word_1_405' title='bbox 1048 3326 1150 3405; x_wconf 88' lang='lat' dir='ltr'><strong>justae</strong></span> <span class='ocrx_word' id='word_1_406' title='bbox 1158 3327 1393 3406; x_wconf 86' lang='lat' dir='ltr'><strong>reprobationis:</strong></span> <span class='ocrx_word' id='word_1_407' title='bbox 1406 3347 1508 3409; x_wconf 89' lang='lat' dir='ltr'><strong>quam·</strong></span> 
     </span>
     <span class='ocr_line' id='line_1_36' title="bbox 73 3411 1511 3497; baseline -0.003 -20"><span class='ocrx_word' id='word_1_408' title='bbox 73 3413 177 3477; x_wconf 76' lang='lat' dir='ltr'><strong>rodum</strong></span> <span class='ocrx_word' id='word_1_409' title='bbox 196 3413 278 3473; x_wconf 85' lang='lat' dir='ltr'><strong>bene</strong></span> <span class='ocrx_word' id='word_1_410' title='bbox 291 3414 371 3475; x_wconf 90' lang='lat' dir='ltr'><strong>iuter</strong></span> <span class='ocrx_word' id='word_1_411' title='bbox 385 3414 461 3475; x_wconf 90' lang='lat' dir='ltr'><strong>alios</strong></span> <span class='ocrx_word' id='word_1_412' title='bbox 475 3415 689 3497; x_wconf 90' lang='lat' dir='ltr'><strong>interpretatur</strong></span> <span class='ocrx_word' id='word_1_413' title='bbox 703 3413 761 3477; x_wconf 82' lang='lat' dir='ltr'><strong>Oa·</strong></span> <span class='ocrx_word' id='word_1_414' title='bbox 810 3415 932 3475; x_wconf 78' lang='lat' dir='ltr'><strong>sistam</strong></span> <span class='ocrx_word' id='word_1_415' title='bbox 949 3412 1033 3488; x_wconf 86' lang='lat' dir='ltr'><strong>haec,</strong></span> <span class='ocrx_word' id='word_1_416' title='bbox 1049 3433 1139 3495; x_wconf 87' lang='lat' dir='ltr'><strong>quam</strong></span> <span class='ocrx_word' id='word_1_417' title='bbox 1155 3413 1208 3475; x_wconf 83' lang='lat' dir='ltr'><strong>illa</strong></span> <span class='ocrx_word' id='word_1_418' title='bbox 1222 3411 1261 3474; x_wconf 85' lang='lat' dir='ltr'><strong>ad</strong></span> <span class='ocrx_word' id='word_1_419' title='bbox 1272 3414 1356 3473; x_wconf 89' lang='lat' dir='ltr'><strong>nulla</strong></span> <span class='ocrx_word' id='word_1_420' title='bbox 1367 3415 1511 3494; x_wconf 83' lang='lat' dir='ltr'><strong>respiciat</strong></span> 
     </span>
     <span class='ocr_line' id='line_1_37' title="bbox 73 3499 1510 3585; baseline -0.003 -20"><span class='ocrx_word' id='word_1_421' title='bbox 73 3504 197 3576; x_wconf 56' lang='lat' dir='ltr'><strong>etenum</strong></span> <span class='ocrx_word' id='word_1_422' title='bbox 209 3509 248 3559; x_wconf 89' lang='lat' dir='ltr'><strong>ut</strong></span> <span class='ocrx_word' id='word_1_423' title='bbox 259 3500 434 3563; x_wconf 88' lang='lat' dir='ltr'><strong>aitsansus:</strong></span> <span class='ocrx_word' id='word_1_424' title='bbox 451 3499 542 3581; x_wconf 81' lang='lat' dir='ltr'><strong>Quod</strong></span> <span class='ocrx_word' id='word_1_425' title='bbox 553 3504 622 3585; x_wconf 92' lang='lat' dir='ltr'><strong>quis</strong></span> <span class='ocrx_word' id='word_1_426' title='bbox 634 3504 674 3564; x_wconf 92' lang='lat' dir='ltr'><strong>sit</strong></span> <span class='ocrx_word' id='word_1_427' title='bbox 686 3502 761 3563; x_wconf 91' lang='lat' dir='ltr'><strong>elec·</strong></span> <span class='ocrx_word' id='word_1_428' title='bbox 810 3502 915 3562; x_wconf 87' lang='lat' dir='ltr'><strong>merita</strong></span> <span class='ocrx_word' id='word_1_429' title='bbox 930 3500 1003 3579; x_wconf 88' lang='lat' dir='ltr'><strong>ejus,</strong></span> <span class='ocrx_word' id='word_1_430' title='bbox 1020 3502 1072 3581; x_wconf 92' lang='lat' dir='ltr'><strong>qui</strong></span> <span class='ocrx_word' id='word_1_431' title='bbox 1087 3500 1138 3561; x_wconf 88' lang='lat' dir='ltr'><strong>vel</strong></span> <span class='ocrx_word' id='word_1_432' title='bbox 1152 3500 1340 3578; x_wconf 90' lang='lat' dir='ltr'><strong>reprobatur,</strong></span> <span class='ocrx_word' id='word_1_433' title='bbox 1359 3501 1410 3561; x_wconf 88' lang='lat' dir='ltr'><strong>vel</strong></span> <span class='ocrx_word' id='word_1_434' title='bbox 1426 3500 1510 3583; x_wconf 83' lang='lat' dir='ltr'><strong>eligi-</strong></span> 
     </span>
     <span class='ocr_line' id='line_1_38' title="bbox 73 3585 1510 3667; baseline -0.001 -18"><span class='ocrx_word' id='word_1_435' title='bbox 73 3586 237 3658; x_wconf 80' lang='lat' dir='ltr'><strong>msDeo,</strong></span> <span class='ocrx_word' id='word_1_436' title='bbox 253 3588 761 3651; x_wconf 83' lang='lat' dir='ltr'><strong>nonestexmeritobonaerolun·</strong></span> <span class='ocrx_word' id='word_1_437' title='bbox 809 3597 866 3648; x_wconf 89' lang='lat' dir='ltr'><strong>tur.</strong></span> <span class='ocrx_word' id='word_1_438' title='bbox 890 3587 1013 3647; x_wconf 81' lang='lat' dir='ltr'><strong>Etenim</strong></span> <span class='ocrx_word' id='word_1_439' title='bbox 1040 3587 1065 3648; x_wconf 91' lang='lat' dir='ltr'><strong>si</strong></span> <span class='ocrx_word' id='word_1_440' title='bbox 1091 3585 1174 3647; x_wconf 86' lang='lat' dir='ltr'><strong>nulle</strong></span> <span class='ocrx_word' id='word_1_441' title='bbox 1201 3596 1247 3647; x_wconf 91' lang='lat' dir='ltr'><strong>est</strong></span> <span class='ocrx_word' id='word_1_442' title='bbox 1272 3588 1335 3648; x_wconf 92' lang='lat' dir='ltr'><strong>Dei</strong></span> <span class='ocrx_word' id='word_1_443' title='bbox 1363 3589 1510 3667; x_wconf 85' lang='lat' dir='ltr'><strong>injustitia</strong></span> 
     </span>
     <span class='ocr_line' id='line_1_39' title="bbox 73 3671 1510 3756; baseline -0.002 -19"><span class='ocrx_word' id='word_1_444' title='bbox 73 3677 140 3749; x_wconf 74' lang='lat' dir='ltr'><strong>aar,</strong></span> <span class='ocrx_word' id='word_1_445' title='bbox 167 3691 274 3754; x_wconf 88' lang='lat' dir='ltr'><strong>neque</strong></span> <span class='ocrx_word' id='word_1_446' title='bbox 297 3693 337 3735; x_wconf 90' lang='lat' dir='ltr'><strong>ex</strong></span> <span class='ocrx_word' id='word_1_447' title='bbox 358 3677 467 3735; x_wconf 91' lang='lat' dir='ltr'><strong>merito</strong></span> <span class='ocrx_word' id='word_1_448' title='bbox 493 3675 565 3738; x_wconf 91' lang='lat' dir='ltr'><strong>boni</strong></span> <span class='ocrx_word' id='word_1_449' title='bbox 586 3677 685 3756; x_wconf 85' lang='lat' dir='ltr'><strong>operis</strong></span> <span class='ocrx_word' id='word_1_450' title='bbox 707 3695 761 3736; x_wconf 86' lang='lat' dir='ltr'><strong>seu</strong></span> <span class='ocrx_word' id='word_1_451' title='bbox 809 3671 1041 3737; x_wconf 88' lang='lat' dir='ltr'><strong>misericorditer</strong></span> <span class='ocrx_word' id='word_1_452' title='bbox 1067 3692 1103 3733; x_wconf 89' lang='lat' dir='ltr'><strong>ac</strong></span> <span class='ocrx_word' id='word_1_453' title='bbox 1122 3675 1272 3754; x_wconf 29' lang='lat' dir='ltr'><strong>,gratuito</strong></span> <span class='ocrx_word' id='word_1_454' title='bbox 1295 3675 1433 3754; x_wconf 83' lang='lat' dir='ltr'><strong>eligentis</strong></span> <span class='ocrx_word' id='word_1_455' title='bbox 1456 3675 1510 3734; x_wconf 88' lang='lat' dir='ltr'><strong>ali·</strong></span> 
     </span>
     <span class='ocr_line' id='line_1_40' title="bbox 73 3759 1509 3843; baseline -0.002 -20"><span class='ocrx_word' id='word_1_456' title='bbox 73 3762 297 3823; x_wconf 63' lang='lat' dir='ltr'><strong>»immonis</strong></span> <span class='ocrx_word' id='word_1_457' title='bbox 311 3760 519 3841; x_wconf 63' lang='lat' dir='ltr'><strong>praecederis</strong></span> <span class='ocrx_word' id='word_1_458' title='bbox 531 3772 584 3823; x_wconf 86' lang='lat' dir='ltr'><strong>aut</strong></span> <span class='ocrx_word' id='word_1_459' title='bbox 593 3764 760 3842; x_wconf 85' lang='lat' dir='ltr'><strong>praevisae,</strong></span> <span class='ocrx_word' id='word_1_460' title='bbox 811 3781 887 3843; x_wconf 88' lang='lat' dir='ltr'><strong>quos</strong></span> <span class='ocrx_word' id='word_1_461' title='bbox 901 3778 974 3841; x_wconf 89' lang='lat' dir='ltr'><strong>prae</strong></span> <span class='ocrx_word' id='word_1_462' title='bbox 986 3761 1060 3833; x_wconf 88' lang='lat' dir='ltr'><strong>eliis,</strong></span> <span class='ocrx_word' id='word_1_463' title='bbox 1075 3759 1128 3819; x_wconf 89' lang='lat' dir='ltr'><strong>ubi</strong></span> <span class='ocrx_word' id='word_1_464' title='bbox 1140 3759 1224 3822; x_wconf 90' lang='lat' dir='ltr'><strong>nulla</strong></span> <span class='ocrx_word' id='word_1_465' title='bbox 1235 3770 1305 3822; x_wconf 89' lang='lat' dir='ltr'><strong>sunt</strong></span> <span class='ocrx_word' id='word_1_466' title='bbox 1315 3763 1429 3837; x_wconf 87' lang='lat' dir='ltr'><strong>merita,</strong></span> <span class='ocrx_word' id='word_1_467' title='bbox 1445 3761 1509 3823; x_wconf 92' lang='lat' dir='ltr'><strong>nnl-</strong></span> 
     </span>
     <span class='ocr_line' id='line_1_41' title="bbox 73 3846 1510 3930; baseline -0.002 -21"><span class='ocrx_word' id='word_1_468' title='bbox 73 3847 110 3909; x_wconf 78' lang='lat' dir='ltr'><strong>ed</strong></span> <span class='ocrx_word' id='word_1_469' title='bbox 121 3868 163 3910; x_wconf 80' lang='lat' dir='ltr'><strong>ex</strong></span> <span class='ocrx_word' id='word_1_470' title='bbox 176 3846 247 3909; x_wconf 91' lang='lat' dir='ltr'><strong>solo</strong></span> <span class='ocrx_word' id='word_1_471' title='bbox 264 3866 302 3909; x_wconf 92' lang='lat' dir='ltr'><strong>ac</strong></span> <span class='ocrx_word' id='word_1_472' title='bbox 316 3847 410 3909; x_wconf 88' lang='lat' dir='ltr'><strong>libero</strong></span> <span class='ocrx_word' id='word_1_473' title='bbox 425 3847 615 3930; x_wconf 84' lang='lat' dir='ltr'><strong>beneplacito</strong></span> <span class='ocrx_word' id='word_1_474' title='bbox 630 3849 693 3910; x_wconf 91' lang='lat' dir='ltr'><strong>Dei</strong></span> <span class='ocrx_word' id='word_1_475' title='bbox 707 3849 759 3909; x_wconf 90' lang='lat' dir='ltr'><strong>mi·</strong></span> <span class='ocrx_word' id='word_1_476' title='bbox 810 3849 840 3910; x_wconf 93' lang='lat' dir='ltr'><strong>la</strong></span> <span class='ocrx_word' id='word_1_477' title='bbox 855 3865 978 3928; x_wconf 90' lang='lat' dir='ltr'><strong>quoque</strong></span> <span class='ocrx_word' id='word_1_478' title='bbox 990 3846 1125 3927; x_wconf 88' lang='lat' dir='ltr'><strong>ejusdem</strong></span> <span class='ocrx_word' id='word_1_479' title='bbox 1137 3849 1191 3907; x_wconf 90' lang='lat' dir='ltr'><strong>crit</strong></span> <span class='ocrx_word' id='word_1_480' title='bbox 1203 3848 1352 3927; x_wconf 91' lang='lat' dir='ltr'><strong>injustitia</strong></span> <span class='ocrx_word' id='word_1_481' title='bbox 1363 3848 1439 3908; x_wconf 90' lang='lat' dir='ltr'><strong>alios</strong></span> <span class='ocrx_word' id='word_1_482' title='bbox 1450 3868 1510 3907; x_wconf 91' lang='lat' dir='ltr'><strong>non</strong></span> 
     </span>
     <span class='ocr_line' id='line_1_42' title="bbox 73 3932 1510 4014; baseline -0.003 -17"><span class='ocrx_word' id='word_1_483' title='bbox 73 3936 195 3997; x_wconf 73' lang='lat' dir='ltr'><strong>msa</strong></span> <span class='ocrx_word' id='word_1_484' title='bbox 811 3935 964 4014; x_wconf 85' lang='lat' dir='ltr'><strong>eligentis,</strong></span> <span class='ocrx_word' id='word_1_485' title='bbox 992 3932 1046 3995; x_wconf 89' lang='lat' dir='ltr'><strong>sed</strong></span> <span class='ocrx_word' id='word_1_486' title='bbox 1066 3934 1238 4013; x_wconf 85' lang='lat' dir='ltr'><strong>permittere</strong></span> <span class='ocrx_word' id='word_1_487' title='bbox 1260 3935 1409 4006; x_wconf 85' lang='lat' dir='ltr'><strong>volentis,</strong></span> <span class='ocrx_word' id='word_1_488' title='bbox 1431 3935 1510 3993; x_wconf 89' lang='lat' dir='ltr'><strong>utin</strong></span> 
     </span>
     <span class='ocr_line' id='line_1_43' title="bbox 99 4019 1508 4103; baseline -0.002 -20"><span class='ocrx_word' id='word_1_489' title='bbox 99 4020 148 4083; x_wconf 75' lang='lat' dir='ltr'><strong>Ex</strong></span> <span class='ocrx_word' id='word_1_490' title='bbox 174 4041 240 4102; x_wconf 79' lang='lat' dir='ltr'><strong>qua</strong></span> <span class='ocrx_word' id='word_1_491' title='bbox 263 4021 357 4081; x_wconf 81' lang='lat' dir='ltr'><strong>etiam</strong></span> <span class='ocrx_word' id='word_1_492' title='bbox 380 4021 631 4103; x_wconf 86' lang='lat' dir='ltr'><strong>interpretatione</strong></span> <span class='ocrx_word' id='word_1_493' title='bbox 653 4021 761 4102; x_wconf 90' lang='lat' dir='ltr'><strong>liquat,</strong></span> <span class='ocrx_word' id='word_1_494' title='bbox 809 4029 935 4102; x_wconf 89' lang='lat' dir='ltr'><strong>peccata</strong></span> <span class='ocrx_word' id='word_1_495' title='bbox 951 4019 1099 4094; x_wconf 86' lang='lat' dir='ltr'><strong>labantur,</strong></span> <span class='ocrx_word' id='word_1_496' title='bbox 1118 4040 1245 4101; x_wconf 90' lang='lat' dir='ltr'><strong>quorum</strong></span> <span class='ocrx_word' id='word_1_497' title='bbox 1259 4023 1366 4082; x_wconf 90' lang='lat' dir='ltr'><strong>merito</strong></span> <span class='ocrx_word' id='word_1_498' title='bbox 1383 4022 1444 4081; x_wconf 91' lang='lat' dir='ltr'><strong>sint</strong></span> <span class='ocrx_word' id='word_1_499' title='bbox 1459 4039 1508 4080; x_wconf 86' lang='lat' dir='ltr'><strong>ae·</strong></span> 
     </span>
     <span class='ocr_line' id='line_1_44' title="bbox 73 4107 1509 4192; baseline -0.001 -22"><span class='ocrx_word' id='word_1_500' title='bbox 73 4124 145 4187; x_wconf 77' lang='lat' dir='ltr'><strong>qaam</strong></span> <span class='ocrx_word' id='word_1_501' title='bbox 159 4126 261 4192; x_wconf 83' lang='lat' dir='ltr'><strong>prave</strong></span> <span class='ocrx_word' id='word_1_502' title='bbox 276 4107 476 4189; x_wconf 76' lang='lat' dir='ltr'><strong>detorqueant</strong></span> <span class='ocrx_word' id='word_1_503' title='bbox 492 4109 569 4171; x_wconf 90' lang='lat' dir='ltr'><strong>hanc</strong></span> <span class='ocrx_word' id='word_1_504' title='bbox 580 4110 761 4170; x_wconf 86' lang='lat' dir='ltr'><strong>sententiam</strong></span> <span class='ocrx_word' id='word_1_505' title='bbox 810 4116 897 4169; x_wconf 89' lang='lat' dir='ltr'><strong>terna</strong></span> <span class='ocrx_word' id='word_1_506' title='bbox 907 4116 1002 4168; x_wconf 88' lang='lat' dir='ltr'><strong>morte</strong></span> <span class='ocrx_word' id='word_1_507' title='bbox 1012 4107 1165 4188; x_wconf 80' lang='lat' dir='ltr'><strong>puniendi,</strong></span> <span class='ocrx_word' id='word_1_508' title='bbox 1177 4109 1259 4190; x_wconf 93' lang='lat' dir='ltr'><strong>quod</strong></span> <span class='ocrx_word' id='word_1_509' title='bbox 1269 4118 1318 4168; x_wconf 88' lang='lat' dir='ltr'><strong>est</strong></span> <span class='ocrx_word' id='word_1_510' title='bbox 1328 4107 1509 4187; x_wconf 82' lang='lat' dir='ltr'><strong>reprobare3</strong></span> 
     </span>
     <span class='ocr_line' id='line_1_45' title="bbox 73 4190 1509 4276; baseline -0.003 -18"><span class='ocrx_word' id='word_1_511' title='bbox 73 4190 206 4258; x_wconf 69' lang='lat' dir='ltr'><strong>baetici</strong></span> <span class='ocrx_word' id='word_1_512' title='bbox 227 4202 335 4256; x_wconf 86' lang='lat' dir='ltr'><strong>contra</strong></span> <span class='ocrx_word' id='word_1_513' title='bbox 356 4193 485 4256; x_wconf 90' lang='lat' dir='ltr'><strong>liberum</strong></span> <span class='ocrx_word' id='word_1_514' title='bbox 507 4195 667 4257; x_wconf 87' lang='lat' dir='ltr'><strong>arbitrium.</strong></span> <span class='ocrx_word' id='word_1_515' title='bbox 690 4194 762 4255; x_wconf 88' lang='lat' dir='ltr'><strong>Non</strong></span> <span class='ocrx_word' id='word_1_516' title='bbox 810 4193 1063 4276; x_wconf 88' lang='lat' dir='ltr'><strong>quemadmodum</strong></span> <span class='ocrx_word' id='word_1_517' title='bbox 1086 4193 1238 4255; x_wconf 88' lang='lat' dir='ltr'><strong>luculente</strong></span> <span class='ocrx_word' id='word_1_518' title='bbox 1261 4194 1350 4255; x_wconf 90' lang='lat' dir='ltr'><strong>dccet</strong></span> <span class='ocrx_word' id='word_1_519' title='bbox 1372 4195 1402 4255; x_wconf 87' lang='lat' dir='ltr'><strong>S.</strong></span> <span class='ocrx_word' id='word_1_520' title='bbox 1427 4194 1509 4254; x_wconf 86' lang='lat' dir='ltr'><strong>Tho·</strong></span> 
     </span>
     <span class='ocr_line' id='line_1_46' title="bbox 73 4278 1509 4363; baseline -0.001 -20"><span class='ocrx_word' id='word_1_521' title='bbox 73 4282 136 4343; x_wconf 70' lang='lat' dir='ltr'><strong>nim</strong></span> <span class='ocrx_word' id='word_1_522' title='bbox 150 4301 278 4344; x_wconf 81' lang='lat' dir='ltr'><strong>causam</strong></span> <span class='ocrx_word' id='word_1_523' title='bbox 293 4282 469 4343; x_wconf 91' lang='lat' dir='ltr'><strong>boninostri</strong></span> <span class='ocrx_word' id='word_1_524' title='bbox 482 4283 592 4363; x_wconf 86' lang='lat' dir='ltr'><strong>operis,</strong></span> <span class='ocrx_word' id='word_1_525' title='bbox 608 4282 663 4343; x_wconf 90' lang='lat' dir='ltr'><strong>sed</strong></span> <span class='ocrx_word' id='word_1_526' title='bbox 673 4282 760 4342; x_wconf 86' lang='lat' dir='ltr'><strong>meri·</strong></span> <span class='ocrx_word' id='word_1_527' title='bbox 809 4301 873 4341; x_wconf 86' lang='lat' dir='ltr'><strong>mas</strong></span> <span class='ocrx_word' id='word_1_528' title='bbox 893 4285 919 4340; x_wconf 94' lang='lat'><strong>1.</strong></span> <span class='ocrx_word' id='word_1_529' title='bbox 938 4301 1005 4359; x_wconf 89' lang='lat' dir='ltr'><strong>par.</strong></span> <span class='ocrx_word' id='word_1_530' title='bbox 1019 4288 1135 4363; x_wconf 90' lang='lat' dir='ltr'><strong>quaest.</strong></span> <span class='ocrx_word' id='word_1_531' title='bbox 1153 4286 1203 4344; x_wconf 81' lang='lat'><strong>23.</strong></span> <span class='ocrx_word' id='word_1_532' title='bbox 1225 4289 1279 4342; x_wconf 85' lang='lat' dir='ltr'><strong>art</strong></span> <span class='ocrx_word' id='word_1_533' title='bbox 1297 4282 1326 4340; x_wconf 82' lang='lat'><strong>3.</strong></span> <span class='ocrx_word' id='word_1_534' title='bbox 1344 4278 1509 4362; x_wconf 78' lang='lat' dir='ltr'><strong>Consequi-</strong></span> 
     </span>
     <span class='ocr_line' id='line_1_47' title="bbox 73 4368 1508 4449; baseline -0.002 -18"><span class='ocrx_word' id='word_1_535' title='bbox 73 4371 120 4430; x_wconf 74' lang='lat' dir='ltr'><strong>ln</strong></span> <span class='ocrx_word' id='word_1_536' title='bbox 144 4368 270 4431; x_wconf 82' lang='lat' dir='ltr'><strong>divinae</strong></span> <span class='ocrx_word' id='word_1_537' title='bbox 297 4369 456 4430; x_wconf 88' lang='lat' dir='ltr'><strong>electionis</strong></span> <span class='ocrx_word' id='word_1_538' title='bbox 482 4379 574 4449; x_wconf 86' lang='lat' dir='ltr'><strong>negat</strong></span> <span class='ocrx_word' id='word_1_539' title='bbox 595 4369 759 4448; x_wconf 81' lang='lat' dir='ltr'><strong>Apostolus</strong></span> <span class='ocrx_word' id='word_1_540' title='bbox 810 4376 859 4427; x_wconf 90' lang='lat' dir='ltr'><strong>tur</strong></span> <span class='ocrx_word' id='word_1_541' title='bbox 881 4387 953 4447; x_wconf 86' lang='lat' dir='ltr'><strong>ergo</strong></span> <span class='ocrx_word' id='word_1_542' title='bbox 974 4389 1030 4448; x_wconf 88' lang='lat' dir='ltr'><strong>per</strong></span> <span class='ocrx_word' id='word_1_543' title='bbox 1051 4370 1251 4428; x_wconf 87' lang='lat' dir='ltr'><strong>necessariam</strong></span> <span class='ocrx_word' id='word_1_544' title='bbox 1274 4369 1438 4428; x_wconf 74' lang='lat' dir='ltr'><strong>illationem</strong></span> <span class='ocrx_word' id='word_1_545' title='bbox 1464 4387 1508 4428; x_wconf 89' lang='lat' dir='ltr'><strong>re·</strong></span> 
     </span>
     <span class='ocr_line' id='line_1_48' title="bbox 73 4453 1509 4535; baseline -0.002 -18"><span class='ocrx_word' id='word_1_546' title='bbox 73 4453 298 4518; x_wconf 60' lang='lat' dir='ltr'><strong>mumdum</strong></span> <span class='ocrx_word' id='word_1_547' title='bbox 313 4457 346 4516; x_wconf 89' lang='lat' dir='ltr'><strong>in</strong></span> <span class='ocrx_word' id='word_1_548' title='bbox 360 4464 462 4517; x_wconf 87' lang='lat' dir='ltr'><strong>nostra</strong></span> <span class='ocrx_word' id='word_1_549' title='bbox 476 4457 633 4516; x_wconf 81' lang='lat' dir='ltr'><strong>voluntate</strong></span> <span class='ocrx_word' id='word_1_550' title='bbox 648 4475 761 4517; x_wconf 84' lang='lat' dir='ltr'><strong>aenos·</strong></span> <span class='ocrx_word' id='word_1_551' title='bbox 809 4454 950 4535; x_wconf 83' lang='lat' dir='ltr'><strong>probatio</strong></span> <span class='ocrx_word' id='word_1_552' title='bbox 976 4457 1042 4514; x_wconf 93' lang='lat' dir='ltr'><strong>sine</strong></span> <span class='ocrx_word' id='word_1_553' title='bbox 1063 4454 1177 4514; x_wconf 90' lang='lat' dir='ltr'><strong>meritis</strong></span> <span class='ocrx_word' id='word_1_554' title='bbox 1195 4455 1280 4533; x_wconf 88' lang='lat' dir='ltr'><strong>justa</strong></span> <span class='ocrx_word' id='word_1_555' title='bbox 1303 4474 1340 4515; x_wconf 87' lang='lat' dir='ltr'><strong>ex</strong></span> <span class='ocrx_word' id='word_1_556' title='bbox 1362 4455 1509 4515; x_wconf 86' lang='lat' dir='ltr'><strong>electione</strong></span> 
     </span>
     <span class='ocr_line' id='line_1_49' title="bbox 73 4538 1506 4624; baseline 0.001 -23"><span class='ocrx_word' id='word_1_557' title='bbox 73 4546 106 4601; x_wconf 71' lang='lat' dir='ltr'><strong>bc</strong></span> <span class='ocrx_word' id='word_1_558' title='bbox 117 4563 220 4624; x_wconf 78' lang='lat' dir='ltr'><strong>opera</strong></span> <span class='ocrx_word' id='word_1_559' title='bbox 243 4544 285 4604; x_wconf 78' lang='lat' dir='ltr'><strong>Et</strong></span> <span class='ocrx_word' id='word_1_560' title='bbox 299 4543 430 4622; x_wconf 82' lang='lat' dir='ltr'><strong>alioqui,</strong></span> <span class='ocrx_word' id='word_1_561' title='bbox 450 4564 511 4604; x_wconf 91' lang='lat' dir='ltr'><strong>non</strong></span> <span class='ocrx_word' id='word_1_562' title='bbox 526 4543 623 4603; x_wconf 90' lang='lat' dir='ltr'><strong>solum</strong></span> <span class='ocrx_word' id='word_1_563' title='bbox 637 4541 761 4603; x_wconf 91' lang='lat' dir='ltr'><strong>libertas</strong></span> <span class='ocrx_word' id='word_1_564' title='bbox 809 4543 953 4622; x_wconf 89' lang='lat' dir='ltr'><strong>gratuita.</strong></span> <span class='ocrx_word' id='word_1_565' title='bbox 976 4540 1080 4620; x_wconf 73' lang='lat' dir='ltr'><strong>Quare</strong></span> <span class='ocrx_word' id='word_1_566' title='bbox 1096 4538 1200 4622; x_wconf 89' lang='lat' dir='ltr'><strong>liquet,</strong></span> <span class='ocrx_word' id='word_1_567' title='bbox 1216 4539 1255 4601; x_wconf 84' lang='lat' dir='ltr'><strong>ad</strong></span> <span class='ocrx_word' id='word_1_568' title='bbox 1269 4551 1428 4623; x_wconf 90' lang='lat' dir='ltr'><strong>utramque</strong></span> <span class='ocrx_word' id='word_1_569' title='bbox 1442 4542 1506 4602; x_wconf 86' lang='lat' dir='ltr'><strong>vin·</strong></span> 
     </span>
     <span class='ocr_line' id='line_1_50' title="bbox 73 4626 1509 4711; baseline -0.003 -18"><span class='ocrx_word' id='word_1_570' title='bbox 73 4626 237 4704; x_wconf 56' lang='lat' dir='ltr'><strong>numan</strong></span> <span class='ocrx_word' id='word_1_571' title='bbox 252 4626 309 4691; x_wconf 85' lang='lat' dir='ltr'><strong>sed</strong></span> <span class='ocrx_word' id='word_1_572' title='bbox 324 4637 357 4689; x_wconf 89' lang='lat' dir='ltr'><strong>et</strong></span> <span class='ocrx_word' id='word_1_573' title='bbox 370 4630 436 4711; x_wconf 89' lang='lat' dir='ltr'><strong>ipsa</strong></span> <span class='ocrx_word' id='word_1_574' title='bbox 443 4630 585 4691; x_wconf 83' lang='lat' dir='ltr'><strong>voluntas</strong></span> <span class='ocrx_word' id='word_1_575' title='bbox 596 4627 760 4689; x_wconf 85' lang='lat' dir='ltr'><strong>destruere·</strong></span> <span class='ocrx_word' id='word_1_576' title='bbox 809 4627 968 4689; x_wconf 91' lang='lat' dir='ltr'><strong>dicandam</strong></span> <span class='ocrx_word' id='word_1_577' title='bbox 983 4627 1020 4688; x_wconf 96' lang='lat' dir='ltr'><strong>ab</strong></span> <span class='ocrx_word' id='word_1_578' title='bbox 1039 4628 1195 4707; x_wconf 89' lang='lat' dir='ltr'><strong>injustitia,</strong></span> <span class='ocrx_word' id='word_1_579' title='bbox 1210 4629 1314 4690; x_wconf 89' lang='lat' dir='ltr'><strong>valere</strong></span> <span class='ocrx_word' id='word_1_580' title='bbox 1329 4638 1359 4691; x_wconf 90' lang='lat' dir='ltr'><strong>et</strong></span> <span class='ocrx_word' id='word_1_581' title='bbox 1375 4628 1509 4692; x_wconf 90' lang='lat' dir='ltr'><strong>sufficere</strong></span> 
     </span>
     <span class='ocr_line' id='line_1_51' title="bbox 73 4714 1177 4801; baseline 0.003 -26"><span class='ocrx_word' id='word_1_582' title='bbox 73 4718 110 4775; x_wconf 83' lang='lat' dir='ltr'><strong>tu</strong></span> <span class='ocrx_word' id='word_1_583' title='bbox 119 4717 175 4779; x_wconf 82' lang='lat' dir='ltr'><strong>boe</strong></span> <span class='ocrx_word' id='word_1_584' title='bbox 189 4723 380 4801; x_wconf 85' lang='lat' dir='ltr'><strong>argumento,</strong></span> <span class='ocrx_word' id='word_1_585' title='bbox 395 4719 468 4799; x_wconf 88' lang='lat' dir='ltr'><strong>quia</strong></span> <span class='ocrx_word' id='word_1_586' title='bbox 481 4715 597 4792; x_wconf 87' lang='lat' dir='ltr'><strong>dicitur,</strong></span> <span class='ocrx_word' id='word_1_587' title='bbox 615 4734 684 4779; x_wconf 78' lang='lat' dir='ltr'><strong>noa</strong></span> <span class='ocrx_word' id='word_1_588' title='bbox 699 4733 759 4777; x_wconf 87' lang='lat' dir='ltr'><strong>co·</strong></span> <span class='ocrx_word' id='word_1_589' title='bbox 808 4716 988 4797; x_wconf 85' lang='lat' dir='ltr'><strong>scripturam</strong></span> <span class='ocrx_word' id='word_1_590' title='bbox 1004 4714 1177 4797; x_wconf 81' lang='lat' dir='ltr'><strong>allegatam.</strong></span> 
     </span>
    </p>

    <p class='ocr_par' dir='ltr' id='par_1_6' title="bbox 1224 4818 1301 4881">
     <span class='ocr_line' id='line_1_52' title="bbox 1224 4818 1301 4881; baseline 0.026 -2"><span class='ocrx_word' id='word_1_591' title='bbox 1224 4818 1301 4881; x_wconf 76' lang='lat'><strong>14*</strong></span> 
     </span>
    </p>
   </div>
   <div class='ocr_carea' id='block_1_3' title="bbox 0 0 1634 5190">
    <p class='ocr_par' dir='ltr' id='par_1_7' title="bbox 0 0 1634 5190">
     <span class='ocr_line' id='line_1_53' title="bbox 0 0 1634 5190; baseline 0 0"><span class='ocrx_word' id='word_1_592' title='bbox 0 0 1634 5190; x_wconf 95' lang='lat' dir='ltr'><strong> </strong></span> 
     </span>
    </p>
   </div>
  </div>
 </body>
</html>
