3254 5190
142 328 200 395 {luis

134 524 187 547 ..μ
215 512 249 537 κ..
264 496 368 549 geum
384 474 575 549 interpretem
601 463 690 526 simili
713 475 806 527 meta·

125 594 189 629 u„
210 582 331 627 ccccmo
348 560 385 635 rai
402 568 500 616 tauron
518 555 560 614 ita
574 550 676 627 vertit)
691 555 806 614 mulis·

197 668 350 711 uror-cru:
367 644 423 703 uisi
437 640 509 721 quia
520 640 650 718 suspicio
662 639 700 699 de
712 659 806 702 uxore

119 750 197 809 ruat·
216 732 392 819 qurlurularu
403 728 527 788 nimium
539 726 663 786 arrisit?
679 727 805 807 Alioqui

115 856 170 893 aar
183 826 277 903 stragis
288 820 326 879 cle
336 835 430 877 uxore
441 813 654 893 cogitationem
667 814 803 893 ingerere

112 920 212 977 ,guma
245 904 324 989 quod
350 901 424 962 dicit
450 918 591 961 sororem
617 902 803 976 mulierem

109 1018 196 1087 quam
219 998 245 1055 si
269 990 471 1051 Christianam
492 987 649 1048 moliorem
669 986 803 1048 dixisset

111 1088 173 1147 Noc
189 1100 260 1141 vero
274 1094 413 1137 sororem
424 1073 590 1134 mulierem
603 1074 693 1134 aliter
704 1073 803 1135 dicere

108 1170 202 1251 potuit
222 1166 354 1234 Graece,
377 1180 466 1241 quam
489 1151 628 1238 ἀδελφὴν
651 1162 801 1236 γυναῖκας

107 1259 162 1317 otsi
177 1252 299 1313 minime
315 1247 406 1307 vellet
422 1267 547 1307 uxorem
563 1247 699 1326 intelligi.

148 1344 231 1399 Corte
261 1336 390 1397 Paulum
420 1334 568 1395 coelibem
597 1333 704 1410 luisse,
739 1354 800 1416 quo

104 1439 236 1507 tempore
265 1422 387 1503 scripsit
415 1421 492 1481 hanc
522 1420 697 1500 epistolam,
728 1422 800 1483 satis

102 1515 228 1575 arbitror
244 1519 381 1571 constare
404 1508 558 1588 exipsius
581 1508 698 1581 verbis,
721 1527 800 1588 quae

102 1601 221 1679 scripsit
243 1616 336 1675 supra
360 1615 425 1675 cap.
443 1595 470 1654 7.
486 1614 564 1657 vers.
582 1595 609 1654 7.
626 1605 657 1656 st
673 1597 701 1654 8.
718 1606 801 1656 etex

101 1694 220 1768 patrum
236 1683 415 1744 testimoniis
432 1681 544 1742 ibidem
557 1705 575 1743 a
587 1683 675 1743 nobis
688 1681 798 1761 allega-

100 1770 449 1854 tis.Quorumautoritati
459 1770 619 1831 Clementis
628 1771 799 1849 opinionem

101 1862 139 1923 de
154 1880 247 1923 uxore
262 1858 349 1918 Pauli
373 1859 452 1917 inter
471 1868 591 1918 veteres
607 1857 799 1935 singularem,

96 1952 166 2029 jure
195 1947 302 2008 merito
332 1946 549 2025 postponimus.
587 1946 629 2005 Et
654 1942 734 2024 quod
760 1941 798 2002 ad

101 2038 180 2097 hunc
208 2033 308 2092 locum
338 2034 460 2105 attinet,
491 2031 736 2091 commentarium
762 2027 799 2088 de

100 2142 195 2183 uxore
218 2138 257 2180 cx
280 2119 416 2198 professo
437 2119 538 2196 rejicit
552 2118 675 2178 Hieron.
700 2116 752 2175 lib.
771 2118 798 2174 1.

101 2218 206 2269 contra
229 2205 330 2267 dorin.
354 2226 418 2285 cap.
437 2209 485 2266 14.
509 2225 544 2264 sc
567 2203 656 2265 docet
671 2204 799 2283 Aposto-

101 2297 163 2356 lum
179 2296 265 2369 loqui
280 2293 319 2352 dc
331 2295 448 2352 sanctis
459 2290 638 2372 quibusdam
653 2290 798 2350 mulieri·

102 2382 158 2441 bas
164 2426 175 2457 ,
192 2398 273 2456 quac
283 2382 380 2453 justa
394 2396 516 2438 morsm
529 2378 709 2441 Judaicam
726 2395 798 2435 ma·

99 2470 205 2544 pistris
220 2464 258 2525 de
272 2485 331 2525 aaa
353 2464 529 2527 substantia
551 2462 798 2525 ministrabant:

98 2559 178 2616 aaut
193 2552 341 2626 lepimas,
366 2554 479 2632 inquit,
501 2554 564 2627 ipsi
586 2570 709 2628 quoquc
729 2552 797 2611 Do·

97 2643 189 2701 miae
203 2640 398 2716 factitatum.
432 2637 549 2698 Eadem
564 2633 656 2697 tradit
670 2639 796 2717 August.

97 2726 148 2788 lib.
165 2725 204 2786 dc
219 2743 309 2805 opere
331 2724 466 2783 monach.
483 2742 548 2802 cap.
564 2726 593 2783 4.
609 2730 640 2783 ct
655 2723 684 2783 b.
709 2724 797 2784 Uter·

631 291 866 347 COMMENTARIUS
883 290 913 347 lll
930 292 998 347 GAP.
1015 292 1055 347 lx.

854 469 934 529 ralis.
956 469 1019 529 Ubi
1034 469 1256 546 Tertullianus,
1277 470 1361 551 quod
1376 469 1413 531 de
1428 471 1531 532 circum·

855 554 1001 617 ducendis
1016 556 1160 618 uxoribus
1176 556 1300 631 dicitur,
1316 574 1372 639 pro
1387 558 1452 617 loco
1467 558 1533 618 dissi·

853 642 986 714 mulsns,
1002 652 1115 702 tantum
1130 643 1295 723 respondet
1305 644 1451 715 Paulum,
1465 643 1533 704 utad

854 729 1025 808 exemplum
1039 749 1092 790 nos
1104 750 1191 791 suum
1203 742 1393 809 provocaret,
1410 731 1453 790 his
1465 750 1534 791 usuu

853 836 913 876 non
928 815 1033 889 tuisse,
1050 836 1131 897 quae
1146 818 1202 877 sibi
1217 817 1309 878 licere
1321 818 1450 879 dixerat
1473 816 1534 878 Vide

852 903 989 963 scholion
1004 903 1027 963 J
1029 904 1115 964 scobi
1130 905 1258 964 Pamelii
1268 905 1308 964 ad
1320 924 1357 964 ea
1367 904 1462 964 verba
1474 904 1533 965 (lor

851 991 979 1053 tulliani.

894 1078 917 1138 J
920 1098 967 1137 am
986 1096 1059 1137 vcro
1079 1076 1197 1138 Latinis
1220 1075 1371 1138 accedunt
1391 1087 1421 1137 et
1442 1076 1532 1138 Graeci

851 1168 1114 1237 commentatores,
1130 1167 1183 1244 qui
1198 1183 1300 1224 omnes
1315 1183 1376 1224 non
1392 1162 1432 1224 de
1445 1182 1529 1234 more

851 1248 904 1309 sed
916 1249 954 1310 de
965 1250 1090 1310 muliere
1103 1270 1201 1311 rorum
1210 1251 1389 1312 victualium
1397 1251 1528 1319 cumtrica

849 1336 1033 1397 locumhunc
1042 1338 1232 1417 interpretati
1245 1346 1329 1397 sont:
1344 1338 1422 1397 Eam
1435 1339 1528 1416 qnippe

850 1422 942 1483 fuisse
971 1424 1184 1503 Apostolorum
1216 1423 1476 1493 consuetudinem,
1504 1430 1529 1481 ut

849 1508 959 1570 divites
971 1509 1116 1571 foeminas
1129 1514 1255 1572 comites
1268 1510 1424 1583 habereut,
1437 1509 1526 1589 quibu

848 1598 1016 1657 necessaria
1042 1600 1125 1658 vitae
1151 1598 1457 1672 subministrantibus,
1482 1597 1526 1676 ipsi

848 1686 982 1744 securius
994 1692 1085 1765 atque
1096 1684 1264 1765 expeditius
1278 1685 1445 1764 Evangelio
1458 1700 1526 1743 raca

848 1780 922 1830 rent.
947 1771 993 1830 Ac
1008 1790 1080 1832 saue
1103 1772 1239 1832 adhunc
1262 1772 1448 1832 intellectum
1465 1770 1527 1848 cogit

848 1856 1019 1938 exemplum
1035 1856 1155 1932 Christi,
1171 1860 1258 1938 cujus
1275 1867 1304 1918 et
1320 1870 1439 1920 autores
1455 1874 1525 1937 supra

848 1942 938 2016 dicti,
976 1948 1153 2023 praesertim
1183 1945 1301 2018 Latini,
1339 1947 1524 2006 meminerunt

848 2031 925 2090 Nam
949 2031 985 2090 tle
1008 2049 1044 2091 eo
1068 2032 1162 2092 refert
1182 2033 1282 2092 Lucas
1305 2052 1372 2112 cap.
1397 2036 1435 2105 8.,
1461 2026 1524 2111 quod

848 2136 915 2176 eum
932 2126 1054 2178 secutae
1068 2122 1216 2179 mulieres
1237 2120 1367 2196 aliquae
1380 2121 1523 2179 ministra·

848 2204 927 2263 bant
941 2207 969 2263 ci
986 2205 1024 2265 ds
1037 2206 1247 2282 facultatibus
1264 2208 1337 2266 sais.
1361 2205 1429 2265 Hoc
1443 2212 1522 2265 autea

847 2300 912 2350 crat
926 2291 1066 2351 mulieres
1087 2290 1318 2352 circumducere.
1343 2291 1413 2371 Quo
1427 2288 1522 2372 potissi·

847 2395 926 2436 mum
943 2378 1081 2458 exemplo
1098 2378 1226 2458 idipsum
1241 2377 1380 2438 iecerunt
1395 2373 1519 2458 Apostoli.

847 2463 982 2543 Quodsi
1006 2465 1092 2525 netas
1115 2474 1162 2525 est
1182 2484 1218 2524 eo
1241 2465 1306 2526 loco
1329 2482 1464 2536 uxorem,
1485 2456 1522 2522 rel

846 2550 927 2630 quod
943 2551 1034 2630 longe
1053 2562 1100 2613 cst
1122 2550 1295 2624 absurdius,
1318 2570 1430 2612 uxores
1445 2548 1520 2629 auspi

846 2638 925 2696 cari:
951 2657 1049 2718 neque
1072 2640 1163 2718 igitur
1184 2638 1232 2697 hic
1252 2637 1291 2698 de
1307 2637 1521 2699 uxum-Pausa

846 2723 929 2802 loqui
943 2722 1106 2804 putandum
1126 2733 1180 2784 cst.

99 2833 158 2895 que
174 2830 245 2872 vero
262 2830 302 2872 ex
316 2812 410 2891 ipsius
422 2809 560 2890 Apostoli
570 2809 674 2870 verbis
686 2817 718 2870 et
733 2828 796 2868 ver
888 2810 930 2868 Et
944 2810 1065 2890 quidem
1086 2809 1168 2891 quod
1190 2809 1228 2869 ad
1244 2810 1408 2889 Apostolos
1427 2815 1521 2877 attinet

97 2901 201 2962 borum
211 2905 353 2958 contextu
361 2896 619 2967 convincit,falsos
628 2915 679 2957 eos
690 2896 796 2970 inisse,
845 2900 897 2976 qui
910 2916 976 2957 cum
989 2897 1107 2958 Christo
1117 2897 1203 2958 fuere
1216 2900 1395 2973 conversati,
1406 2901 1522 2981 primun,

98 2989 150 3067 qui
166 2985 313 3047 Graecam
335 3003 441 3044 vocem
463 2983 636 3063 ambiguam
654 2986 795 3064 interpre·
845 2983 882 3043 de
898 2983 980 3043 nullo
1003 3003 1104 3044 corum
1127 2994 1279 3059 constare,
1302 2995 1431 3067 excepto
1444 2986 1523 3051 Petu.

97 3076 153 3134 tati
169 3080 240 3133 sunt
255 3090 389 3132 uxorem.
845 3069 927 3149 quod
942 3090 1065 3130 uxorem
1081 3070 1228 3143 habuerit,
1245 3079 1368 3132 autores
1380 3081 1451 3132 sunt
1463 3071 1521 3132 Ter

141 3158 217 3222 cum
236 3157 286 3217 his
307 3158 399 3240 plane
425 3157 559 3216 sentiunt
583 3163 798 3217 commentator
844 3155 908 3215 tull.
929 3157 1006 3216 libro
1030 3157 1068 3218 de
1090 3177 1207 3237 monog.
1232 3177 1296 3238 cap.
1321 3160 1349 3218 8.
1371 3168 1402 3220 et
1420 3160 1523 3220 mou

100 3246 236 3307 Ambros.
252 3253 285 3304 et
298 3242 456 3305 Sedulius:
478 3261 533 3303 uec
557 3261 616 3304 uon
632 3243 796 3303 Primasius
844 3242 921 3302 libro
940 3248 967 3303 1.
983 3242 1050 3303 adv.
1067 3244 1090 3305 J
1092 3246 1171 3304 cuin.
1196 3262 1260 3323 cap.
1280 3244 1328 3303 14.
1365 3244 1482 3307 Deinde
1498 3248 1523 3303 ut

98 3331 138 3394 ad
152 3332 314 3410 Augustini
330 3329 424 3391 verba
444 3328 590 3389 alludens.
620 3328 681 3391 sed
697 3335 730 3388 et
744 3348 794 3388 au·
844 3329 1018 3390 habuerim:
1035 3329 1523 3411 quoddeomnibuspraetechar

98 3420 282 3500 tiquissimns
297 3417 427 3477 Tertull.
448 3415 525 3475 libro
541 3414 580 3476 de
596 3435 712 3494 monog.
729 3434 793 3494 cap.
843 3434 911 3475 nem
926 3417 1039 3476 sentire
1060 3415 1181 3476 videtur
1195 3417 1334 3497 ignatius
1353 3420 1385 3480 in
1400 3421 1481 3501 epist
1494 3410 1523 3475 al

98 3511 126 3568 8.
153 3504 266 3565 diserte
292 3511 391 3582 negat,
407 3502 446 3561 de
471 3522 565 3562 uxore
593 3501 719 3561 Paulum
745 3502 794 3561 hic
843 3502 1084 3581 Philadelphios,
1107 3512 1138 3563 et
1158 3522 1211 3564 uos
1232 3503 1270 3563 de
1286 3504 1523 3583 quibusdamuoa

96 3612 203 3672 agere:
218 3589 386 3672 probatque
396 3587 503 3651 iisdem
516 3594 712 3667 argumentis,
728 3588 793 3669 qui·
843 3608 1000 3667 negamus:
1024 3590 1062 3650 de
1077 3590 1159 3650 nullo
1175 3599 1275 3651 tamen
1292 3593 1425 3653 omnium
1439 3586 1521 3652 docau'

94 3679 151 3740 bus
177 3680 224 3737 usi
250 3685 356 3756 postes
389 3675 508 3734 fuerunt
533 3676 738 3753 Hieronymus
764 3682 794 3734 et
842 3684 950 3755 potest,
965 3676 1045 3756 quod
1059 3677 1269 3756 evangelizans
1280 3696 1408 3739 uxorem
1419 3681 1522 3741 chaum

93 3764 290 3845 Augustinus.
330 3761 540 3841 Quemlocum
556 3763 731 3841 opponimus
747 3762 793 3835 iis,
842 3762 967 3822 duxerit.
991 3764 1058 3825 Nec
1081 3765 1156 3823 ratio
1180 3765 1293 3843 patitur
1317 3765 1349 3824 id
1371 3759 1522 3847 opinarids

92 3854 152 3999 qpil
171 3848 376 3996 protu'iuqrsat
397 3847 791 3995 sqppeutqaeffppmllianuqr
843 3849 917 3994 illll'
945 3851 998 3994 qui
1014 3850 1163 3910 Christum
1182 3852 1279 3997 liciti
1294 3853 1521 3999 ‘'gniiqmllql:

154 3956 393 4015 ucuu,upoe
428 3955 491 3994 rro
636 3955 790 3995 or.cas.
841 3955 874 3995 ra
915 3956 1165 4009 ,eramuxores,
1215 3958 1233 3996 a
1282 3983 1287 3995 .
1349 3984 1356 3999 .
1404 3958 1490 4000 ouen

92 4044 158 4105 cap.
175 4024 204 4084 8.
221 4027 264 4085 ita
286 4023 478 4103 loquentem:
510 4020 637 4081 Licebat
657 4029 686 4080 et
701 4026 791 4099 Apo·
840 4021 928 4083 facile
950 4022 1081 4083 creditur
1102 4042 1169 4083 esse
1193 4026 1352 4086 continens
1375 4027 1414 4088 ab
1436 4040 1521 4095 urere

90 4112 178 4173 stolis
200 4110 337 4185 assitere,
362 4117 391 4170 ct
412 4126 526 4169 aceres
548 4108 790 4168 circumducere.
840 4110 893 4187 qui
909 4128 974 4169 eam
989 4108 1069 4190 apud
1085 4128 1117 4170 se
1133 4112 1248 4181 retinet,
1269 4132 1387 4193 perque
1401 4114 1521 4194 regions·

90 4198 155 4259 Nec
178 4200 257 4258 euim
278 4218 314 4258 ca
335 4196 428 4257 verba
447 4192 653 4255 Tertullianus
675 4215 713 4254 ex
736 4215 789 4256 sua
839 4203 868 4255 et
884 4194 986 4256 domos
1003 4198 1138 4256 comitem
1155 4198 1252 4257 trahit.

90 4282 166 4345 dicit
187 4304 330 4363 persona,
353 4282 407 4344 sed
430 4302 546 4353 eorum,
571 4282 623 4361 qui
644 4280 788 4341 secundas
880 4282 924 4341 Ut
938 4283 1028 4358 igitur
1043 4282 1081 4342 ad
1096 4283 1192 4343 verba
1206 4284 1293 4345 Pauli
1309 4286 1479 4355 redeamus,
1492 4298 1519 4341 ca

89 4370 225 4450 nuptias,
242 4390 320 4449 quas
336 4371 401 4449 ipse
417 4378 581 4447 oppugnat,
598 4388 635 4428 cx
651 4367 787 4428 hocloco
836 4387 956 4428 sensum
983 4370 1061 4429 hunc
1090 4369 1202 4430 habent
1223 4371 1350 4449 planum
1373 4382 1404 4433 et
1425 4368 1520 4452 pcrqt'r

88 4456 217 4517 Paulino
244 4457 371 4535 probare
399 4455 586 4527 nitebantur,
616 4453 788 4533 hujusmodi
837 4473 940 4514 cuum:
965 4458 1013 4515 An
1028 4475 1087 4516 nou
1104 4476 1160 4535 ogo
1176 4466 1206 4517 et
1219 4458 1377 4520 Barnabas
1392 4460 1518 4521 habereris

89 4550 282 4623 argumento:
315 4542 347 4603 Si
376 4543 462 4602 licuit
491 4540 647 4620 Apostolis
677 4562 787 4601 uxores
836 4550 1014 4620 potestatem
1034 4542 1202 4603 adducendi
1222 4545 1398 4621 nobiscum,
1420 4542 1518 4629 quatiat

89 4628 324 4703 circumducere,
352 4628 434 4691 licuit
460 4635 491 4687 et
509 4629 663 4707 accipere,
695 4630 786 4689 ctiam
835 4628 998 4707 Evangelii
1013 4649 1105 4689 causa
1125 4640 1220 4691 terras
1244 4630 1381 4705 obimus,
1404 4634 1517 4713 aliqua!

87 4718 188 4796 priore
202 4724 333 4777 momua:
349 4734 416 4776 cum
428 4734 525 4775 sermo
538 4713 629 4775 Pauli
642 4716 682 4775 sit
695 4734 785 4795 gene·
834 4714 988 4776 mulierem
995 4714 1515 4803 christianamquaesuisaunrptiltt
