3254 5190
143 288 214 356 108
672 279 905 334 COMMENTARIUS
922 280 955 334 lli
973 281 1038 335 CAP.
1051 282 1079 335 l.

138 454 227 515 surde
239 454 277 514 de
290 456 459 515 imitatione
471 475 559 534 posse
571 457 680 535 accipi.
693 457 835 527 Primum,
884 457 938 516 sed
970 477 1009 517 ex
1030 458 1148 532 multis3
1175 456 1325 538 quomodo
1353 457 1446 518 dixit:
1473 456 1588 519 Gratia

138 543 210 622 quia
236 542 350 601 Paulus
373 545 500 621 primum
533 544 683 603 hominem
707 544 836 621 opponit
884 552 990 603 autem
1006 563 1043 605 ea
1058 546 1167 605 multis
1182 547 1303 607 delictis
1323 548 1360 605 in
1371 544 1583 621 justificatio·

139 629 276 688 Christo:
299 631 342 688 sic
366 631 445 689 euim
467 651 521 709 per
543 632 669 709 primum
687 630 835 688 homiuem
883 650 964 689 aero.
996 631 1062 690 Has
1085 631 1149 691 fere
1168 634 1299 693 rationes
1323 630 1471 691 adversus
1494 632 1585 690 istum

138 724 310 794 peccatum,
341 717 420 775 sicut
445 736 500 793 per
527 716 681 776 Christum
704 716 834 792 justitia.
882 718 999 796 Pelagii
1015 716 1053 777 de
1074 720 1242 779 imitatione
1266 718 1512 778 commentarium
1534 715 1586 777 ad·

139 802 209 860 Non
224 810 270 862 est
281 811 381 861 autem
391 823 445 880 per
455 802 608 862 Christum
614 805 735 881 justitia
747 822 835 880 prop·
883 802 966 863 ducit
980 804 1170 882 Augustinus
1185 807 1278 865 variis
1293 805 1375 877 locis,
1391 814 1426 863 nt
1440 803 1494 862 lib.
1509 808 1536 863 1.
1549 801 1588 861 de

139 898 184 946 ter
207 889 301 946 solam
325 888 539 963 imitationem,
566 910 635 949 nam
660 898 689 948 et
708 889 834 966 antiqui,
883 889 991 968 baptis.
1006 891 1122 970 parvul.
1140 911 1205 970 cap.
1219 895 1247 952 8.
1262 893 1290 950 9.
1306 891 1363 964 10.,
1375 890 1427 949 lib.
1440 892 1471 950 4.
1483 896 1589 950 centn

138 976 190 1052 qui
207 973 359 1033 Christum
371 984 606 1054 praecesserunt,
623 976 750 1056 ideoque
766 994 834 1033 eum
883 974 957 1036 dues
980 978 1064 1056 epist
1087 978 1243 1055 Pelagian.
1266 997 1330 1056 cap.
1357 980 1396 1050 4,
1420 996 1509 1036 serm.
1536 978 1584 1036 14.

139 1062 249 1119 imitari
264 1081 322 1121 non
337 1070 511 1139 potuerunt,
523 1062 681 1141 justificati
699 1070 768 1120 sunt
783 1080 835 1138 ρετ
884 1062 922 1120 de
936 1063 1039 1121 verbis
1056 1063 1170 1143 Apost,
1182 1072 1212 1123 et
1224 1062 1352 1142 epistola
1364 1063 1416 1121 89.
1430 1061 1471 1122 ad
1479 1063 1586 1135 Hilar,

138 1146 302 1221 Christum,
334 1156 363 1206 et
388 1149 511 1226 justitia
542 1147 654 1207 Christi
684 1148 835 1224 contingit
883 1167 937 1206 nec
952 1169 1011 1208 nou
1027 1149 1093 1209 aliis
1109 1171 1127 1210 a
1142 1150 1307 1211 venerabili
1322 1148 1409 1209 Beda
1422 1149 1585 1227 diligenter

138 1234 228 1292 etiam
240 1233 393 1313 parvulos,
420 1237 472 1315 qui
497 1237 617 1295 omnino
633 1255 692 1294 nou
708 1241 834 1314 possunt
883 1234 1026 1295 collectis.

138 1321 258 1378 imitari.
283 1318 386 1397 Quare
400 1342 454 1381 uec
470 1342 525 1400 per
540 1323 669 1400 primum
684 1320 834 1380 hominem
925 1323 973 1381 Ex
989 1323 1097 1403 quibus
1113 1324 1199 1383 simul
1215 1322 1352 1395 efficitur,
1380 1343 1442 1381 non
1467 1321 1526 1382 nisi
1548 1321 1588 1383 de

136 1414 293 1486 peccatum
308 1416 430 1486 propter
446 1409 655 1467 imitationem.
680 1408 740 1467 Sed
758 1408 836 1465 sicut
882 1411 1098 1488 propagatione
1120 1412 1237 1490 peccati
1260 1428 1349 1489 posse
1376 1408 1480 1468 locum
1506 1408 1585 1469 hunc

138 1491 279 1553 Christus
292 1493 411 1553 occulta
426 1495 621 1571 inspiratione
643 1496 760 1572 gratiae
780 1512 835 1552 nos
883 1494 1024 1573 intelligi,
1046 1496 1294 1575 quemadmodum
1309 1496 1501 1574 Augustinus
1516 1515 1585 1554 oon·

133 1581 232 1657 justos
245 1580 329 1652 facit,
355 1583 399 1639 ita
414 1589 446 1639 et
459 1579 593 1640 Adamus
609 1581 727 1641 occulta
737 1580 834 1640 tabifi-

137 1668 258 1727 catione
274 1675 400 1727 naturae
415 1686 469 1726 uos
482 1668 640 1726 constituit
651 1675 834 1746 peccatores.

180 1752 271 1832 Quod
287 1755 313 1812 si
331 1754 368 1813 de
383 1755 549 1813 imitatione
565 1774 661 1814 sermo
678 1761 743 1813 erat
754 1754 834 1831 Apo·

137 1840 223 1911 stolo,
239 1861 299 1900 non
316 1838 475 1910 Christum,
488 1839 541 1900 sed
553 1838 639 1913 Abel,
656 1841 704 1900 vel
719 1840 834 1911 Enoch,

137 1926 187 1985 vel
212 1927 304 1985 alium
328 1928 501 2005 quempiam
524 1947 562 1986 ex
590 1927 721 2007 antiquis
740 1928 834 2006 justis

137 2014 236 2092 potius
251 2013 369 2072 Adamo
386 2012 541 2073 debuisset
557 2032 723 2092 opponere,
745 2033 834 2093 quem

136 2099 252 2159 scilicet
267 2102 398 2159 omnium
410 2099 599 2160 saeculorum
612 2100 743 2159 homines
751 2101 834 2177 juste

136 2186 268 2246 vivendo
284 2195 411 2265 possunt
426 2188 546 2245 imitari.
561 2186 753 2265 Quamquam
769 2187 833 2245 imi·

136 2275 193 2333 tari
219 2292 278 2333 non
305 2273 430 2346 dicitur,
453 2274 593 2353 quisquis
622 2274 686 2352 agit
709 2271 832 2351 aliquid,

136 2359 226 2439 quale
243 2359 321 2418 alius
336 2362 419 2439 prior
436 2360 522 2433 lecit3
544 2381 614 2418 nam
630 2361 751 2438 proprie
767 2358 832 2417 uul-

135 2445 183 2507 lus
199 2448 341 2521 imitetur,
357 2446 436 2527 quod
452 2467 510 2506 non
527 2449 683 2524 cognovit,
710 2445 831 2505 etiamsi

136 2531 261 2593 idalius
277 2535 359 2613 prior
374 2533 490 2593 fecerit.
515 2532 575 2593 Sed
593 2533 706 2592 imitari
721 2532 831 2591 dicitur

134 2618 194 2692 ille,
210 2621 264 2701 qui
280 2619 394 2680 factum
409 2619 534 2678 alterius
547 2622 699 2697 cognitum
711 2618 767 2677 sibi
777 2638 831 2694 ρτο

135 2706 275 2786 exemplo
292 2708 401 2765 statuit
413 2715 443 2764 et
458 2708 609 2785 proponit,
624 2717 658 2764 ut
673 2703 771 2764 simile
787 2705 830 2763 fa·

135 2793 202 2852 ciat.
214 2795 312 2872 Atqui
323 2791 446 2871 plurimi
458 2801 528 2851 sunt
540 2801 572 2852 et
583 2792 705 2852 fuerunt
716 2793 830 2870 gravis·

134 2880 203 2939 simi
229 2889 421 2958 peccatores,
449 2880 502 2958 qui
530 2879 567 2938 de
593 2887 718 2959 peccato
740 2880 830 2958 primi

133 2966 264 3026 hominis
276 2966 350 3025 nihil
362 2966 538 3039 audierunt,
555 2968 608 3045 qui
620 2964 753 3045 proinde,
770 2966 829 3023 etsi

134 3052 288 3132 peccando
304 3052 421 3113 similes
437 3054 466 3112 ei
480 3053 569 3125 fiant,
584 3073 643 3112 non
668 3062 768 3111 tamen
791 3051 828 3109 ab

134 3159 170 3200 eo
186 3139 331 3219 peccandi
346 3140 471 3199 formam
487 3147 517 3197 et
533 3138 702 3218 exemplum
718 3139 828 3215 accipi·

134 3236 201 3301 unt,
229 3227 377 3306 quomodo
404 3225 549 3304 Pelagius
575 3226 718 3305 loquitur.
742 3223 829 3283 Unde

134 3335 189 3374 neo
205 3333 271 3374 eum
295 3315 402 3374 imitari
421 3311 539 3372 dicendi
561 3322 644 3384 sunt,
670 3312 728 3370 nisi
750 3310 829 3369 forte

134 3400 263 3482 quadam
277 3401 453 3481 imperfecta
468 3401 598 3473 ratione,
615 3407 762 3479 qnatenus
779 3396 830 3456 ille

132 3486 286 3568 peccando
301 3488 479 3567 praecessit,
495 3488 544 3547 isti
560 3486 652 3545 secuti
668 3492 743 3544 sunt

177 3575 288 3634 Verum
312 3576 337 3634 si
360 3574 398 3634 de
419 3571 589 3652 hujusmodi
604 3573 767 3631 imitatione
782 3569 830 3629 hic

133 3680 228 3720 sermo
246 3669 341 3732 esset,
366 3662 465 3740 potius
488 3658 646 3719 dicendum
670 3665 748 3727 erat,
775 3675 830 3736 per

133 3747 285 3807 diabolum
300 3756 453 3826 peccatum
469 3749 596 3806 intrasse
617 3746 648 3803 in
670 3743 829 3814 mundum,

133 3835 205 3913 quia
232 3834 282 3894 ille
310 3835 438 3895 omnium
465 3834 577 3912 primus
604 3833 749 3910 peccavit.
781 3829 829 3888 Ab

134 3924 227 3980 initio
244 3924 329 3982 enim
346 3921 491 3980 diabolus
504 3926 623 3993 peccat,
650 3922 664 3975 1
683 3916 773 3975 Joan.
791 3917 829 3986 3.,

136 4028 171 4066 ae
187 4007 225 4067 de
241 4029 277 4067 eo
293 4011 507 4087 scriptumest:
535 4007 711 4064 Imitantur
725 4004 828 4075 illum,

137 4097 192 4170 qui
206 4103 281 4155 arunt
296 4114 334 4156 ex
346 4100 441 4169 porte
457 4096 540 4167 ejus,
564 4090 633 4170 Sap.
656 4092 684 4148 2.
709 4088 830 4148 Deinde

135 4181 211 4240 sicut
224 4203 278 4261 per
293 4201 384 4241 uuum
400 4180 550 4239 hominem
564 4185 719 4255 peceatum
742 4177 830 4235 intra·

135 4268 222 4328 vitiu
238 4268 387 4339 mundum,
404 4266 445 4325 ita
460 4275 491 4323 et
505 4285 598 4338 mors,
619 4265 699 4343 atqui
717 4264 829 4340 ingres·

135 4375 185 4416 sus
200 4356 303 4416 mortis
326 4352 450 4429 intelligi
477 4373 536 4412 nou
568 4358 668 4428 potest
690 4370 742 4429 ρετ
771 4350 830 4408 iuri·

135 4443 291 4514 tationem,
332 4461 403 4519 ergo
434 4458 492 4498 uec
523 4439 674 4515 ingressus
706 4438 830 4514 peccati.

134 4529 298 4599 Postremo,
313 4529 339 4586 si
358 4526 551 4586 imitationem
563 4523 726 4603 Apostolus
745 4522 829 4582 intel·

133 4615 258 4693 ligaret,
288 4634 346 4673 non
377 4612 489 4672 diceret
511 4612 541 4670 in
564 4608 829 4689 consequentibus:

132 4702 303 4765 Jodicium
326 4719 363 4760 aa
385 4716 451 4761 uno
467 4702 503 4759 in
519 4697 828 4771 condemnationem,

883 1580 984 1641 eludit.
1008 1583 1054 1640 Ac
1069 1603 1107 1642 ne
1122 1583 1290 1642 dubitemus
1304 1601 1407 1641 veram
1423 1582 1504 1641 hanc
1519 1600 1587 1642 esse

883 1669 1174 1746 interpretationem,
1186 1671 1251 1746 jaus
1268 1668 1429 1746 Augustini
1445 1677 1584 1747 tempore

884 1755 1037 1814 definitum
1052 1764 1098 1813 est
1109 1754 1585 1835 apatribusConciliihlilevitani

883 1861 947 1900 cau.
959 1843 986 1899 2.
998 1861 1058 1900 non
1070 1842 1159 1900 aliter
1170 1839 1398 1921 intelligendum
1412 1860 1491 1914 esse,
1504 1839 1585 1920 quod

883 1926 954 1986 dicit
979 1927 1158 2007 Apostolus:
1189 1930 1253 1988 Per
1281 1946 1385 1988 unum
1408 1929 1584 2003 hominem,

884 2023 956 2086 ete,
983 2033 1073 2092 quam
1097 2013 1135 2072 de
1157 2015 1275 2094 peccati
1291 2013 1448 2092 originalis
1464 2012 1584 2073 tradtw

881 2100 970 2172 tione,
985 2101 1263 2176 quemadmodum,
1277 2101 1425 2181 inquiunt,
1437 2101 1582 2161 Ecclesia

882 2187 1036 2247 catholica
1051 2187 1165 2262 ubique
1180 2186 1299 2264 diffusa
1314 2205 1439 2262 semper
1455 2188 1584 2248 intelle·

881 2277 935 2334 xit.
960 2272 1055 2351 Quem
1072 2292 1215 2333 canonem
1234 2274 1339 2334 iisdem
1354 2272 1458 2333 verbis
1474 2275 1584 2354 repeti·

880 2362 924 2419 vit
941 2359 1076 2436 synodus
1092 2358 1271 2420 Tridentina
1285 2379 1361 2420 sess.
1379 2358 1407 2419 5.
1426 2379 1493 2419 cau.
1510 2364 1540 2422 4.

922 2446 1011 2505 Nunc
1023 2446 1114 2522 igitur
1129 2445 1168 2505 ad
1179 2446 1409 2525 explicationem
1420 2446 1584 2507 verborum

878 2533 1017 2612 Apostoli
1026 2533 1190 2591 veniamus.
1214 2533 1244 2590 ll
1246 2533 1275 2592 hi
1288 2533 1415 2615 primurn
1424 2530 1584 2593 refellendi

878 2629 954 2693 suut,
970 2620 1021 2699 qui
1036 2637 1127 2677 unum
1143 2619 1292 2680 homiuem
1304 2621 1336 2680 in
1347 2618 1395 2677 his
1403 2620 1508 2680 verbis
1521 2639 1581 2681 uon

878 2705 973 2765 Adam
997 2704 1225 2777 intellexerunt,
1256 2705 1310 2765 sed
1333 2705 1474 2779 Hevam,
1498 2705 1581 2788 qnod

877 2792 953 2851 haec
962 2793 1041 2871 prior
1050 2791 1111 2863 illo,
1122 2802 1215 2871 atque
1224 2792 1518 2854 omniumhominum
1525 2793 1584 2874 pri·

878 2899 924 2937 ma
932 2880 1109 2958 peccaverit.
1122 2878 1170 2938 Ita
1183 2899 1312 2959 namque
1325 2878 1462 2940 sentiunt
1467 2878 1583 2941 Pseud·

878 2965 1041 3024 ambrosius
1075 2974 1105 3025 et
1140 2965 1291 3045 Pelagius.
1323 2964 1385 3025 Sed
1408 2967 1583 3029 manifestis

877 3053 1057 3129 argumentis
1073 3051 1301 3130 redarguuntur.
1329 3052 1480 3127 Primum,
1507 3055 1581 3134 quia

878 3137 990 3196 Paulus
1006 3138 1036 3197 in
1052 3140 1248 3217 sequentibus
1264 3139 1397 3218 exponit,
1413 3158 1506 3218 quem
1522 3142 1580 3220 pri-

877 3245 956 3282 mum
972 3225 1120 3283 hominem
1136 3223 1258 3301 ‹lixerit3
1275 3225 1427 3285 Adamum
1443 3226 1538 3286 semel
1548 3236 1580 3287 et

877 3312 982 3370 iterum
1010 3331 1062 3369 suo
1093 3314 1211 3370 nomine
1242 3313 1422 3390 exprimens.
1446 3313 1577 3387 Deinde,

877 3399 948 3476 quia
963 3396 1050 3456 Pauli
1066 3399 1190 3456 intentio
1203 3407 1257 3470 est,
1272 3397 1351 3457 huuc
1362 3398 1528 3471 hominem,
1539 3398 1578 3459 de

877 3504 936 3562 quo
960 3482 1105 3562 loquitur,
1128 3504 1184 3563 per
1206 3484 1378 3545 antithesim
1402 3505 1580 3566 comparare

877 3591 943 3630 cnm
960 3568 1086 3637 Christo,
1100 3569 1129 3628 id
1142 3580 1195 3640 est,
1206 3573 1333 3649 primum
1344 3570 1497 3631 hominem
1510 3592 1580 3632 curn

876 3655 1015 3716 secundo.
1042 3655 1078 3715 ld
1094 3659 1174 3716 enim
1191 3658 1261 3716 facit
1277 3665 1338 3716 tam
1353 3657 1410 3716 hoc
1426 3659 1532 3737 eapite
1549 3660 1580 3718 in

877 3745 928 3815 iis,
945 3761 1022 3822 qnae
1038 3751 1222 3821 sequuntur,
1246 3762 1333 3824 quam
1349 3745 1378 3803 in
1398 3748 1412 3802 1
1432 3746 1525 3824 epist.
1542 3743 1581 3804 ad

877 3829 946 3889 Cor.
966 3832 1011 3889 15.
1045 3830 1113 3888 Hoc
1135 3839 1235 3888 autem
1258 3831 1287 3887 in
1311 3829 1432 3889 Hevam
1456 3832 1581 3892 minime

877 3914 1010 3997 quadrat.
1034 3915 1137 3987 Adde,
1164 3915 1261 3994 quod,
1284 3916 1341 3974 etsi
1363 3917 1395 3975 in
1416 3918 1582 3978 sententiis

877 4001 1068 4083 generalibus
1077 4021 1169 4081 saepe
1182 4001 1378 4061 masculinum
1389 4022 1489 4081 genus
1502 4024 1581 4065 eom·

878 4088 1025 4168 plectatur
1047 4087 1255 4158 foemininum,
1282 4097 1381 4148 tamen
1402 4110 1507 4169 neque
1530 4091 1582 4151 lex

878 4176 1073 4254 grammatica
1093 4175 1257 4253 permittit,
1280 4194 1383 4255 neque
1406 4196 1471 4239 mos
1488 4178 1584 4238 habet

878 4263 1050 4341 scripturae,
1066 4269 1100 4320 ut
1114 4260 1252 4331 foemina,
1269 4262 1295 4318 si
1313 4260 1351 4319 de
1367 4280 1403 4320 ee
1418 4264 1583 4342 singulari·

877 4357 923 4407 ter
956 4367 1051 4408 serruo
1078 4351 1134 4419 sit,
1158 4347 1346 4425 significetur
1359 4368 1473 4427 genere
1503 4370 1583 4411 uras·

878 4435 987 4494 culino.

921 4521 982 4581 Sed
990 4522 1054 4599 jam
1065 4523 1228 4599 quaeritur,
1242 4519 1394 4599 quomedo
1407 4521 1491 4582 dicat
1500 4528 1584 4605 Apo-

878 4609 972 4667 stolus
989 4627 1042 4686 ρετ·
1059 4626 1148 4666 uuum
1169 4607 1337 4684 hominem,
1358 4606 1390 4666 id
1414 4618 1478 4680 est,
1501 4611 1585 4671 Ada-

877 4715 972 4768 mum,
988 4713 1055 4752 cum
1072 4694 1161 4752 etiam
1175 4713 1230 4774 per
1244 4694 1379 4769 Herum,
1403 4714 1486 4776 qnae
1501 4699 1586 4779 prior
