3254 5190
137 254 191 325 ω
652 246 1064 304 comminuetur

137 422 837 506 rpsdmhprmztmampte-
882 423 1012 485 misus
1032 423 1186 485 esthclies
1204 424 1299 486 hahet
1317 428 1351 486 in
1370 425 1585 497 rsnoestioue,

137 516 225 572 rium
239 516 317 587 ejus,
339 511 551 572 scilicetne:
571 511 725 592 quemodo
738 523 772 572 et
785 513 836 571 hie
882 510 989 570 dieunt
1010 511 1179 591 gentihhus
1205 531 1362 592 nunqsn
1390 514 1423 573 in
1449 519 1584 573 mentem

138 598 268 673 dieitur,
291 600 434 675 pierium
455 599 536 658 Dei:
562 610 599 657 nt
626 599 755 659 dnhium
776 619 836 658 non
882 600 1021 665 emisse,
1051 612 1087 658 ut
1116 599 1283 659 insninsts
1311 599 1477 659 simulam
1496 597 1584 658 Deos

138 688 183 746 sit
201 687 280 765 quin
299 685 339 745 sd
360 705 432 745 eum
446 684 562 745 Psalmi
583 687 780 756 versiculum,
800 693 837 744 nt
883 696 1027 763 putarent
1048 705 1086 745 se
1104 687 1221 745 divinis
1235 685 1399 746 honorihm
1418 686 1583 747 sncoemt

139 774 243 834 estin
264 771 391 845 Graeco,
413 771 530 831 Paulus
552 775 732 851 respexerit.
775 771 836 832 Sed
882 770 964 830 ts'sm
985 774 1012 831 si
1026 774 1140 842 itant,
1154 772 1308 852 quomedo
1323 772 1441 831 Paulus
1454 772 1585 832 ὤπυιε

138 859 216 921 hsce
235 858 359 918 relativi
386 856 552 918 diversius
585 860 617 918 in
639 859 783 919 Hehrseo
805 870 838 917 et
882 877 936 917 sos
958 870 1159 918 eouutue
1187 859 1317 938 glorium
1337 858 1400 918 Dei
1422 860 1455 918 in
1477 859 1583 919 iconas

138 945 258 1007 Grseeo
272 965 422 1006 summurn
435 946 480 1004 rei
496 965 556 1004 non
571 956 678 1005 mutat
695 947 836 1007 Alterum
882 947 950 1004 sire
965 946 1115 1023 imagines
1131 945 1295 1011 minum.
1316 945 1485 1016 reinerum,
1506 964 1584 1025 qus·

140 1034 223 1095 euim
236 1052 277 1093 ex
290 1031 388 1092 altero
410 1033 561 1110 seqnitur.
582 1033 663 1092 Xan
676 1033 836 1093 Israelitse
883 1029 1062 1109 drupcdum,
1084 1031 1296 1110 serpentium?
1317 1032 1362 1091 lit
1374 1031 1452 1112 quid
1473 1031 1585 1093 volunt

137 1119 196 1180 hoe
208 1121 285 1198 ipso,
299 1118 608 1200 quegloriamsusm,
622 1118 722 1189 idest,
736 1121 838 1180 Deum
884 1117 1065 1195 Prophetae,
1087 1117 1202 1189 David,
1222 1119 1355 1189 Jesaiaa
1375 1119 1532 1181 Jeremias
1553 1127 1585 1183 et

137 1224 229 1267 suum
250 1225 306 1285 pro
327 1205 410 1265 idolo
431 1216 710 1275 eommutsrerunt,
739 1208 838 1285 ipsius
884 1204 948 1275 alii,
970 1207 1026 1283 qui
1047 1203 1306 1265 dementissimam
1320 1204 1404 1266 illsm
1418 1204 1584 1285 gentilium

138 1293 201 1353 Dei
227 1292 356 1372 gloriam
386 1292 426 1352 sd
459 1291 575 1352 idolum
608 1294 837 1354 trautnlerunt
884 1291 1063 1359 stultitiam,
1092 1310 1146 1350 seu
1168 1293 1275 1353 serius
1297 1294 1463 1364 insaniam,
1491 1292 1584 1355 toties

138 1379 310 1440 Dieehstur
331 1388 434 1439 autem
455 1378 544 1439 Deus
568 1378 669 1457 gloria
690 1390 724 1440 et
744 1379 838 1439 decus
884 1376 1049 1437 traducunt
1068 1387 1165 1457 stque
1187 1378 1339 1439 irrident?
1362 1377 1457 1458 idque
1478 1379 1584 1443 serhit

139 1466 225 1526 illius
245 1466 369 1546 populi,
400 1466 476 1545 quis
503 1466 637 1544 populus
665 1486 722 1545 per
750 1466 838 1526 illum
884 1463 962 1524 adeo
984 1465 1076 1524 claris
1105 1475 1138 1524 et
1158 1467 1290 1546 apertis,
1312 1475 1348 1525 ut
1368 1466 1446 1525 nihil
1468 1464 1583 1527 clarius

139 1553 292 1635 donnaus
314 1561 382 1613 erat
401 1571 439 1611 ac
459 1551 606 1613 celebris:
632 1572 733 1634 eoque
753 1553 838 1615 dere
884 1559 940 1611 sut
960 1553 1099 1630 apertius
1121 1552 1184 1612 diei
1206 1562 1310 1632 queat

138 1640 213 1701 licto
234 1659 356 1719 semper
376 1637 440 1698 fuit
457 1640 618 1718 expositus
640 1641 837 1719 ignominise.
927 1638 977 1698 Sit
1005 1639 1102 1717 igitur
1129 1639 1188 1699 hoc
1219 1636 1386 1699 seeundum
1416 1639 1585 1717 scripturus

183 1726 257 1788 Jam
273 1737 306 1786 et
321 1725 411 1785 illud:
432 1730 470 1786 iss
490 1727 737 1787 similitudinem
752 1731 838 1786 isra·
884 1724 1108 1785 indubitstum:
1128 1726 1262 1805 gestiles
1277 1745 1296 1784 a
1309 1726 1377 1785 veri
1390 1727 1454 1785 Dei
1472 1725 1585 1785 notitis

138 1816 225 1892 ginis
257 1823 315 1875 ete
345 1812 520 1872 nonnullam
546 1813 765 1874 ohscuritstm
785 1815 838 1874 ha·
884 1810 1011 1883 elienos,
1022 1812 1181 1893 variisque
1189 1811 1585 1891 cupiditrtibusimmersos,

139 1901 208 1974 het,
230 1911 294 1961 tum
316 1900 392 1980 quis
413 1898 531 1959 Graece
559 1904 665 1962 estin
686 1903 839 1962 similitu·
880 1900 966 1976 jhsto
995 1900 1055 1959 Dei
1079 1898 1202 1977 judicio
1232 1899 1326 1959 luisse
1355 1900 1522 1978 pmmisscs
1555 1899 1586 1958 in

140 1988 227 2062 dine,
249 1996 314 2046 tum
337 1983 420 2066 quod
441 2005 501 2044 non
516 1997 673 2066 appareat,
694 2008 776 2068 quse
792 1987 839 2047 di·
886 2005 954 2045 esm
976 1987 1087 2046 mentis
1100 1989 1282 2048 eaecitatem
1296 1984 1415 2058 eadere,
1436 2005 1501 2066 qus
1524 2006 1584 2047 nun

140 2071 403 2134 estursimilitndo
416 2072 568 2151 imaginis,
579 2093 648 2134 cnm
659 2076 726 2154 ipss
738 2077 839 2153 imsgo
885 2072 985 2132 solum
999 2073 1145 2145 homines,
1160 2073 1328 2153 dequibus
1342 2072 1500 2151 prseelsra
1515 2091 1582 2133 sen·

139 2161 183 2220 sit
202 2159 330 2221 alterins
351 2158 532 2221 slmilitudo.
577 2160 641 2221 Sed
665 2160 839 2233 dicendum,
885 2159 1016 2231 tiehsnt,
1050 2168 1105 2218 aut
1132 2161 1279 2221 eoelestia
1307 2177 1451 2237 corpora,
1480 2157 1587 2231 solem,

140 2256 223 2308 reete
239 2255 272 2307 et
286 2246 326 2306 sd
339 2256 472 2307 mentem
482 2246 623 2324 Apostoli
639 2250 840 2327 interpretem
885 2244 997 2317 lunum,
1019 2254 1110 2315 asne
1132 2246 1267 2327 denique
1280 2255 1313 2306 et
1327 2247 1442 2305 bestias
1456 2246 1586 2306 rationis

140 2334 330 2395 vertissem
350 2333 595 2395 similitudmem
622 2355 696 2395 essu
718 2353 839 2394 aecusa-
886 2342 1035 2410 expertes,
1056 2351 1163 2393 rerum
1186 2336 1280 2393 etism
1302 2335 1370 2412 ipss
1392 2333 1501 2392 horum
1525 2351 1587 2393 em·

141 2421 223 2481 tiro:
251 2427 287 2479 ut
308 2421 341 2480 in
362 2418 481 2479 Graeco
503 2410 537 2477 ἐν
558 2441 614 2500 pro
635 2413 683 2490 si:
704 2422 840 2500 positum
886 2420 972 2479 nium
985 2417 1158 2491 simulacra,
1173 2418 1314 2480 menibus
1328 2418 1471 2479 humanis
1485 2418 1587 2480 iahre·

140 2507 192 2568 sit
224 2505 341 2569 Serrhit
371 2507 454 2565 enim
483 2507 666 2585 Apostolus,
694 2506 777 2587 quod
808 2508 840 2565 in
885 2504 1460 2585 isctaprediishsberentetcolerent
1482 2504 1588 2585 Quan-

139 2592 262 2654 Psslmo
285 2592 403 2672 legerat
424 2582 456 2649 ἰν
480 2584 667 2670 ὁμοιώματι,
691 2598 729 2653 in
749 2596 841 2655 simi·
886 2611 979 2672 quam
1002 2592 1059 2651 luc
1082 2593 1114 2651 iu
1136 2612 1168 2652 re
1190 2614 1252 2652 non
1265 2594 1401 2653 omnium
1421 2592 1589 2671 gentilium

141 2680 295 2753 litudirre,
318 2699 374 2757 pro
396 2697 458 2757 quo
481 2698 520 2738 ex
541 2679 685 2740 Hebraeo
707 2689 840 2751 vertunt,
887 2678 968 2739 idem
991 2688 1047 2737 aut
1066 2697 1164 2756 seque
1179 2681 1283 2758 gravis
1298 2698 1381 2740 error
1395 2678 1467 2739 fuit
1490 2679 1590 2739 Eunt

140 2768 178 2828 irs
196 2768 355 2843 smum,
379 2766 560 2841 exemplar,
583 2768 840 2826 similitudinem.
887 2766 969 2826 enim
991 2766 1046 2845 qui
1073 2766 1143 2844 plus
1173 2766 1293 2846 sliquid
1322 2773 1466 2847 saperent
1495 2784 1590 2846 snprs

142 2850 235 2934 Quod
257 2854 284 2911 si
306 2851 501 2913 observasset
522 2854 684 2927 Erasmus,
717 2874 778 2913 non
801 2852 841 2912 ad
886 2850 1002 2930 vulgus
1023 2852 1187 2912 hominum.

141 2938 275 3000 alienum
302 2956 424 2997 sensum
445 2938 589 3017 Apostoli
617 2941 712 3000 verbs
739 2939 841 2999 detor-
930 2937 1019 2999 Unde
1041 2948 1073 2999 et
1093 2939 1247 3016 triplicem
1260 2939 1421 3018 gentilium
1444 2956 1528 3018 quae
1543 2936 1590 2999 di·

142 3025 244 3098 sisset,
258 3021 406 3084 vertendo
417 3042 478 3100 per
493 3028 670 3102 imsqinem
697 3037 753 3087 ete.
776 3027 840 3086 De·
862 3028 866 3105 ξ
887 3024 1013 3086 cehatur
1041 3025 1228 3104 theolegium
1260 3025 1455 3105 distinguunt
1487 3024 1589 3086 ottho·

142 3111 264 3173 buisset
284 3111 366 3171 enim
389 3118 420 3168 et
441 3110 581 3186 inferius,
610 3113 664 3173 uhi
686 3113 777 3192 plane
800 3114 841 3172 si·
862 3116 866 3177 l
887 3109 960 3171 dexi
983 3113 1163 3192 scriptores:
1187 3112 1319 3185 civilem,
1341 3131 1423 3191 quae
1437 3131 1495 3191 per
1508 3112 1589 3173 Pon·

142 3197 224 3259 milia
247 3205 294 3257 est
315 3214 421 3269 sermo,
443 3198 488 3257 sie
509 3209 646 3261 vertere:
670 3203 732 3278 (lui
753 3217 840 3260 coru·
887 3198 988 3258 tifiees
1010 3198 1223 3260 celebrabatur
1245 3200 1278 3259 in
1300 3198 1442 3277 templis3
1471 3198 1589 3259 iahuls-

141 3291 313 3346 mutamur
335 3286 504 3343 veritatem
532 3291 599 3361 eius
618 3305 678 3362 per
703 3287 841 3345 menda·
887 3305 967 3358 rem,
997 3305 1091 3364 quam
1112 3285 1228 3345 Poetae
1257 3283 1531 3366 repraesentabant
1559 3286 1592 3345 in

143 3368 344 3450 eium5quod
351 3367 570 3433 viditsibinon
582 3371 840 3433 esseisciendum
888 3371 1034 3447 theatris;
1057 3380 1089 3431 et
1106 3371 1284 3446 neturalem,
1306 3392 1399 3453 quem
1414 3371 1592 3452 philosophi

186 3457 282 3518 Porro
311 3456 487 3517 similitudo
516 3461 669 3535 imupinis
696 3459 841 3519 Hebrais·
888 3456 1051 3518 trudebant
1065 3458 1098 3517 in
1112 3459 1235 3518 scholis.
1258 3458 1349 3538 Quae
1360 3458 1489 3538 gentilis
1504 3459 1592 3519 thec-

142 3563 210 3605 mus
225 3551 282 3612 est,
303 3562 359 3624 pro
375 3544 509 3622 imagine
530 3545 625 3606 simili
647 3565 703 3606 seu
721 3565 841 3625 reprae·
888 3544 990 3623 legiae
1012 3562 1125 3623 genere
1151 3552 1223 3624 post
1245 3546 1452 3625 Augustinum
1476 3545 1593 3625 passim

143 3637 299 3701 masne,
321 3637 357 3689 ut
377 3648 484 3689 sensus
504 3631 563 3691 sit:
586 3633 749 3711 Sapientes
772 3631 843 3691 illos
890 3631 1001 3692 dehis
1023 3639 1164 3709 agentem
1185 3634 1217 3691 in
1239 3631 1326 3692 libris
1348 3632 1388 3692 de
1408 3630 1593 3704 cirtensi,

143 3716 272 3796 gloriam
299 3717 364 3775 veri
386 3716 447 3776 Dei
477 3718 671 3780 transtulisse
699 3720 732 3779 in
758 3737 842 3779 cres·
890 3717 981 3778 docte
1012 3717 1149 3797 explicet
1175 3718 1312 3779 Thomas
1344 3719 1376 3778 in
1407 3719 1502 3799 hujus
1532 3716 1594 3778 loci

143 3811 238 3876 turae,
252 3821 312 3862 non
327 3801 621 3885 quomodocumque,
636 3803 691 3867 sed
703 3807 735 3866 in
751 3807 843 3866 simu·
890 3805 1104 3865 commentario
1128 3804 1184 3865 suh
1208 3805 1300 3866 finem
1316 3806 1464 3883 septimee
1486 3805 1594 3866 lectio·

142 3887 226 3949 laers
241 3897 395 3949 erectores
410 3893 678 3968 reprcesententia,
700 3901 735 3951 ut
750 3892 843 3952 homi·
889 3894 947 3965 nis,
970 3899 1002 3952 et
1024 3891 1058 3950 in
1080 3895 1110 3952 2.
1132 3909 1162 3971 q.
1186 3895 1237 3953 94.
1260 3900 1316 3951 art
1341 3895 1369 3951 l.

142 3994 208 4048 nes,
228 3973 369 4035 volucres
391 3984 449 4034 ete
478 3974 550 4039 Non
572 3977 670 4039 solum
686 3980 767 4038 enim
789 3979 843 4038 hss
934 3979 985 4039 24.
1007 3979 1147 4054 Propter
1160 3977 1248 4054 quod
1266 3976 1404 4037 tradidit
1418 3977 1491 4039 illos
1505 3977 1595 4039 Des

144 4068 314 4134 erectores,
343 4081 463 4136 verum,
493 4063 576 4143 quod
605 4063 766 4126 shsurdius
788 4071 844 4137 est,
890 4067 928 4126 irs
949 4064 1108 4125 desiderio
1129 4063 1236 4125 comis
1250 4081 1373 4140 eonem,
1396 4067 1432 4126 iu
1446 4068 1594 4128 immu-

144 4166 248 4209 earum
282 4145 365 4209 idola
398 4168 454 4210 seu
483 4150 645 4212 simulacre
678 4150 782 4229 lignea
812 4159 844 4210 et
891 4152 1018 4212 ditiam.
1062 4152 1105 4212 ln
1137 4151 1299 4212 desideria
1333 4151 1438 4212 cordis
1470 4169 1594 4213 eorum.

144 4252 312 4314 meapte
335 4233 584 4297 diiseoluerunt
890 4237 1026 4300 Graece:
1056 4227 1088 4294 ἔν
1118 4237 1194 4305 ταῖς
1224 4227 1402 4314 ἐπιθυμίαις
1426 4239 1488 4296 τῶν
1517 4251 1596 4315 stup-

186 4318 249 4381 Hie
268 4319 353 4383 locus
375 4332 407 4383 et
435 4320 490 4382 elii
513 4324 672 4396 innumeri,
694 4325 749 4404 qui
771 4332 844 4384 sunt
891 4318 964 4382 trus
988 4317 1087 4382 αὐτῶν
1092 4369 1104 4400 ,
1135 4326 1171 4384 in
1194 4323 1358 4384 desideriis
1385 4343 1442 4384 seu
1463 4324 1595 4402 cupidi-

144 4407 175 4468 in
190 4407 348 4487 scripturis
363 4409 526 4490 uetusque
542 4412 725 4486 testamenti,
740 4411 843 4490 pslsm
890 4410 1009 4470 tutibus
1023 4410 1169 4471 cordium
1184 4428 1306 4471 eonem.
1329 4410 1423 4490 Quod
1444 4411 1594 4473 Erasmus

144 4491 332 4574 redarguunt
347 4494 476 4557 Josnnis
489 4492 612 4556 Oslvini
624 4504 656 4557 et
667 4498 843 4578 sequacium
890 4498 1001 4558 vertit:
1014 4515 1075 4574 per
1085 4497 1277 4574 cupiditates
1287 4498 1435 4559 cordium
1448 4515 1594 4559 mortem.

144 4580 212 4661 ejus
227 4578 425 4656 calumnism3
444 4583 549 4662 quint
564 4581 844 4643 invidiamlsciant
889 4580 988 4642 Addit
1015 4585 1096 4644 enim
1117 4583 1286 4664 Apostolus
1314 4583 1437 4646 diversa
1463 4604 1593 4665 praepo·

143 4666 331 4749 imaginihus
353 4666 468 4731 christi
490 4675 523 4730 et
543 4676 734 4744 ssnetorum,
764 4682 844 4751 quta
890 4671 1003 4731 sitione
1026 4678 1059 4731 at
1079 4690 1152 4732 essu
1174 4661 1222 4740 εἰς
1245 4661 1459 4749 ἀκαθαρσίαν,
1480 4674 1520 4733 irs
1541 4671 1594 4733 rel
