3254 5190
455 277 617 332 merome
634 278 674 332 aa
692 278 850 333 notatos.
885 278 970 332 VERS.
990 280 1014 332 ⁷.
1033 278 1056 331 8,

91 457 140 519 esd
166 458 250 519 haec
278 456 440 516 sufficiant
467 455 556 516 Nunc
578 454 617 514 ad
643 464 758 515 textum

62 545 171 627 Apostoli
187 543 376 605 redeamus.

89 635 108 691 7.
134 634 199 693 Vix
216 634 321 691 enim
335 633 497 706 proiecte
520 632 591 706 quie
611 631 757 689 moritur.

59 718 219 790 collatione,
239 718 340 799 quod
357 715 444 790 dixit,
465 715 633 796 amplificat
655 717 758 776 Mori·

58 814 103 881 tr,
122 805 255 866 Graece
277 796 492 861 &mutuaticae
497 848 507 878 ,
531 805 704 876 morietur,
728 801 758 860 id

56 903 90 966 st
100 892 171 952 mori
187 900 339 971 paratus
358 891 402 949 sit.
433 889 636 969 Hieronymus
652 890 681 947 in
698 889 757 968 epi·

55 979 105 1039 stole
116 978 156 1038 ed
172 977 370 1058 Algasiam,
382 976 496 1054 justum
513 975 695 1035 abstractive
710 975 758 1053 ju·

54 1068 142 1137 utiam,
158 1083 222 1124 seu
242 1084 320 1124 rem
333 1062 456 1141 justam,
469 1064 686 1141 interpretatur.
699 1061 758 1120 V‘e·

54 1173 95 1212 ure
105 1150 293 1230 simplicior
310 1157 346 1209 et
361 1149 531 1228 germanior
543 1148 680 1227 Apostoli
693 1167 757 1208 seo·

54 1248 152 1307 mat,
167 1257 279 1319 quern
306 1236 364 1295 alii
386 1234 528 1295 reddunt:
552 1234 614 1293 Vix
634 1234 758 1313 reperiri

55 1327 158 1405 siquem
175 1325 274 1385 inter
291 1322 454 1393 mortales,
477 1322 528 1401 qui
543 1340 597 1400 pro
608 1321 692 1398 justo
708 1319 758 1379 ho·

55 1415 107 1471 u‘nc
125 1409 313 1471 liberando
335 1408 409 1467 velit
431 1427 463 1466 se
486 1406 559 1466 dare
579 1408 610 1465 in
625 1415 758 1466 mortem.

56 1498 109 1557 hun
122 1501 208 1558 inter
226 1513 392 1577 personas
408 1493 598 1553 collationem
609 1492 696 1564 iacit,
709 1493 757 1570 ju·

1432 283 1503 352 105

806 457 873 516 Deo
884 454 979 533 judex
992 455 1126 515 vivorum
1140 466 1171 515 et
1182 464 1378 515 mortuorum:
1392 453 1505 514 bonum

807 551 908 603 autem
921 542 959 601 ad
970 543 1069 601 Deum
1082 552 1213 622 patrem3
1226 542 1262 601 de
1275 561 1333 617 quo
1345 541 1425 600 tilius
1439 543 1505 620 ipse

808 631 978 689 confitetur:
995 631 1094 689 Nemo
1111 630 1221 703 bonas,
1238 632 1398 689 nisianas
1409 630 1504 688 Deae.

808 715 877 794 Quo
893 717 1029 775 nimirum
1052 725 1218 776 commento
1241 716 1410 794 significare
1425 714 1505 773 volc-

808 802 859 861 bat
875 802 965 863 tilium
980 821 1040 860 non
1056 822 1124 862 esse
1146 802 1257 861 bonum
1281 822 1378 880 aeque
1399 809 1432 859 nt
1453 820 1504 880 pa·

807 899 896 962 trem,
912 888 965 948 sed
980 890 1208 968 participatione
1224 895 1338 947 tantum
1360 887 1505 946 bonitatis

806 984 958 1055 paternae.
975 975 1087 1034 Verum
1101 975 1176 1034 haec
1187 986 1219 1034 ut
1229 975 1380 1034 haeretica
1393 982 1463 1033 sunt
1473 980 1505 1032 et

806 1063 911 1142 impia,
927 1063 969 1122 ita
984 1061 1022 1120 ab
1039 1063 1175 1121 instituto
1190 1070 1221 1120 et
1236 1068 1378 1120 contextu
1395 1079 1502 1118 sermo·

806 1150 852 1208 nis
867 1147 1032 1228 Apostolici
1043 1168 1166 1228 prorsus
1182 1149 1289 1219 aliena,
1314 1156 1347 1205 ut
1362 1148 1393 1205 in
1408 1146 1443 1204 iis
1458 1165 1502 1204 re·

806 1234 946 1295 fallendis
961 1255 1021 1294 non
1037 1236 1075 1294 sit
1089 1235 1279 1295 haerendum.

850 1323 878 1380 8.
892 1321 1100 1382 Commendat
1111 1330 1216 1381 autem
1227 1323 1393 1380 caritatem
1412 1338 1502 1380 saram

807 1404 893 1467 Dedi
907 1413 943 1467 irs
958 1409 1056 1468 nohis.
1081 1407 1214 1480 Graece,
1241 1412 1277 1466 in
1299 1424 1377 1479 reos,
1401 1405 1503 1478 idest,

807 1514 877 1572 erga
893 1515 957 1554 nos.

57 1596 108 1644 tun
120 1583 257 1646 scilicet
274 1591 310 1642 et
327 1583 443 1661 impios.
851 1583 1021 1659 Quoniam,
1035 1601 1106 1641 cum
1119 1583 1223 1641 adhuc
1233 1587 1413 1656 peccatores
1424 1599 1503 1640 ease·

84 1673 156 1731 Nam
170 1689 247 1747 pro
268 1670 360 1728 bono
382 1669 522 1745 forsitan
546 1668 616 1742 qais
638 1666 758 1726 audeat
806 1687 886 1742 mus,
903 1669 1076 1729 secandum
1088 1676 1210 1745 tempas
1219 1668 1360 1728 Christus
1368 1684 1431 1743 pro
1443 1684 1504 1726 no·

59 1756 267 1818 maenam
278 1758 355 1833 qais
368 1757 462 1814 etiam
470 1752 567 1813 audet
575 1756 667 1814 mori.
675 1753 758 1813 Inter
807 1755 852 1813 bis
867 1762 1010 1816 mortuas
1025 1763 1077 1815 est.
1111 1755 1191 1815 Male
1207 1753 1328 1834 quidam
1344 1753 1504 1814 codicesri

57 1845 144 1920 justum
160 1844 340 1905 othonum
365 1840 521 1920 distinguit
544 1848 758 1900 commentator
806 1842 981 1918 interposito
1018 1841 1136 1921 legunt:
1168 1844 1330 1920 Quoniam
1361 1845 1404 1915 si,
1432 1859 1504 1900 cren

60 1930 228 2004 imbrosiua,
260 1926 349 2009 quod
364 1926 461 1987 honus
476 1933 580 1987 natura
595 1927 661 2006 quis
678 1925 756 1985 dica·
805 1927 909 1987 adhuc
938 1937 1005 2002 etc,
1021 1929 1140 1989 tametsi
1162 1931 1203 1988 iia
1218 1928 1329 2006 legitur
1345 1926 1424 2007 apud
1442 1925 1502 2008 Cy·

60 2017 206 2095 micatus
219 2013 387 2076 exercitio.
396 2013 504 2074 Melius
516 2011 568 2086 illi,
579 2014 632 2092 qui
640 2014 756 2091 justum
804 2016 941 2093 prianum
964 2015 1091 2094 epistola
1114 2015 1181 2088 52,
1202 2013 1256 2074 sed
1271 2015 1412 2073 citantem
1427 2014 1502 2074 haec

60 2103 213 2183 intelligunt
229 2099 418 2162 reddentem
437 2101 563 2177 cuique,
578 2098 659 2180 qnod
672 2119 755 2159 suum
804 2100 896 2160 verba
911 2101 1033 2161 revulsa
1049 2123 1066 2161 a
1082 2100 1303 2181 superioribus,
1318 2107 1351 2159 nt
1367 2120 1443 2180 opus
1460 2099 1502 2159 illi

60 2189 225 2259 athenam
234 2208 326 2258 vero,
342 2189 395 2268 qui
405 2185 557 2247 beneficus
570 2189 615 2259 sit,
631 2206 667 2245 ac
677 2186 756 2245 bene
803 2186 893 2246 fuerit
908 2186 1075 2262 adderent,
1092 2186 1341 2268 quemadmodum
1368 2196 1399 2245 et
1415 2186 1500 2246 Hila-

60 2272 197 2335 lemaltis
213 2275 355 2334 meritus.
368 2273 446 2333 Nam
458 2270 591 2333 homines
604 2272 755 2331 beneficiis
804 2274 847 2332 rio
864 2276 1014 2334 enarranti
1029 2274 1182 2334 Psalmum
1198 2274 1248 2334 55.
1265 2272 1348 2331 Illud
1364 2292 1501 2352 quoque,

60 2361 140 2421 desti
156 2363 254 2421 citius
272 2361 366 2419 vitam
383 2368 533 2439 exponant
547 2357 680 2440 periculo
700 2378 755 2439 pro
802 2359 973 2419 seeundum
991 2368 1126 2437 tempus,
1142 2360 1201 2420 huc
1216 2360 1363 2438 ingestum
1378 2359 1502 2420 videtur

59 2444 295 2508 &nemoribus
308 2466 399 2527 quam
418 2466 472 2525 pro
494 2442 577 2520 aliis,
594 2451 750 2524 quantum·
804 2446 901 2505 eloco
916 2448 1071 2526 superiore
1085 2446 1181 2509 simili.
1196 2446 1273 2506 Nam
1289 2445 1501 2525 Graeca,Syri-

59 2532 232 2613 lihetjusfis.
262 2533 374 2613 Itaque
397 2551 500 2591 seusus
520 2532 570 2592 hic
591 2530 754 2612 probabilis
802 2553 864 2607 acc,
877 2533 988 2593 Latina
999 2537 1124 2615 potiora,
1135 2539 1254 2593 veteres
1266 2531 1500 2592 concordantiae

60 2630 101 2678 set
131 2621 179 2680 Ac
207 2620 271 2678 nisi
295 2618 452 2679 discrimen
478 2616 600 2698 aliquod
621 2617 754 2678 indicare
801 2639 861 2679 nou
876 2619 1003 2695 habent,
1020 2629 1051 2682 ut
1066 2640 1122 2681 nec
1138 2619 1327 2699 Cyprianus,
1343 2639 1400 2679 nac
1415 2619 1500 2679 Hila-

59 2704 139 2766 rsllet
164 2705 338 2786 Apostolus
360 2705 565 2782 interjectum
584 2713 615 2766 et
636 2705 754 2779 bonum,
801 2707 873 2766 rins.
906 2707 968 2766 Sed
994 2719 1023 2768 et
1049 2708 1193 2768 Irenaeus
1220 2706 1270 2765 lib.
1297 2708 1325 2765 3.
1355 2704 1501 2766 adversus

58 2811 191 2872 quorsum
217 2800 350 2851 mutaret
374 2790 578 2850 vocabulum?
611 2791 754 2870 Plerique
801 2793 941 2853 haereses
969 2816 1032 2875 cap.
1056 2799 1121 2867 18,
1145 2802 1175 2852 et
1198 2793 1386 2871 Augustinus
1405 2792 1453 2851 lib.
1472 2796 1501 2853 4.

57 2886 154 2953 tmen,
170 2877 283 2952 fateor,
299 2899 359 2938 non
375 2877 574 2956 distinguunt,
587 2886 618 2939 et
633 2897 754 2937 sensum
803 2879 840 2940 de
856 2881 964 2939 Triuit.
982 2902 1046 2961 cap.
1067 2887 1102 2950 1.,
1120 2901 1156 2941 ac
1171 2900 1284 2940 rursum
1302 2879 1353 2938 lib.
1369 2880 1416 2938 13.
1433 2899 1498 2959 cap.

10 3008 14 3061 j
57 2962 276 3026 benefaciunt:
303 2965 443 3024 Diccvix
458 2965 600 3044 reperiri,
627 2966 678 3045 qni
700 2983 753 3043 pro
805 2968 852 3025 10.
883 2986 1001 3027 versum
1031 2968 1110 3027 huuc
1138 2966 1255 3047 absque
1286 2987 1322 3026 ea
1353 2967 1500 3044 particula

10 3066 14 3081 ·
54 3051 124 3126 justu
138 3052 307 3126 moriatur,
321 3072 382 3111 non
393 3048 565 3129 simpliciter
577 3071 655 3130 nego
669 3070 752 3129 repe·
802 3054 905 3113 citant.

57 3137 107 3210 riri,
121 3140 198 3219 quie
205 3136 334 3199 forsitan
342 3138 507 3217 reperiatur
522 3138 639 3218 aliquis,
655 3139 706 3217 qui
722 3136 753 3195 id
844 3141 902 3198 Est
916 3147 1012 3198 autem
1026 3142 1116 3199 totius
1129 3138 1242 3218 periodi
1255 3160 1374 3199 sensus:
1390 3159 1500 3217 magna

57 3222 153 3297 iaciat,
177 3223 210 3285 id
227 3235 290 3297 est,
316 3243 370 3304 pro
386 3227 469 3303 justo
494 3234 525 3284 et
539 3225 618 3284 hono
633 3224 752 3283 homine
802 3226 921 3307 quidem
938 3228 1045 3285 caritas
1061 3227 1140 3305 apud
1156 3227 1290 3286 homiues
1314 3228 1498 3297 aestimatur,

58 3311 139 3370 etiam
152 3313 232 3371 mori
249 3310 372 3384 audeat,
392 3311 552 3383 sustineat,
576 3313 605 3372 in
622 3311 752 3370 animum
802 3315 826 3388 si
842 3313 924 3394 quod
936 3315 1117 3373 rarissimum
1130 3321 1182 3383 est,
1198 3333 1251 3391 pro
1260 3314 1344 3390 justo
1357 3321 1408 3372 aut
1419 3311 1499 3372 bono

9 3472 11 3479 y
58 3395 182 3458 hiscat
214 3398 266 3458 Sic
288 3399 365 3457 onim
388 3398 512 3458 verbum
528 3399 646 3457 audeat
662 3416 752 3475 expo·
801 3403 868 3481 quis
884 3408 1008 3479 oppetat
1022 3410 1157 3459 mortem.
1171 3398 1210 3457 At
1225 3400 1310 3459 Deus
1326 3419 1410 3459 suam
1426 3418 1499 3477 erga

9 3490 12 3565 ᾗ
60 3482 191 3544 nendum.
214 3483 355 3544 Ostendit
370 3485 417 3543 hic
431 3483 530 3555 locus,
546 3484 631 3543 salvo
648 3482 752 3542 ordine
800 3488 1018 3546 noscaritatem
1028 3485 1259 3546 commendatae
1269 3494 1405 3545 testatam
1417 3485 1498 3556 iacit,

60 3571 200 3643 utitatis,
223 3571 316 3630 alium
338 3590 392 3649 pro
415 3571 475 3630 alio
496 3580 577 3630 recte
591 3573 683 3629 vitam
700 3571 751 3629 im·
801 3582 893 3652 atque
908 3573 1035 3632 humana
1050 3566 1174 3632 caritate
1189 3572 1280 3652 lenge
1293 3574 1434 3651 majorem
1451 3594 1496 3631 os·

61 3655 407 3736 penderetemporalem.
801 3659 897 3720 tendit
916 3660 946 3718 in
970 3680 1022 3734 ec,
1050 3660 1129 3740 quod
1152 3681 1205 3739 pro
1221 3659 1446 3736 nohisa'njustis
1468 3668 1499 3718 et

97 3741 204 3803 Obiter
219 3742 383 3814 admoneo,
410 3743 505 3803 locum
525 3743 604 3802 hunc
620 3744 658 3802 ab
675 3745 749 3803 auti·
799 3746 1007 3827 peccatoribus
1031 3745 1179 3806 Christum
1202 3747 1292 3805 filiuni
1320 3767 1406 3806 suurn
1423 3745 1499 3805 mori

63 3831 121 3905 quis
147 3830 309 3890 haereticis
331 3830 482 3889 Marcione
505 3841 536 3888 et
556 3831 629 3888 Ario
656 3849 750 3909 prave
799 3833 904 3892 voluit
925 3831 1032 3892 Utrum
1047 3832 1116 3892 hinc
1131 3842 1279 3913 sequatur,
1295 3834 1416 3911 majoris
1432 3851 1499 3892 esse

62 3914 237 3976 intellectum
260 3916 367 3988 fuisse,
390 3915 636 3996 quemadmodum
659 3915 752 3976 refert
799 3920 897 3979 meriti
912 3918 1101 3978 dilectionem
1119 3920 1302 3980 inimicorum
1319 3940 1408 3998 quarn
1425 3922 1496 3978 ami·

62 3999 255 4082 hieronymus
272 4004 302 4063 in
327 4003 453 4082 epistola
472 4011 643 4062 memorata
670 4002 749 4062 Nam
799 4026 915 4077 corum,
933 4004 1034 4065 videat
1046 4005 1196 4065 studiosus
1212 4005 1291 4084 apud
1307 4013 1496 4065 commentat.

62 4085 183 4149 llarcion
201 4091 319 4168 justum
343 4088 530 4168 intelligebat
547 4089 645 4149 Deum
673 4089 749 4168 legis
798 4093 932 4172 magistri
947 4092 1077 4153 Sentent.
1094 4092 1144 4151 lib.
1161 4093 1189 4149 3.
1207 4092 1273 4151 dist.
1293 4094 1341 4152 30.

64 4181 89 4230 tt
100 4173 322 4256 Prophetarum,
334 4176 442 4235 bonum
454 4195 525 4234 vero
538 4176 637 4235 Deum
648 4176 749 4235 Evan·
839 4181 933 4239 l'orro
949 4177 1111 4239 notandum
1128 4186 1174 4238 est
1188 4179 1367 4259 particulam
1395 4178 1498 4236 (adhuc

63 4260 192 4334 geliorum
219 4271 251 4322 et
273 4261 501 4342 Apostolorum:
529 4271 559 4321 et
586 4283 641 4341 pru
665 4263 748 4339 justo
797 4275 857 4325 tarn
872 4265 1007 4325 hocloco
1021 4285 1111 4345 quam
1125 4267 1272 4345 superius,
1289 4265 1339 4323 ubi
1352 4264 1411 4322 ait:
1427 4283 1497 4322 cam

63 4346 167 4422 quidem
193 4349 327 4419 dicebat,
354 4348 404 4408 vel
430 4347 541 4415 nullos.
558 4349 608 4408 vel
635 4369 747 4428 paucos
797 4353 900 4411 adhuc
915 4355 1037 4429 infirmi
1053 4371 1203 4424 essemus,
1230 4353 1378 4429 pertinere
1396 4352 1496 4428 potius

63 4438 228 4512 opperirisss
242 4445 387 4511 mortem3
402 4455 455 4514 pro
470 4433 550 4495 bono
563 4444 663 4495 autem
678 4437 746 4496 Deo
797 4439 836 4498 ad
852 4439 1079 4518 significandum
1095 4448 1206 4498 statum
1230 4438 1382 4516 cujusque
1406 4436 1496 4496 homi·

63 4519 169 4604 ejusque
191 4525 256 4583 filio
281 4521 399 4581 Christo
423 4521 655 4583 innumerabiles
671 4543 745 4581 mar·
796 4527 856 4594 nis,
884 4546 943 4605 quo
966 4524 1128 4586 remedium
1152 4527 1254 4584 mortis
1279 4522 1392 4584 Christi
1415 4524 1452 4582 sit
1468 4523 1498 4581 ei

63 4614 130 4681 tyrse
143 4612 306 4673 exstitisse.
339 4609 429 4667 Arius
445 4628 517 4667 vero
530 4609 644 4687 justum
668 4608 745 4670 reis·
795 4614 1013 4684 necessarium,
1043 4631 1132 4692 quam
1159 4611 1197 4670 ad
1227 4619 1338 4671 certum
1372 4607 1494 4689 aliquod

62 4691 128 4755 rebat
141 4698 177 4759 ad
195 4696 370 4766 Christum,
392 4696 443 4778 qui
465 4698 644 4756 constitutas
667 4703 713 4755 est
726 4715 746 4756 a
794 4708 917 4778 tempus.
941 4699 984 4759 Ut
1006 4700 1084 4759 enim
1107 4698 1241 4758 homines
1263 4719 1324 4758 nou
1345 4716 1404 4758 uno
1421 4705 1493 4756 tem·
