3254 5190
473 269 1089 326 umrotmmnomuosvmsaasr.
1456 275 1502 343 55

54 467 112 507 urm
126 447 300 526 amputatio
323 453 355 505 et
368 445 455 524 fuga,
477 446 510 506 in
530 446 595 525 ipso
611 445 757 524 impletur.
852 445 902 504 tt.
925 445 969 505 Et
983 444 1143 516 uditate
1165 445 1199 503 id
1221 444 1307 522 quod
1329 461 1366 504 te
1382 451 1503 504 uetare

54 533 125 593 llam
148 532 344 592 circumcisio
366 532 484 610 signnm
509 529 659 612 quoddam
687 540 757 604 erat,
807 538 851 590 est
862 533 1081 607 praeputium,
1095 533 1193 609 legem
1206 549 1445 605 consummans,
1462 537 1502 605 te,

57 617 203 680 Judaeum
212 618 492 689 commonefaciens,
500 637 551 677 cor
560 637 627 678 esse
635 618 755 677 circum·
807 621 862 693 qai
875 617 1503 693 perlitterameteircumcisionemprae·

58 703 221 778 ridendum,
239 703 406 764 secundum
419 703 493 764 illud
508 704 531 765 J
533 724 621 764 erem.
639 708 667 765 4.
685 705 756 765 Oir·
806 706 968 764 varicator
991 704 1068 779 ἱερέα
1091 706 1144 764 es?
1168 704 1252 763 Haec
1278 704 1425 782 posterior
1440 722 1503 762 ero·

60 791 275 851 rancidimiai
289 792 451 865 Domino,
468 797 498 849 et
512 790 638 868 auferte
658 809 756 866 prae·
804 792 922 850 tematis
937 810 1007 868 pars
1033 799 1078 849 est
1099 792 1191 851 instar
1214 788 1428 862 conclusionis,
1444 808 1504 869 qna

10 914 12 925 ·
58 880 138 954 petie
153 878 312 937 cordiam
328 885 512 937 uestrorum.
805 875 924 935 tandem
951 877 981 936 in
1004 875 1156 936 Judaeum
1182 875 1328 935 subtiliter
1352 882 1504 955 retorquet

88 962 178 1024 Adde
194 962 282 1043 quod
300 965 357 1022 etsi
371 964 394 1025 J
395 963 491 1023 udaeo
502 965 567 1043 jam
578 961 683 1022 illicita
694 961 755 1022 fac·
800 960 953 1039 judicium,
966 983 1025 1042 quo
1037 963 1177 1040 gentilem
1194 960 1330 1022 Judaeus
1343 962 1503 1039 gravabat;

60 1066 82 1108 u
112 1049 225 1109 fuisset
260 1049 444 1110 circumcisio
476 1070 531 1129 per
564 1048 756 1108 sufficientem
804 1058 836 1106 ut
848 1047 975 1108 vidimus
991 1048 1075 1108 initio
1091 1049 1179 1127 bujus
1196 1068 1259 1127 cap.
1274 1049 1503 1109 Coasamrnans

60 1134 212 1214 Evangelii
229 1135 515 1215 promulgationem,
538 1144 634 1195 temen
657 1133 755 1195 adbuc
805 1132 921 1194 Graece
937 1131 1078 1206 τελοῦσα,
1105 1133 1186 1215 quod
1198 1135 1295 1193 minus
1307 1133 1398 1214 plene
1412 1134 1503 1193 vertit

60 1222 189 1302 puderet
217 1223 250 1280 ei
277 1222 410 1282 sementi
437 1222 535 1300 legem
563 1222 755 1296 circumcisio,
805 1220 964 1294 Erasmus,
994 1224 1020 1280 si
1043 1224 1227 1281 seruaverit.
1250 1220 1328 1279 Nam
1353 1217 1502 1279 Graecum

60 1329 135 1388 quam
149 1308 259 1367 infans
275 1317 442 1386 acceperat,
458 1317 605 1389 quatenus
621 1327 755 1387 peream
803 1306 928 1367 verbum
943 1303 1046 1365 τελεῖν
1068 1309 1209 1388 perficere
1225 1315 1254 1366 et
1278 1307 1401 1386 implere
1412 1307 1502 1385 sigui·

60 1394 270 1455 admonebatur
305 1394 535 1454 circumcisionis
575 1393 754 1474 spiritualis,
803 1392 879 1452 licat.
896 1395 1028 1454 Sensus:
1044 1396 1084 1453 m
1100 1414 1199 1454 nonne
1215 1393 1347 1472 gentilis,
1363 1411 1451 1473 quem
1469 1402 1502 1453 tu

61 1502 135 1560 quam
151 1480 209 1540 illa
227 1480 329 1539 carnis
344 1481 528 1539 circumcisio
544 1479 738 1558 significabat.
798 1478 935 1556 judicare
943 1479 1031 1553 soles,
1044 1481 1100 1540 etsi
1108 1481 1295 1561 praeputium
1308 1479 1422 1538 habens
1434 1499 1501 1538 cum

90 1567 165 1628 Sunt
177 1567 235 1648 qui
247 1574 355 1644 putent
365 1566 413 1626 hic
420 1587 475 1646 per
483 1565 694 1646 synecdochen
703 1589 753 1627 no·
803 1585 861 1646 quo
877 1576 964 1626 natus
982 1575 1035 1640 est,
1051 1567 1076 1625 si
1092 1567 1190 1647 legem
1208 1566 1346 1626 observet
1361 1585 1397 1624 ac
1412 1566 1498 1645 perii·

60 1655 121 1714 uiue
135 1653 376 1714 circumcisionis
390 1661 481 1714 totam
492 1654 590 1733 legem
601 1655 753 1734 acprofes·
802 1653 869 1724 ciat,
885 1654 930 1712 sui
944 1656 1163 1733 comparatione
1179 1651 1385 1711 condemnabit
1397 1659 1436 1724 te,
1448 1653 1499 1734 qui

60 1741 160 1801 nonem
168 1739 337 1800 Judaicam
349 1739 483 1820 intelligi.
496 1739 666 1800 Secundum
678 1761 753 1821 quos
801 1757 865 1797 cum
881 1739 1006 1811 literam,
1021 1739 1052 1799 id
1068 1748 1121 1813 est,
1137 1741 1234 1818 legem
1246 1740 1276 1799 in
1288 1739 1396 1798 tabulis
1408 1740 1496 1819 scrip-

60 1845 153 1887 teauss
167 1834 215 1887 ert
229 1848 237 1883 :
261 1825 421 1904 Religione
440 1847 475 1887 ac
496 1827 681 1906 professione
696 1828 719 1888 J
722 1849 750 1887 u·
800 1833 861 1883 tam
871 1825 992 1898 habeas,
1004 1835 1035 1885 et
1047 1847 1135 1886 carne
1147 1825 1393 1895 circumcisussis,
1405 1833 1498 1905 atquo

60 1912 153 1974 dacum
169 1932 245 1973 esse
259 1910 392 1991 prodest,
404 1913 438 1987 si,
450 1916 500 1994 qui
512 1914 641 1984 talisest,
654 1913 752 1993 legem
800 1919 922 1970 externa
937 1911 1123 1992 professione
1139 1911 1291 1984 Judaeum
1314 1920 1414 1972 tamen
1429 1912 1498 1972 huic

58 1999 195 2071 observet,
206 2008 302 2078 atque
313 1997 438 2077 idquod
448 2000 601 2078 profitetur
609 2009 751 2078 praestet.
798 1998 977 2078 professioni
991 2021 1051 2059 non
1066 1998 1245 2080 respondes,
1261 1995 1314 2058 sed
1330 1999 1427 2077 legem
1448 2019 1495 2058 ac·

58 2084 514 2163 Quodtameuetiamsecundum
524 2084 750 2165 supradictade·
800 2093 917 2165 ceptam
931 2084 1174 2163 praevaricaris?
1188 2085 1285 2146 Simili
1295 2085 1445 2145 locutione
1454 2083 1496 2144 di·

58 2171 250 2250 betintelligi.
259 2171 419 2230 Verumea
431 2171 661 2233 circumcisionis
668 2192 750 2231 acce·
800 2171 870 2230 cite
886 2169 1005 2232 diverso
1022 2192 1087 2252 cap.
1104 2177 1150 2243 4.,
1173 2180 1278 2251 gentes
1301 2191 1356 2251 per
1369 2190 1495 2253 praepu-

59 2260 222 2338 pdcneque
235 2277 305 2318 cum
317 2256 750 2336 sequentibusedmodumcou·
799 2258 872 2317 tium
888 2257 1018 2317 credere.
1318 2290 1323 2298 ·

59 2347 131 2422 gruit,
146 2362 253 2425 neque
268 2342 358 2402 facile
376 2353 477 2423 potest
489 2343 611 2404 aliunde
622 2345 750 2424 probari.
843 2343 953 2402 Posset
967 2343 1080 2424 alioqui
1091 2344 1134 2404 sic
1145 2342 1288 2422 intelligi:
1302 2345 1496 2418 portiterem

90 2433 123 2493 m·
138 2439 254 2491 auum
265 2433 513 2506 praevaricator
528 2432 604 2505 lepis
618 2434 669 2505 sis,
686 2434 750 2490 cir·
801 2437 829 2490 et
844 2431 1113 2491 circumcisionem
1125 2433 1371 2506 praevaricator
1378 2474 1388 2503 ,
1404 2430 1498 2493 idest

59 2520 195 2578 atarbio
212 2525 272 2576 trae
285 2521 496 2592 praeputium
508 2517 599 2594 facte
622 2525 673 2578 eet.
696 2516 751 2578 sin
799 2518 954 2578 occasione
969 2517 1044 2596 legis
1054 2526 1083 2577 et
1091 2517 1320 2577 circumcisionis
1333 2525 1496 2596 transgres-

58 2614 161 2678 tutem,
178 2603 293 2682 inquit,
315 2602 411 2682 legem
434 2624 494 2663 nou
516 2603 673 2676 observes,
697 2602 751 2662 scd
798 2624 847 2663 sor
864 2603 975 2676 factus,
997 2605 1068 2683 quia
1083 2604 1133 2664 lec
1155 2607 1239 2662 iram
1254 2604 1497 2679 operaturiufra

59 2688 299 2769 megrediaris,
321 2689 397 2748 nihil
412 2690 466 2750 tibi
481 2689 614 2750 conferet
629 2699 680 2750 tua
696 2691 750 2748 eir·
799 2710 863 2769 cap.
873 2690 1070 2769 4.,quomodo
1081 2689 1261 2749 dictumest:
1278 2691 1496 2751 literaoceidit

59 2778 205 2848 moisio,
230 2795 288 2836 nec
311 2777 430 2836 omnino
453 2776 585 2857 proderit
600 2775 752 2837 Judaeum
800 2778 989 2837 etlor.3.et:
1002 2778 1109 2836 Virtus
1118 2778 1309 2853 peccatilex.
1327 2782 1341 2836 1
1358 2775 1426 2836 Cor.
1446 2778 1494 2837 15.

59 2881 114 2923 esse
129 2882 247 2941 genere
261 2881 299 2920 ac
312 2862 511 2941 professione:
534 2861 588 2923 sed
615 2864 673 2923 eris
688 2870 752 2922 tan·
841 2863 1014 2923 Notandum
1029 2873 1108 2924 esta
1131 2864 1208 2942 Syro
1231 2866 1393 2943 interprete
1416 2866 1493 2944 prio·

59 2967 136 3027 qaam
152 2971 216 3009 uon
230 2949 426 3021 circumcisus,
441 2951 472 3010 id
484 2959 529 3010 est
540 2950 750 3030 praeputiatus,
798 2969 861 3009 rem
874 2958 991 3030 partem
1006 2952 1047 3009 ita
1062 2948 1162 3009 reddi:
1178 2950 1387 3026 rejudicabit
1396 2970 1494 3026 prae·

59 3035 184 3112 gentilis,
200 3035 289 3117 quasi
304 3033 401 3096 dicat:
425 3035 619 3096 circumcisio
630 3045 682 3095 tua
698 3034 752 3095 tibi
794 3040 924 3111 puttam
939 3038 1024 3113 quod
1040 3056 1077 3099 ee
1092 3045 1213 3097 nature
1228 3056 1286 3098 aaa
1298 3037 1434 3114 perfecit
1449 3039 1494 3098 le·

59 3141 136 3182 rema
147 3122 285 3183 fueritin
296 3124 495 3202 praeputium.
508 3124 749 3204 Estenimprae·
797 3142 885 3199 cern,
917 3133 950 3182 ut
971 3122 1044 3182 illud
1066 3143 1103 3184 es
1126 3132 1248 3184 catera
1270 3142 1328 3183 sue
1354 3123 1494 3185 videatur

57 3209 159 3286 putium
177 3228 216 3268 ea
226 3206 377 3287 pellicula,
389 3211 474 3288 cujus
486 3210 687 3290 amputatione
698 3208 749 3267 lie·
798 3209 961 3289 Apostolus
974 3230 1126 3289 opponere
1137 3210 1269 3284 vocibus,
1285 3230 1357 3291 quas
1374 3210 1493 3288 subjun-

57 3293 99 3353 tat
112 3296 309 3355 circumcisio.
798 3298 847 3375 git,
854 3316 915 3372 per
923 3299 1049 3355 literam
1059 3303 1087 3354 et
1099 3300 1387 3375 circumcisionem
1399 3300 1494 3378 sitque

93 3384 142 3441 ts.
165 3383 202 3442 Si
218 3384 319 3455 icitur
331 3386 539 3458 praepatium
549 3386 689 3456 justitias
704 3386 750 3442 le·
797 3382 875 3443 idem
892 3403 958 3442 curn
974 3401 1024 3453 eo,
1048 3382 1129 3463 quod
1145 3403 1235 3462 supra
1257 3383 1345 3456 dixit,
1372 3395 1495 3462 genter,

58 3473 97 3541 alr
110 3468 289 3528 muctar:
310 3487 421 3530 nonae
439 3473 649 3546 praeputio-m
664 3472 750 3530 illies
798 3490 875 3549 quae
882 3471 979 3548 legem
991 3469 1178 3541 nonhabeut,
1191 3471 1363 3529 naturaliter
1375 3490 1496 3553 eaquae

57 3557 84 3612 in
98 3557 372 3615 cirmemeisiortem
388 3556 617 3630 reputabitur?
642 3556 748 3617 Erote·
797 3557 873 3636 legis
890 3564 958 3615 sunt
970 3555 1076 3614 facere.
1090 3555 1125 3614 Iu
1135 3575 1224 3634 quem
1233 3576 1351 3616 sensum
1360 3567 1388 3616 et
1400 3556 1493 3617 Grae·

56 3639 289 3701 mateJudeeum
297 3650 436 3722 perurget
448 3644 666 3722 comparatione
678 3664 748 3722 gen·
798 3665 832 3702 cn
848 3644 943 3722 accipi
959 3663 1048 3722 posse
1063 3642 1134 3701 mihi
1148 3641 1302 3714 videntur,
1327 3643 1383 3702 etsi
1407 3646 1488 3703 inter

57 3727 117 3787 tilia
132 3727 214 3786 Nam
230 3729 420 3808 praeputium
435 3730 525 3808 priori
537 3730 602 3789 loco
614 3737 750 3810 metony·
797 3731 965 3810 pretatione
981 3731 1077 3788 minus
1090 3737 1224 3808 prompta
1240 3737 1271 3788 et
1286 3730 1448 3789 commoda.

57 3815 123 3873 uice
137 3834 194 3892 pro
207 3813 329 3875 homine
340 3817 535 3895 praeputiato,
548 3814 576 3875 id
590 3825 635 3874 est
646 3818 750 3895 gentili
840 3816 998 3876 Caeterum
1015 3815 1088 3875 illud
1100 3816 1148 3874 hic
1157 3816 1285 3875 observa
1295 3815 1395 3886 lector,
1408 3838 1496 3897 quam

56 3899 255 3959 murcumciso
268 3902 396 3979 ponitur.
406 3906 558 3964 Jartttiae
569 3904 645 3978 lepis
658 3902 750 3963 Grae·
798 3923 887 3982 saepe
905 3923 939 3962 ac
954 3902 1078 3963 dlversis
1089 3903 1190 3962 verbis
1206 3902 1368 3981 Apostolus
1380 3911 1498 3983 repetat

56 4004 85 4044 te
101 3987 352 4062 justificationes
373 3988 466 4063 lepis,
489 3989 520 4048 id
544 3998 588 4048 est
610 3989 751 4049 mandata
799 3998 889 4069 atque
904 3989 1048 4061 inculcet,
1071 3990 1219 4048 hominem
1238 3989 1432 4066 justificatum
1453 3991 1496 4049 fa·

56 4070 140 4150 legis,
156 4093 285 4154 quorum
301 4074 510 4135 observatione
522 4077 596 4153 justi
616 4085 683 4136 sunt
698 4077 749 4136 ho·
799 4097 882 4147 cere,
909 4096 1046 4150 servare,
1070 4096 1274 4136 consummare
1305 4076 1402 4154 legem
1429 4078 1497 4148 Dei,

56 4159 149 4219 mines.
180 4162 300 4221 &uses
323 4168 390 4220 est:
417 4161 510 4240 igitur
541 4183 557 4221 e
583 4162 701 4224 diverso
727 4165 752 4222 si
798 4171 831 4222 ut
847 4163 1099 4242 intelligasquam
1116 4165 1176 4222 sint
1190 4163 1227 4222 ab
1245 4164 1419 4243 apostolico
1436 4165 1496 4244 spi·

57 4246 168 4323 gentilis
182 4247 285 4326 legem
301 4247 448 4321 observet,
459 4251 542 4328 justa
559 4270 649 4330 opera
666 4270 749 4310 exer·
799 4251 857 4308 ritu
874 4249 964 4308 alieni
979 4258 1138 4309 novatores
1154 4251 1263 4324 nestri,
1279 4270 1369 4330 quum
1389 4249 1500 4311 docent

57 4332 161 4408 cend03
185 4354 287 4394 nonne
310 4332 436 4414 perinde
458 4335 613 4396 habendus
630 4337 700 4406 erit,
724 4346 753 4397 et
800 4337 859 4395 Dei
876 4344 1038 4416 praecepta
1060 4337 1172 4397 homini
1188 4339 1277 4396 etiam
1289 4338 1452 4414 justificato
1469 4346 1499 4399 et

57 4418 128 4497 apud
150 4420 252 4481 Deum
279 4420 466 4500 reputabitur
484 4433 517 4483 ut
539 4424 753 4484 circumcisus?
801 4423 855 4482 sub
871 4424 966 4501 gratia
990 4427 1165 4497 constituto,
1190 4443 1256 4483 esse
1279 4422 1317 4482 ad
1340 4424 1498 4486 observan-

59 4507 121 4584 quia
134 4509 276 4568 nimirum
290 4526 353 4567 rem
371 4509 591 4570 circumcisione
606 4512 753 4590 significa·
802 4511 870 4569 dnm
883 4511 1084 4590 impossibilia.
1098 4512 1181 4590 Quos
1196 4511 1322 4591 proinde
1335 4512 1416 4588 justo
1430 4533 1499 4573 ana·

58 4593 242 4656 tamexhibet
253 4613 356 4674 opere.
373 4594 430 4655 Est
441 4600 519 4659 enim
532 4597 622 4658 corde
634 4599 754 4658 circum·
802 4598 934 4657 themate
957 4599 1108 4658 damnavit
1127 4598 1267 4677 Synodus
1284 4598 1368 4659 Trid.
1386 4618 1457 4659 sess.
1470 4602 1498 4659 6.

59 4679 135 4753 dms,
149 4681 225 4745 licet
238 4702 299 4744 uon
316 4701 416 4743 carne.
803 4704 867 4744 can.
883 4685 930 4743 18.
