3254 5190
129 264 213 339 ddi.
570 298 573 307 -
628 257 865 321 commentus
879 256 912 313 tlt
928 257 996 327 prr
1014 257 1075 327 m.

126 445 188 503 tam
202 432 241 494 ad
257 432 423 506 Christum,
437 435 619 514 generaliter
634 432 672 497 de
685 433 823 505 fidelibus
862 435 929 511 ssia,
952 435 1006 515 qni
1020 441 1092 501 erat¹
1106 434 1185 513 inter
1198 432 1370 533 Prophetas
1381 430 1573 513 ¹atdoetnms

126 529 311 602 aeceperunt
330 522 535 600 Hieronymus
557 525 588 583 in
611 521 687 583 libre
705 529 823 605 quaest
872 522 1019 583 eeclesiae
1033 518 1257 597 Antiochenam
1278 518 1388 595 sarisb
1401 502 1463 587 hbe
1478 510 1575 595 diser

126 608 222 671 Hehr.
245 628 336 689 anper
351 606 500 682 Genesin,
527 616 559 669 at
574 607 778 688 chrysostom.
793 610 836 669 in.
872 628 932 669 sus
955 607 1025 669 Non
1041 608 1119 667 enim
1142 606 1194 668 ille
1215 596 1572 691 legitur-usquamne-

128 694 538 761 eundemlibrumhom.18.
576 732 580 737 -
871 695 935 757 lum
950 696 1109 765 semitatus
1123 693 1228 767 fuisse,-
1241 684 1575 779 sategissecnpiuthi,

170 780 303 860 Quidam
313 789 450 845 satanam
461 783 696 863 interpretantur
707 800 823 843 omnem
872 780 1109 855 rnrdeseribitur
1123 780 1199 853 haee
1214 779 1382 861 epistole„
1580 848 1583 855 ,

127 869 264 948 spiritum
291 866 505 939 adversantem
529 868 824 943 credentibus„sire
916 868 961 929 Et
974 871 1089 947 ,Jqson
1116 874 1150 939 et
1168 838 1489 1015 &mpsim-ow
1507 864 1574 951 spei

128 956 319 1028 daemonem,
346 955 413 1014 sive
439 955 596 1016 bominem.
633 955 714 1025 Nam
735 962 824 1019 satan
873 950 1000 1017 Jasoniri
1018 955 1155 1029 meminit
1176 952 1277 1015 Luoas
1298 953 1368 1027 Ant.
1407 938 1574 1097 RQ&

127 1040 332 1109 adversarium
345 1043 499 1122 ingemere
510 1042 668 1122 signifieat.
687 1041 743 1103 lta
753 1048 825 1121 post
873 1052 1001 1122 apparet
1025 1040 1328 1121 Thessalonicensem
1352 1038 1498 1121 &ima
1529 1056 1572 1099 au

127 1126 287 1205 Origeuem
302 1126 452 1191 Sednlius.
485 1126 545 1191 Sed
560 1127 825 1209 ipsumdiabolum
860 1128 936 1197 ¹illie
951 1127 1070 1205 domum
1084 1127 1279 1203 habebat,in
1293 1147 1355 1209 qua
1368 1144 1463 1211 quum
1478 1112 1572 1209 bospi-

127 1213 267 1294 intelligi,
282 1213 313 1275 id
327 1224 390 1287 eat,
405 1224 575 1295 serpentem
590 1216 756 1295 antiquum,
770 1234 825 1294 per
860 1215 1058 1287 'tioPanlum
1073 1222 1103 1275 et
1118 1213 1212 1285 Silam
1220 1212 1414 1299 'excepisset,
1431 1206 1570 1313 ·ἔῆἆῇοο-

125 1319 159 1361 se
173 1320 308 1382 suosque
322 1302 473 1363 ministros
491 1319 595 1369 semen
610 1302 744 1365 mulieris
758 1321 823 1381 per·
872 1321 938 1364 rum
952 1302 1117 1373 violentum
1139 1301 1283 1380 impetum
1303 1304 1571 1379 etaequsatrpuen

128 1396 320 1467 sequentem,
336 1397 369 1449 et
384 1387 526 1457 caleaneo
540 1390 606 1467 qius
620 1386 824 1461 insidiantem,
872 1389 1022 1449 sustinuit
1060 1387 1195 1467 Deque
1221 1388 1340 1450 Jasone
1368 1383 1503 1463 Paulum
1527 1376 1569 1459 hia

124 1474 199 1539 satir
213 1484 341 1555 apparat
355 1495 393 1547 ex
407 1474 503 1537 dietis.
529 1524 534 1535 ,
575 1502 594 1535 ·-.
860 1468 957 1556 ¹loqui
967 1475 1107 1556 plerique
1120 1475 1261 1537 sentiunt
1282 1474 1575 1555 Neeserqptour'

170 1562 281 1629 Gratia
304 1564 439 1625 Domini
467 1565 570 1626 nemsi
596 1565 681 1625 Jetu
708 1562 824 1622 olma
872 1563 1034 1625 dubitetur.
1055 1561 1204 1631 Diuersus
1221 1567 1379 1639 optantem
1394 1557 1570 1639 abillotive

124 1650 294 1711 nobiseum.
321 1647 466 1717 ,Gratiam
481 1670 500 1709 a
513 1650 582 1713 Deo
592 1668 659 1728 ,per
674 1645 825 1709 Christum
873 1651 1001 1725 Jasone,
1023 1649 1088 1710 sive
1102 1646 1203 1728 potius
1224 1647 1376 1725 Messene.
1387 1642 1509 1731 Cpppio
1524 1665 1566 1705 an·

125 1736 437 1816 preeaturRomsnis:
460 1743 543 1803 utet
565 1744 689 1797 satanae
710 1733 824 1798 insidiis
872 1740 957 1819 tiquo
972 1734 1136 1816 discipulo,
1157 1734 1240 1815 apud
1261 1732 1573 1821 senissimus-

127 1821 262 1885 evadant
275 1823 461 1903 superiores,
477 1830 508 1883 et
521 1824 552 1885 in
568 1824 648 1883 omni
662 1822 740 1883 hono
756 1841 824 1902 pro·
871 1828 955 1887 Luca
977 1824 1164 1904 ouemrisque
1180 1821 1354 1895 eomitibus¹
1366 1819 1567 1903 hospitaturus

124 1910 237 1975 tiniam.
272 1910 350 1979 Num
371 1910 487 1990 gratim
509 1911 628 1970 nomine
642 1908 777 1971 levorem
793 1916 825 1969 et
872 1920 937 1973 erat
951 1896 1566 1991 Hierosolymamqpemsdmodnmidtm

124 1994 354 2059 mnomentiam
382 1996 524 2076 intelligit
547 1995 587 2056 ad
608 1998 720 2072 omnia,
746 2014 824 2075 qnae
872 1999 971 2059 Luem
996 1995 1088 2058 reteri
1108 1997 1175 2065 Aet
1198 2000 1263 2073 214
1285 1993 1364 2059 usn
1392 1994 1440 2069 illi
1467 2012 1567 2057 nomes

125 2089 197 2149 sunt
210 2078 331 2162 pietatis
347 2090 379 2143 et
399 2083 517 2145 salutis
561 2084 620 2145 list
633 2092 733 2145 autem
747 2081 824 2143 haee
872 2084 967 2146 inisse
995 2082 1154 2159 Mnasoui,
1176 2102 1250 2144 ·non
1280 2080 1408 2157 Jasoni,
1438 2080 1566 2145 Gnaeus

125 2169 212 2239 velut
226 2169 423 2251 hypographe
448 2169 612 2250 epistolae,
634 2189 695 2251 qua
708 2167 823 2234 valedi-
872 2180 975 2233 textus
991 2178 1022 2231 et
1038 2168 1189 2250 Syriaeue,
1202 2189 1263 2251 ¹nee
1274 2188 1336 2243 non
1350 2164 1438 2251 lstini
1453 2162 1567 2231 solies

125 2257 181 2317 eit:
226 2275 295 2319 uam
318 2265 350 2319 et
365 2254 455 2319 inira
472 2258 597 2338 repetit,
626 2258 742 2319 interim
764 2254 824 2316 elia
872 2255 1099 2331 emendatiores,
1112 2264 1144 2318 et
1153 2256 1291 2335 Romans
1302 2238 1476 2339 miiaiin,
1485 2254 1566 2319 fidem

126 2274 273 2424 quisdam
289 2342 456 2405 additurus.
872 2344 959 2407 nobis
978 2342 1104 2405 iaciunt
1390 2376 1393 2383 ·

163 2432 219 2491 21.
241 2432 371 2495 Mutat
396 2449 451 2491 vos
483 2430 664 2491 Timotheus
693 2429 824 2503 edjntor
914 2431 972 2491 Est
996 2438 1097 2491 nutem
1119 2426 1472 2503 valentinianum
1497 2429 1568 2507 hune

125 2534 219 2579 meua
227 2516 432 2581 Humanitatis
440 2515 587 2578 Paulinae
597 2524 651 2589 est,
659 2536 720 2577 non
728 2516 824 2577 solum
871 2518 992 2598 proprio
1025 2525 1054 2577 et
1083 2514 1225 2591 Hebraeo
1254 2514 1374 2591 nomine
1404 2510 1568 2594 (Hebraeus

124 2601 237 2664 multos
253 2591 402 2677 sainture,
423 2604 632 2664 verumetiam
653 2602 730 2662 alios
745 2601 824 2663 salu·
873 2606 951 2666 enim
967 2610 1040 2677 erat,
1052 2601 1141 2663 Pauli
1153 2596 1312 2681 regnatus)
1327 2610 1473 2663 voeatnn
1484 2594 1569 2665 inisse

124 2697 236 2751 tutores
261 2689 319 2753 sibi
347 2692 380 2749 in
409 2688 541 2769 epistola
567 2687 742 2751 nominatim
771 2687 824 2747 ad·
873 2691 991 2753 Jesum.
1025 2688 1105 2751 Nam
1126 2687 1436 2771 praeterquamquod
1452 2686 1569 2759 Judad,

121 2777 259 2855 jungere
280 2775 377 2847 ¹Nam
401 2795 494 2855 supra
518 2781 635 2845 tantum
661 2776 824 2853 generatim
873 2777 984 2858 quibus
1000 2795 1069 2855 oum
1084 2774 1207 2838 Graecis
1222 2785 1254 2835 et
1263 2774 1410 2837 Romanis
1426 2784 1567 2855 erstequ

126 2861 262 2930 dixerat:
290 2862 451 2927 solutam
465 2880 522 2925 vos
543 2879 650 2923 omnes
663 2861 825 2939 Ecclesiae
872 2862 1060 2936 versandum,
1075 2863 1198 2922 nomina
1212 2880 1268 2922 sua
1282 2860 1364 2921 flexu
1379 2860 1518 2943 quodam
1530 2854 1571 2945 (r't

126 2949 251 3015 Christi.
287 2947 433 3021 Nominat
456 2957 556 3011 autem
578 2950 673 3028 primo
689 2947 756 3026 loeo
772 2949 824 3008 Ti·
872 2951 964 3030 paulo
979 2957 1051 3011 ante
1066 2946 1142 3025 dixi)
1166 2945 1206 3007 ad
1220 2948 1339 3009 illorum
1355 2966 1446 3010 usum
1462 2968 1568 3029 amour·

125 3036 275 3097 matheum
289 3034 467 3115 adjutorem,
483 3032 598 3097 Graece
613 3036 824 3114 cooperarium
872 3036 1051 3111 nodabant:
1075 3043 1140 3097 erat
1154 3034 1283 3095 Judaeis
1299 3033 1568 3109 christianistatis

125 3140 218 3195 suum,
233 3123 338 3202 utique
350 3123 381 3183 in
392 3122 514 3201 negotio
525 3121 713 3202 propagandi
723 3123 824 3181 Evan—
872 3123 1048 3203 peculiaris,
1071 3142 1125 3184 eur
1138 3139 1248 3182 nornen
1262 3121 1355 3187 Jesu.
1377 3121 1489 3204 siquis
1504 3118 1569 3183 illud

126 3206 210 3288 gelii,
224 3228 335 3288 nempe
349 3209 441 3279 illum,
457 3206 497 3269 ad
512 3227 600 3289 quem
612 3208 693 3269 duae
705 3215 825 3268 exstent
872 3210 998 3270 haberet
1012 3205 1223 3288 aparentibus
1237 3208 1428 3287 impositum,
1454 3210 1569 3271 minime

125 3295 222 3373 ipsius
236 3294 404 3373 Epistolae,
420 3294 507 3371 eujus
522 3302 554 3357 et
567 3293 824 3373 alibisaepeenm
873 3295 930 3356 sibi
957 3296 1146 3355 retinendum
1175 3302 1334 3371 putarent,
1364 3293 1513 3359 videlieet
1538 3294 1569 3357 oh

124 3379 215 3441 laude
241 3382 387 3443 meminit.
422 3381 516 3441 Porro
547 3382 668 3443 salutet
674 3425 685 3456 ,
715 3399 824 3459 graece
872 3383 1069 3443 reverentiam
1084 3379 1195 3441 Christi
1208 3380 1392 3457 Salvatoris,
1422 3382 1512 3462 eujus
1525 3402 1568 3443 no

125 3475 185 3540 est,
203 3459 408 3544 ἀσπάζονται,
431 3468 582 3529 salutent.
620 3465 822 3548 Comprehen·
872 3488 941 3528 men
966 3468 1072 3530 merito
1104 3464 1285 3529 Christianis
1314 3466 1456 3529 omnihus
1486 3470 1569 3531 etius

124 3551 235 3616 duntur
251 3556 330 3617 enim
346 3555 436 3616 etiam
451 3563 623 3634 sequentes.
872 3574 971 3636 usque
986 3556 1017 3613 in
1030 3553 1208 3615 hodiernum
1223 3551 1319 3630 diem,
1335 3552 1559 3637 religioneque

167 3643 211 3703 Ei
239 3642 366 3703 moins.
395 3641 485 3701 Hune
511 3639 641 3701 eundem
661 3659 729 3701 esse
755 3660 824 3701 eum
872 3640 956 3712 dam,
979 3648 1026 3701 est
1040 3640 1328 3713 inoommunioabile,
1343 3640 1567 3725 Mutabantigi·

124 3726 209 3788 Luca
220 3726 416 3808 evangelista,
428 3727 520 3787 sentit
531 3724 685 3806 Origenes,
700 3726 823 3788 nonabs
871 3737 921 3787 tur
936 3725 1010 3787 illud
1026 3746 1133 3787 nomen
1144 3726 1175 3784 in
1186 3725 1311 3807 aliquod
1323 3727 1471 3805 vicinum,
1486 3726 1569 3811 quala

123 3815 249 3888 ratione,
263 3822 297 3874 ut
311 3815 400 3874 etiam
414 3811 552 3893 plerique
564 3811 645 3873 docti
656 3814 824 3875 sententiae
871 3820 917 3874 est
946 3813 969 3874 J
971 3831 1059 3887 ason,
1098 3812 1228 3873 maxime
1264 3810 1433 3875 seeundum
1471 3831 1567 3897 sonum

125 3901 190 3979 ejus
206 3899 403 3962 subscribant
441 3898 519 3959 Nam
534 3900 648 3961 Luoam
663 3920 729 3961 oum
744 3900 824 3973 aliis,
871 3898 998 3961 Graecis
1013 3898 1172 3960 vocabulis
1185 3901 1361 3979 genuinum.

124 3988 179 4066 qui
193 3987 242 4047 hio
260 3987 470 4057 nominantur,
492 3985 628 4047 adfuisse
647 3985 745 4047 Paulo
767 4006 823 4066 per
913 3983 1113 4066 Neoquidem
1124 3985 1155 4044 id
1167 3984 1381 4067 sineaxemplo
1395 3989 1462 4049 anti
1482 3988 1566 4050 triers

124 4071 157 4132 id
170 4072 237 4133 iere
251 4080 385 4153 tempus,
404 4089 463 4150 quo
478 4071 555 4134 haee
570 4074 699 4154 epistola
711 4074 824 4153 soripta
871 4072 950 4133 Nam
963 4081 994 4135 et
1005 4080 1075 4133 anto
1084 4070 1253 4133 salvatoris
1263 4071 1454 4135 adventumi
1478 4074 1569 4155 'psum

124 4158 200 4232 init,
229 4158 309 4231 Aeta
330 4156 466 4238 Apostol.
489 4157 648 4221 declarant
673 4179 739 4241 eap.
763 4161 823 4235 20,
872 4157 1059 4221 Graeeorum
1072 4160 1169 4239 gratis
1190 4157 1304 4219 isetnm
1317 4156 1432 4237 inisse,
1460 4164 1569 4223 nonae

123 4245 176 4306 ubi
190 4245 325 4326 loquitur
347 4244 510 4325 aliquoties
532 4247 563 4307 in
574 4247 671 4327 prima
684 4264 822 4327 persona
872 4265 912 4307 ex
925 4243 1083 4325 Josepho,
1098 4246 1151 4326 qui
1165 4243 1219 4305 lib.
1238 4247 1286 4306 12,
1302 4244 1379 4307 Jnu
1395 4248 1494 4331 antiq.
1509 4266 1568 4327 eap-

125 4330 238 4391 Luoam
254 4339 355 4392 autem
370 4332 495 4392 Lusium
517 4341 624 4407 vooat,
647 4333 769 4393 nomine
784 4330 824 4392 ad
872 4334 900 4393 6.
916 4332 1045 4414 loquens
1068 4330 1106 4392 de
1121 4329 1252 4406 Jasone,
1278 4333 1331 4413 qui
1346 4336 1370 4415 ,²
1384 4332 1569 4395 Mastane

124 4436 212 4479 usum
226 4417 393 4479 Romanurn
403 4417 533 4495 inflex03
547 4420 677 4481 maxime
688 4417 768 4499 qued
784 4416 825 4479 ad
871 4416 980 4499 legitur
994 4438 1049 4498 per
1060 4417 1251 4479 ambitionem
1265 4415 1396 4499 adeptus
1411 4418 1570 4483 Pontinos·

124 4504 276 4566 Romanos
303 4503 465 4583 scriberet,
502 4526 564 4586 qua
588 4506 706 4567 ratione
730 4504 825 4565 Silam
871 4514 949 4567 tum:
970 4509 1084 4578 Jonas,
1108 4504 1223 4584 inquit,
1243 4507 1403 4567 Jatettem
1418 4524 1452 4567 te
1466 4503 1570 4569 nemsi

125 4609 243 4673 quoque
257 4590 414 4652 Silvanum
426 4590 502 4653 alibi
511 4600 611 4655 sonat
633 4591 692 4652 Est
702 4590 824 4671 quidem
870 4592 994 4653 maluit.
1030 4588 1109 4651 Vide
1123 4591 1228 4664 etism,
1250 4610 1329 4672 quae
1344 4590 1459 4655 dleturi
1473 4586 1570 4655 sumus

124 4676 193 4741 Aet
210 4679 259 4739 13.
274 4678 385 4741 mentio
398 4677 556 4759 eujusdam
567 4676 822 4781 huoiiOyraqen·
855 4676 910 4761 ¹qd
931 4675 1007 4741 illud
1022 4673 1087 4739 cot
1102 4680 1148 4739 dr
1170 4678 1222 4759 ,Et
1234 4681 1349 4755 Jews,
1376 4682 1437 4759 qui
1457 4670 1572 4741 dioitrs·
