<?xml version="1.0" encoding="UTF-8"?>
<!DOCTYPE html PUBLIC "-//W3C//DTD XHTML 1.0 Transitional//EN"
    "http://www.w3.org/TR/xhtml1/DTD/xhtml1-transitional.dtd">
<html xmlns="http://www.w3.org/1999/xhtml" xml:lang="en" lang="en">
 <head>
  <title>
</title>
<meta http-equiv="Content-Type" content="text/html;charset=utf-8" />
  <meta name='ocr-system' content='tesseract 3.04.00' />
  <meta name='ocr-capabilities' content='ocr_page ocr_carea ocr_par ocr_line ocrx_word'/>
</head>
<body>
  <div class='ocr_page' id='page_1' title='image "./guilielmiestiii00estigoog/guilielmiestiii00estigoog_0247.png"; bbox 0 0 3254 5190; ppageno 0'>
   <div class='ocr_carea' id='block_1_1' title="bbox 139 268 1068 369">
    <p class='ocr_par' dir='ltr' id='par_1_1' title="bbox 139 268 1068 369">
     <span class='ocr_line' id='line_1_1' title="bbox 139 268 1068 369; baseline -0.001 -44"><span class='ocrx_word' id='word_1_1' title='bbox 139 274 214 346; x_wconf 58' lang='grc' dir='ltr'>Μ,</span> <span class='ocrx_word' id='word_1_2' title='bbox 646 268 1068 369; x_wconf 62' lang='lat' dir='ltr'>manumissorem.</span> 
     </span>
    </p>
   </div>
   <div class='ocr_carea' id='block_1_2' title="bbox 73 443 1579 4784">
    <p class='ocr_par' dir='ltr' id='par_1_2' title="bbox 73 443 1577 614">
     <span class='ocr_line' id='line_1_2' title="bbox 73 443 1577 529; baseline -0.002 -22"><span class='ocrx_word' id='word_1_3' title='bbox 73 445 75 451; x_wconf 80' lang='lat'>&#39;</span> <span class='ocrx_word' id='word_1_4' title='bbox 138 446 332 528; x_wconf 87' lang='lat' dir='ltr'>allegoricum</span> <span class='ocrx_word' id='word_1_5' title='bbox 354 452 385 507; x_wconf 91' lang='lat' dir='ltr'>et</span> <span class='ocrx_word' id='word_1_6' title='bbox 407 444 618 520; x_wconf 82' lang='lat' dir='ltr'>sublimiorem,</span> <span class='ocrx_word' id='word_1_7' title='bbox 642 444 832 527; x_wconf 86' lang='lat' dir='ltr'>eundemque</span> <span class='ocrx_word' id='word_1_8' title='bbox 879 446 977 526; x_wconf 93' lang='lat' dir='ltr'>legem</span> <span class='ocrx_word' id='word_1_9' title='bbox 993 446 1049 507; x_wconf 90' lang='lat' dir='ltr'>sibi</span> <span class='ocrx_word' id='word_1_10' title='bbox 1064 446 1102 507; x_wconf 89' lang='lat' dir='ltr'>ab</span> <span class='ocrx_word' id='word_1_11' title='bbox 1118 466 1154 507; x_wconf 90' lang='lat' dir='ltr'>eo</span> <span class='ocrx_word' id='word_1_12' title='bbox 1170 445 1280 521; x_wconf 85' lang='lat' dir='ltr'>datam,</span> <span class='ocrx_word' id='word_1_13' title='bbox 1299 466 1361 529; x_wconf 84' lang='lat' dir='ltr'>qua</span> <span class='ocrx_word' id='word_1_14' title='bbox 1374 465 1450 506; x_wconf 79' lang='lat' dir='ltr'>vera</span> <span class='ocrx_word' id='word_1_15' title='bbox 1460 443 1577 525; x_wconf 77' lang='lat' dir='ltr'>justitia</span> 
     </span>
     <span class='ocr_line' id='line_1_3' title="bbox 138 529 1577 614; baseline -0.001 -22"><span class='ocrx_word' id='word_1_16' title='bbox 138 553 157 592; x_wconf 86' lang='lat' dir='ltr'>a</span> <span class='ocrx_word' id='word_1_17' title='bbox 171 532 289 613; x_wconf 83' lang='lat' dir='ltr'><strong>Spiritu</strong></span> <span class='ocrx_word' id='word_1_18' title='bbox 304 540 405 593; x_wconf 88' lang='lat' dir='ltr'>sancto</span> <span class='ocrx_word' id='word_1_19' title='bbox 420 533 617 612; x_wconf 74' lang='lat' dir='ltr'>principalius</span> <span class='ocrx_word' id='word_1_20' title='bbox 632 534 788 596; x_wconf 87' lang='lat' dir='ltr'>intentum.</span> <span class='ocrx_word' id='word_1_21' title='bbox 879 535 1078 614; x_wconf 86' lang='lat' dir='ltr'>praecipitur,</span> <span class='ocrx_word' id='word_1_22' title='bbox 1105 533 1294 606; x_wconf 74' lang='lat' dir='ltr'><strong>sectabatur,</strong></span> <span class='ocrx_word' id='word_1_23' title='bbox 1321 535 1413 613; x_wconf 92' lang='lat' dir='ltr'>eique</span> <span class='ocrx_word' id='word_1_24' title='bbox 1436 529 1577 592; x_wconf 84' lang='lat' dir='ltr'>studebat</span> 
     </span>
    </p>

    <p class='ocr_par' dir='ltr' id='par_1_3' title="bbox 135 618 1579 1048">
     <span class='ocr_line' id='line_1_4' title="bbox 181 618 1579 701; baseline -0.001 -22"><span class='ocrx_word' id='word_1_25' title='bbox 181 620 231 680; x_wconf 86' lang='lat'>30.</span> <span class='ocrx_word' id='word_1_26' title='bbox 255 619 336 700; x_wconf 75' lang='lat' dir='ltr'>(laid</span> <span class='ocrx_word' id='word_1_27' title='bbox 348 637 421 694; x_wconf 71' lang='lat' dir='ltr'>erpo</span> <span class='ocrx_word' id='word_1_28' title='bbox 437 621 598 681; x_wconf 78' lang='lat' dir='ltr'>dicemus?</span> <span class='ocrx_word' id='word_1_29' title='bbox 620 619 781 682; x_wconf 83' lang='lat' dir='ltr'>Concludit</span> <span class='ocrx_word' id='word_1_30' title='bbox 792 639 832 679; x_wconf 88' lang='lat' dir='ltr'>ex</span> <span class='ocrx_word' id='word_1_31' title='bbox 880 619 1058 701; x_wconf 79' lang='lat' dir='ltr'>implendae,</span> <span class='ocrx_word' id='word_1_32' title='bbox 1081 640 1141 681; x_wconf 91' lang='lat' dir='ltr'>non</span> <span class='ocrx_word' id='word_1_33' title='bbox 1156 619 1348 699; x_wconf 71' lang='lat' dir='ltr'>pervenitad</span> <span class='ocrx_word' id='word_1_34' title='bbox 1363 640 1430 681; x_wconf 91' lang='lat' dir='ltr'>eam</span> <span class='ocrx_word' id='word_1_35' title='bbox 1442 618 1579 698; x_wconf 83' lang='lat' dir='ltr'>justitiae</span> 
     </span>
     <span class='ocr_line' id='line_1_5' title="bbox 138 704 1579 787; baseline -0.001 -21"><span class='ocrx_word' id='word_1_36' title='bbox 138 705 234 767; x_wconf 90' lang='lat' dir='ltr'>dictis.</span> <span class='ocrx_word' id='word_1_37' title='bbox 268 705 357 777; x_wconf 82' lang='lat' dir='ltr'>Cum,</span> <span class='ocrx_word' id='word_1_38' title='bbox 387 707 500 786; x_wconf 90' lang='lat' dir='ltr'>inquit,</span> <span class='ocrx_word' id='word_1_39' title='bbox 527 706 601 767; x_wconf 87' lang='lat' dir='ltr'>talia</span> <span class='ocrx_word' id='word_1_40' title='bbox 626 708 833 786; x_wconf 81' lang='lat' dir='ltr'>praedixerint</span> <span class='ocrx_word' id='word_1_41' title='bbox 879 708 976 787; x_wconf 92' lang='lat' dir='ltr'>legem</span> <span class='ocrx_word' id='word_1_42' title='bbox 1007 706 1204 786; x_wconf 90' lang='lat' dir='ltr'>implendam,</span> <span class='ocrx_word' id='word_1_43' title='bbox 1233 709 1299 784; x_wconf 88' lang='lat' dir='ltr'>vel,</span> <span class='ocrx_word' id='word_1_44' title='bbox 1328 727 1388 768; x_wconf 91' lang='lat' dir='ltr'>non</span> <span class='ocrx_word' id='word_1_45' title='bbox 1419 704 1579 786; x_wconf 84' lang='lat' dir='ltr'>praevenit</span> 
     </span>
     <span class='ocr_line' id='line_1_6' title="bbox 135 787 1578 875; baseline -0.003 -20"><span class='ocrx_word' id='word_1_46' title='bbox 135 794 303 873; x_wconf 73' lang='lat' dir='ltr'>Prophetae</span> <span class='ocrx_word' id='word_1_47' title='bbox 329 792 367 853; x_wconf 94' lang='lat' dir='ltr'>de</span> <span class='ocrx_word' id='word_1_48' title='bbox 390 795 523 872; x_wconf 88' lang='lat' dir='ltr'>gentium</span> <span class='ocrx_word' id='word_1_49' title='bbox 544 797 702 855; x_wconf 85' lang='lat' dir='ltr'>vocatione</span> <span class='ocrx_word' id='word_1_50' title='bbox 724 803 755 855; x_wconf 91' lang='lat' dir='ltr'>et</span> <span class='ocrx_word' id='word_1_51' title='bbox 776 793 832 854; x_wconf 90' lang='lat' dir='ltr'>Ju·</span> <span class='ocrx_word' id='word_1_52' title='bbox 879 803 985 874; x_wconf 86' lang='lat' dir='ltr'>gentes</span> <span class='ocrx_word' id='word_1_53' title='bbox 1001 794 1032 854; x_wconf 94' lang='lat' dir='ltr'>in</span> <span class='ocrx_word' id='word_1_54' title='bbox 1052 793 1207 874; x_wconf 85' lang='lat' dir='ltr'>implenda</span> <span class='ocrx_word' id='word_1_55' title='bbox 1228 796 1297 875; x_wconf 91' lang='lat' dir='ltr'>lege</span> <span class='ocrx_word' id='word_1_56' title='bbox 1314 794 1461 874; x_wconf 84' lang='lat' dir='ltr'>justitiae</span> <span class='ocrx_word' id='word_1_57' title='bbox 1487 787 1578 871; x_wconf 80' lang='lat' dir='ltr'>Quod</span> 
     </span>
     <span class='ocr_line' id='line_1_7' title="bbox 137 877 1579 963; baseline -0.003 -24"><span class='ocrx_word' id='word_1_58' title='bbox 137 877 280 940; x_wconf 88' lang='lat' dir='ltr'>dacorum</span> <span class='ocrx_word' id='word_1_59' title='bbox 325 880 511 959; x_wconf 84' lang='lat' dir='ltr'>abjectione;</span> <span class='ocrx_word' id='word_1_60' title='bbox 556 880 628 962; x_wconf 92' lang='lat' dir='ltr'>quid</span> <span class='ocrx_word' id='word_1_61' title='bbox 675 877 831 942; x_wconf 80' lang='lat' dir='ltr'>dicemus?</span> <span class='ocrx_word' id='word_1_62' title='bbox 879 888 979 940; x_wconf 88' lang='lat' dir='ltr'>tamen</span> <span class='ocrx_word' id='word_1_63' title='bbox 1001 883 1145 961; x_wconf 90' lang='lat' dir='ltr'>oportuit,</span> <span class='ocrx_word' id='word_1_64' title='bbox 1170 884 1242 963; x_wconf 88' lang='lat' dir='ltr'>quia</span> <span class='ocrx_word' id='word_1_65' title='bbox 1264 881 1363 962; x_wconf 90' lang='lat' dir='ltr'>legem</span> <span class='ocrx_word' id='word_1_66' title='bbox 1379 880 1446 959; x_wconf 81' lang='lat' dir='ltr'>jam</span> <span class='ocrx_word' id='word_1_67' title='bbox 1468 878 1579 940; x_wconf 85' lang='lat' dir='ltr'>olima</span> 
     </span>
     <span class='ocr_line' id='line_1_8' title="bbox 136 965 1131 1048; baseline 0 -22"><span class='ocrx_word' id='word_1_68' title='bbox 136 965 256 1045; x_wconf 85' lang='lat' dir='ltr'>Nempe</span> <span class='ocrx_word' id='word_1_69' title='bbox 270 967 334 1040; x_wconf 90' lang='lat' dir='ltr'>hoc,</span> <span class='ocrx_word' id='word_1_70' title='bbox 357 965 438 1048; x_wconf 84' lang='lat' dir='ltr'>qued</span> <span class='ocrx_word' id='word_1_71' title='bbox 454 968 606 1048; x_wconf 88' lang='lat' dir='ltr'>sequitur:</span> <span class='ocrx_word' id='word_1_72' title='bbox 879 968 946 1027; x_wconf 93' lang='lat' dir='ltr'>Deo</span> <span class='ocrx_word' id='word_1_73' title='bbox 962 976 1131 1047; x_wconf 90' lang='lat' dir='ltr'>acceperat.</span> 
     </span>
    </p>

    <p class='ocr_par' dir='ltr' id='par_1_4' title="bbox 130 1049 1577 1830">
     <span class='ocr_line' id='line_1_9' title="bbox 179 1049 1576 1133; baseline -0.002 -20"><span class='ocrx_word' id='word_1_74' title='bbox 179 1055 271 1133; x_wconf 80' lang='lat' dir='ltr'>Quod</span> <span class='ocrx_word' id='word_1_75' title='bbox 292 1062 408 1130; x_wconf 74' lang='lat' dir='ltr'>yantas,</span> <span class='ocrx_word' id='word_1_76' title='bbox 433 1073 515 1132; x_wconf 79' lang='lat' dir='ltr'>quac</span> <span class='ocrx_word' id='word_1_77' title='bbox 537 1074 605 1116; x_wconf 80' lang='lat' dir='ltr'>non</span> <span class='ocrx_word' id='word_1_78' title='bbox 627 1054 831 1116; x_wconf 77' lang='lat' dir='ltr'>sectabantur</span> <span class='ocrx_word' id='word_1_79' title='bbox 924 1052 1060 1116; x_wconf 80' lang='lat' dir='ltr'>Observa</span> <span class='ocrx_word' id='word_1_80' title='bbox 1074 1055 1211 1128; x_wconf 87' lang='lat' dir='ltr'>Paulum,</span> <span class='ocrx_word' id='word_1_81' title='bbox 1234 1074 1302 1114; x_wconf 91' lang='lat' dir='ltr'>cum</span> <span class='ocrx_word' id='word_1_82' title='bbox 1323 1053 1361 1114; x_wconf 92' lang='lat' dir='ltr'>de</span> <span class='ocrx_word' id='word_1_83' title='bbox 1379 1049 1523 1132; x_wconf 76' lang='lat' dir='ltr'>gentibue</span> <span class='ocrx_word' id='word_1_84' title='bbox 1538 1050 1576 1110; x_wconf 79' lang='lat' dir='ltr'>lc</span> 
     </span>
     <span class='ocr_line' id='line_1_10' title="bbox 131 1137 1576 1220; baseline -0.001 -21"><span class='ocrx_word' id='word_1_85' title='bbox 131 1142 307 1216; x_wconf 65' lang='lat' dir='ltr'>iustitiam,</span> <span class='ocrx_word' id='word_1_86' title='bbox 346 1141 630 1217; x_wconf 79' lang='lat' dir='ltr'>apprehenderunt</span> <span class='ocrx_word' id='word_1_87' title='bbox 662 1145 830 1217; x_wconf 76' lang='lat' dir='ltr'>justitiam.</span> <span class='ocrx_word' id='word_1_88' title='bbox 880 1142 990 1220; x_wconf 89' lang='lat' dir='ltr'>quitur,</span> <span class='ocrx_word' id='word_1_89' title='bbox 1012 1144 1167 1202; x_wconf 89' lang='lat' dir='ltr'>nominare</span> <span class='ocrx_word' id='word_1_90' title='bbox 1185 1143 1343 1220; x_wconf 87' lang='lat' dir='ltr'>justitiam,</span> <span class='ocrx_word' id='word_1_91' title='bbox 1369 1159 1437 1200; x_wconf 88' lang='lat' dir='ltr'>eum</span> <span class='ocrx_word' id='word_1_92' title='bbox 1458 1137 1499 1199; x_wconf 89' lang='lat' dir='ltr'>de</span> <span class='ocrx_word' id='word_1_93' title='bbox 1522 1137 1576 1199; x_wconf 81' lang='lat' dir='ltr'>Ju·</span> 
     </span>
     <span class='ocr_line' id='line_1_11' title="bbox 134 1223 1576 1309; baseline -0.002 -21"><span class='ocrx_word' id='word_1_94' title='bbox 134 1224 202 1288; x_wconf 87' lang='lat' dir='ltr'>Hoc</span> <span class='ocrx_word' id='word_1_95' title='bbox 225 1236 288 1289; x_wconf 75' lang='lat' dir='ltr'>estr</span> <span class='ocrx_word' id='word_1_96' title='bbox 312 1227 393 1308; x_wconf 91' lang='lat' dir='ltr'>quod</span> <span class='ocrx_word' id='word_1_97' title='bbox 415 1237 528 1308; x_wconf 89' lang='lat' dir='ltr'>gentes,</span> <span class='ocrx_word' id='word_1_98' title='bbox 554 1247 634 1309; x_wconf 91' lang='lat' dir='ltr'>quae</span> <span class='ocrx_word' id='word_1_99' title='bbox 656 1237 741 1289; x_wconf 89' lang='lat' dir='ltr'>erant</span> <span class='ocrx_word' id='word_1_100' title='bbox 765 1230 831 1287; x_wconf 89' lang='lat' dir='ltr'>sine</span> <span class='ocrx_word' id='word_1_101' title='bbox 879 1227 972 1301; x_wconf 87' lang='lat' dir='ltr'>dacis,</span> <span class='ocrx_word' id='word_1_102' title='bbox 994 1228 1091 1309; x_wconf 92' lang='lat' dir='ltr'>legem</span> <span class='ocrx_word' id='word_1_103' title='bbox 1107 1231 1256 1308; x_wconf 89' lang='lat' dir='ltr'>justitiae,</span> <span class='ocrx_word' id='word_1_104' title='bbox 1278 1230 1350 1309; x_wconf 87' lang='lat' dir='ltr'>quia</span> <span class='ocrx_word' id='word_1_105' title='bbox 1371 1224 1506 1288; x_wconf 68' lang='lat' dir='ltr'>sudreie</span> <span class='ocrx_word' id='word_1_106' title='bbox 1529 1223 1576 1286; x_wconf 81' lang='lat' dir='ltr'>lar</span> 
     </span>
     <span class='ocr_line' id='line_1_12' title="bbox 135 1311 1577 1397; baseline -0.002 -23"><span class='ocrx_word' id='word_1_107' title='bbox 135 1314 216 1374; x_wconf 85' lang='lat' dir='ltr'>cultu</span> <span class='ocrx_word' id='word_1_108' title='bbox 233 1322 262 1374; x_wconf 93' lang='lat' dir='ltr'>et</span> <span class='ocrx_word' id='word_1_109' title='bbox 273 1315 342 1394; x_wconf 91' lang='lat' dir='ltr'>lege</span> <span class='ocrx_word' id='word_1_110' title='bbox 354 1316 442 1375; x_wconf 90' lang='lat' dir='ltr'>unius</span> <span class='ocrx_word' id='word_1_111' title='bbox 453 1315 518 1388; x_wconf 90' lang='lat' dir='ltr'>Dei,</span> <span class='ocrx_word' id='word_1_112' title='bbox 533 1314 662 1397; x_wconf 90' lang='lat' dir='ltr'>ideoque</span> <span class='ocrx_word' id='word_1_113' title='bbox 673 1336 729 1375; x_wconf 90' lang='lat' dir='ltr'>nec</span> <span class='ocrx_word' id='word_1_114' title='bbox 739 1315 829 1393; x_wconf 82' lang='lat' dir='ltr'>justi·</span> <span class='ocrx_word' id='word_1_115' title='bbox 880 1313 951 1374; x_wconf 88' lang='lat' dir='ltr'>data</span> <span class='ocrx_word' id='word_1_116' title='bbox 974 1324 1047 1389; x_wconf 82' lang='lat' dir='ltr'>erat,</span> <span class='ocrx_word' id='word_1_117' title='bbox 1069 1334 1130 1376; x_wconf 91' lang='lat' dir='ltr'>uon</span> <span class='ocrx_word' id='word_1_118' title='bbox 1151 1315 1297 1395; x_wconf 77' lang='lat' dir='ltr'>gentibue</span> <span class='ocrx_word' id='word_1_119' title='bbox 1319 1315 1447 1376; x_wconf 81' lang='lat' dir='ltr'>Poterat</span> <span class='ocrx_word' id='word_1_120' title='bbox 1465 1311 1577 1392; x_wconf 75' lang='lat' dir='ltr'>alioqui</span> 
     </span>
     <span class='ocr_line' id='line_1_13' title="bbox 134 1398 1577 1482; baseline -0.003 -20"><span class='ocrx_word' id='word_1_121' title='bbox 134 1402 203 1475; x_wconf 86' lang='lat' dir='ltr'>tiae,</span> <span class='ocrx_word' id='word_1_122' title='bbox 226 1421 285 1482; x_wconf 88' lang='lat' dir='ltr'>qua</span> <span class='ocrx_word' id='word_1_123' title='bbox 300 1404 369 1482; x_wconf 91' lang='lat' dir='ltr'>quis</span> <span class='ocrx_word' id='word_1_124' title='bbox 385 1402 452 1463; x_wconf 89' lang='lat' dir='ltr'>Deo</span> <span class='ocrx_word' id='word_1_125' title='bbox 475 1402 601 1482; x_wconf 72' lang='lat' dir='ltr'>placeat,</span> <span class='ocrx_word' id='word_1_126' title='bbox 623 1401 830 1482; x_wconf 79' lang='lat' dir='ltr'>assequendae</span> <span class='ocrx_word' id='word_1_127' title='bbox 879 1401 1063 1481; x_wconf 88' lang='lat' dir='ltr'>simpliciter,</span> <span class='ocrx_word' id='word_1_128' title='bbox 1075 1410 1238 1464; x_wconf 87' lang='lat' dir='ltr'>etscrvata</span> <span class='ocrx_word' id='word_1_129' title='bbox 1249 1400 1424 1463; x_wconf 79' lang='lat' dir='ltr'>adverbum</span> <span class='ocrx_word' id='word_1_130' title='bbox 1436 1398 1577 1459; x_wconf 85' lang='lat' dir='ltr'>antithesi</span> 
     </span>
     <span class='ocr_line' id='line_1_14' title="bbox 135 1484 1577 1570; baseline -0.001 -22"><span class='ocrx_word' id='word_1_131' title='bbox 135 1487 305 1563; x_wconf 81' lang='lat' dir='ltr'>studebant,</span> <span class='ocrx_word' id='word_1_132' title='bbox 322 1497 352 1549; x_wconf 90' lang='lat' dir='ltr'>et</span> <span class='ocrx_word' id='word_1_133' title='bbox 366 1497 401 1548; x_wconf 90' lang='lat' dir='ltr'>nt</span> <span class='ocrx_word' id='word_1_134' title='bbox 411 1488 508 1569; x_wconf 78' lang='lat' dir='ltr'>Syrus</span> <span class='ocrx_word' id='word_1_135' title='bbox 518 1489 659 1570; x_wconf 88' lang='lat' dir='ltr'>loquitur,</span> <span class='ocrx_word' id='word_1_136' title='bbox 674 1507 742 1551; x_wconf 78' lang='lat' dir='ltr'>noa</span> <span class='ocrx_word' id='word_1_137' title='bbox 757 1507 830 1548; x_wconf 83' lang='lat' dir='ltr'>cur·</span> <span class='ocrx_word' id='word_1_138' title='bbox 880 1508 946 1548; x_wconf 90' lang='lat' dir='ltr'>cum</span> <span class='ocrx_word' id='word_1_139' title='bbox 957 1488 1297 1570; x_wconf 89' lang='lat' dir='ltr'>membropraecedenti,</span> <span class='ocrx_word' id='word_1_140' title='bbox 1309 1488 1421 1559; x_wconf 88' lang='lat' dir='ltr'>dicere,</span> <span class='ocrx_word' id='word_1_141' title='bbox 1433 1484 1577 1558; x_wconf 66' lang='lat' dir='ltr'>«ludaeos</span> 
     </span>
     <span class='ocr_line' id='line_1_15' title="bbox 134 1573 1576 1656; baseline -0.001 -20"><span class='ocrx_word' id='word_1_142' title='bbox 134 1576 249 1637; x_wconf 76' lang='lat' dir='ltr'>reboat</span> <span class='ocrx_word' id='word_1_143' title='bbox 274 1582 348 1652; x_wconf 83' lang='lat' dir='ltr'>post</span> <span class='ocrx_word' id='word_1_144' title='bbox 372 1579 547 1652; x_wconf 63' lang='lat' dir='ltr'>iacadtiom,</span> <span class='ocrx_word' id='word_1_145' title='bbox 577 1585 737 1638; x_wconf 85' lang='lat' dir='ltr'>assecutae</span> <span class='ocrx_word' id='word_1_146' title='bbox 762 1580 832 1635; x_wconf 88' lang='lat' dir='ltr'>sunt</span> <span class='ocrx_word' id='word_1_147' title='bbox 880 1576 931 1656; x_wconf 90' lang='lat' dir='ltr'>qui</span> <span class='ocrx_word' id='word_1_148' title='bbox 946 1575 1138 1637; x_wconf 89' lang='lat' dir='ltr'>sectabantur</span> <span class='ocrx_word' id='word_1_149' title='bbox 1156 1577 1311 1655; x_wconf 89' lang='lat' dir='ltr'>justitiam,</span> <span class='ocrx_word' id='word_1_150' title='bbox 1332 1594 1393 1635; x_wconf 91' lang='lat' dir='ltr'>non</span> <span class='ocrx_word' id='word_1_151' title='bbox 1412 1573 1576 1654; x_wconf 86' lang='lat' dir='ltr'>apprehen·</span> 
     </span>
     <span class='ocr_line' id='line_1_16' title="bbox 130 1660 1576 1743; baseline -0.002 -20"><span class='ocrx_word' id='word_1_152' title='bbox 130 1664 289 1742; x_wconf 88' lang='lat' dir='ltr'>justitiam,</span> <span class='ocrx_word' id='word_1_153' title='bbox 303 1671 508 1743; x_wconf 85' lang='lat' dir='ltr'>pervenerunt</span> <span class='ocrx_word' id='word_1_154' title='bbox 522 1662 561 1724; x_wconf 90' lang='lat' dir='ltr'>ad</span> <span class='ocrx_word' id='word_1_155' title='bbox 572 1665 730 1743; x_wconf 87' lang='lat' dir='ltr'>justitiam,</span> <span class='ocrx_word' id='word_1_156' title='bbox 741 1663 830 1741; x_wconf 88' lang='lat' dir='ltr'>justi·</span> <span class='ocrx_word' id='word_1_157' title='bbox 880 1661 961 1722; x_wconf 89' lang='lat' dir='ltr'>disse</span> <span class='ocrx_word' id='word_1_158' title='bbox 977 1664 1136 1741; x_wconf 81' lang='lat' dir='ltr'>justitiam.</span> <span class='ocrx_word' id='word_1_159' title='bbox 1158 1664 1298 1735; x_wconf 83' lang='lat' dir='ltr'>Interim,</span> <span class='ocrx_word' id='word_1_160' title='bbox 1320 1662 1391 1723; x_wconf 87' lang='lat' dir='ltr'>vide</span> <span class='ocrx_word' id='word_1_161' title='bbox 1405 1660 1520 1735; x_wconf 89' lang='lat' dir='ltr'>lector,</span> <span class='ocrx_word' id='word_1_162' title='bbox 1541 1679 1576 1721; x_wconf 82' lang='lat' dir='ltr'>an</span> 
     </span>
     <span class='ocr_line' id='line_1_17' title="bbox 134 1747 1575 1830; baseline -0.002 -20"><span class='ocrx_word' id='word_1_163' title='bbox 134 1749 242 1811; x_wconf 81' lang='lat' dir='ltr'>heatae</span> <span class='ocrx_word' id='word_1_164' title='bbox 257 1758 334 1809; x_wconf 84' lang='lat' dir='ltr'>sunt</span> <span class='ocrx_word' id='word_1_165' title='bbox 879 1769 940 1810; x_wconf 91' lang='lat' dir='ltr'>non</span> <span class='ocrx_word' id='word_1_166' title='bbox 951 1751 991 1810; x_wconf 90' lang='lat' dir='ltr'>sit</span> <span class='ocrx_word' id='word_1_167' title='bbox 1000 1749 1177 1830; x_wconf 86' lang='lat' dir='ltr'>hypallage,</span> <span class='ocrx_word' id='word_1_168' title='bbox 1192 1751 1228 1811; x_wconf 81' lang='lat' dir='ltr'>in</span> <span class='ocrx_word' id='word_1_169' title='bbox 1239 1751 1338 1826; x_wconf 68' lang='lat' dir='ltr'>legem</span> <span class='ocrx_word' id='word_1_170' title='bbox 1350 1749 1508 1825; x_wconf 71' lang='lat' dir='ltr'>justitiae,</span> <span class='ocrx_word' id='word_1_171' title='bbox 1524 1747 1575 1808; x_wconf 88' lang='lat' dir='ltr'>hcc</span> 
     </span>
    </p>

    <p class='ocr_par' dir='ltr' id='par_1_5' title="bbox 130 1837 1575 3478">
     <span class='ocr_line' id='line_1_18' title="bbox 177 1837 1575 1916; baseline -0.004 -15"><span class='ocrx_word' id='word_1_172' title='bbox 177 1840 346 1901; x_wconf 80' lang='lat' dir='ltr'>Juatitiom</span> <span class='ocrx_word' id='word_1_173' title='bbox 373 1845 498 1914; x_wconf 77' lang='lat' dir='ltr'>cutem,</span> <span class='ocrx_word' id='word_1_174' title='bbox 524 1857 606 1915; x_wconf 81' lang='lat' dir='ltr'>quac</span> <span class='ocrx_word' id='word_1_175' title='bbox 632 1857 670 1899; x_wconf 79' lang='lat' dir='ltr'>ec</span> <span class='ocrx_word' id='word_1_176' title='bbox 689 1837 752 1916; x_wconf 72' lang='lat' dir='ltr'>tide</span> <span class='ocrx_word' id='word_1_177' title='bbox 778 1843 830 1896; x_wconf 81' lang='lat' dir='ltr'>cat.</span> <span class='ocrx_word' id='word_1_178' title='bbox 880 1848 932 1913; x_wconf 86' lang='lat' dir='ltr'>est,</span> <span class='ocrx_word' id='word_1_179' title='bbox 956 1837 1148 1915; x_wconf 86' lang='lat' dir='ltr'>injustitiam</span> <span class='ocrx_word' id='word_1_180' title='bbox 1164 1837 1249 1916; x_wconf 88' lang='lat' dir='ltr'>legis,</span> <span class='ocrx_word' id='word_1_181' title='bbox 1271 1854 1339 1897; x_wconf 78' lang='lat' dir='ltr'>aon</span> <span class='ocrx_word' id='word_1_182' title='bbox 1359 1837 1523 1912; x_wconf 78' lang='lat' dir='ltr'>peruenit,</span> <span class='ocrx_word' id='word_1_183' title='bbox 1544 1852 1575 1895; x_wconf 80' lang='lat' dir='ltr'>ac</span> 
     </span>
     <span class='ocr_line' id='line_1_19' title="bbox 135 1919 1575 2006; baseline -0.003 -20"><span class='ocrx_word' id='word_1_184' title='bbox 135 1925 173 1986; x_wconf 93' lang='lat' dir='ltr'>Id</span> <span class='ocrx_word' id='word_1_185' title='bbox 188 1932 246 1984; x_wconf 88' lang='lat' dir='ltr'>est:</span> <span class='ocrx_word' id='word_1_186' title='bbox 270 1944 336 1985; x_wconf 86' lang='lat' dir='ltr'>eam</span> <span class='ocrx_word' id='word_1_187' title='bbox 352 1919 446 2003; x_wconf 89' lang='lat' dir='ltr'>(dico)</span> <span class='ocrx_word' id='word_1_188' title='bbox 457 1926 608 2003; x_wconf 86' lang='lat' dir='ltr'>justitiam</span> <span class='ocrx_word' id='word_1_189' title='bbox 624 1923 830 2006; x_wconf 87' lang='lat' dir='ltr'>apprehende·</span> <span class='ocrx_word' id='word_1_190' title='bbox 879 1926 905 1985; x_wconf 89' lang='lat' dir='ltr'>si</span> <span class='ocrx_word' id='word_1_191' title='bbox 932 1924 1056 1985; x_wconf 87' lang='lat' dir='ltr'>diceret:</span> <span class='ocrx_word' id='word_1_192' title='bbox 1079 1924 1190 1996; x_wconf 73' lang='lat' dir='ltr'>Israbl,</span> <span class='ocrx_word' id='word_1_193' title='bbox 1218 1924 1289 1984; x_wconf 91' lang='lat' dir='ltr'>dum</span> <span class='ocrx_word' id='word_1_194' title='bbox 1312 1930 1447 1983; x_wconf 82' lang='lat' dir='ltr'>sectatur</span> <span class='ocrx_word' id='word_1_195' title='bbox 1472 1921 1575 2002; x_wconf 87' lang='lat' dir='ltr'>legem,</span> 
     </span>
     <span class='ocr_line' id='line_1_20' title="bbox 133 2010 1574 2092; baseline -0.003 -18"><span class='ocrx_word' id='word_1_196' title='bbox 133 2019 209 2085; x_wconf 89' lang='lat' dir='ltr'>runt,</span> <span class='ocrx_word' id='word_1_197' title='bbox 232 2030 311 2092; x_wconf 81' lang='lat' dir='ltr'>quae</span> <span class='ocrx_word' id='word_1_198' title='bbox 327 2030 366 2071; x_wconf 88' lang='lat' dir='ltr'>ex</span> <span class='ocrx_word' id='word_1_199' title='bbox 381 2010 443 2072; x_wconf 86' lang='lat' dir='ltr'>fide</span> <span class='ocrx_word' id='word_1_200' title='bbox 457 2022 510 2086; x_wconf 89' lang='lat' dir='ltr'>est,</span> <span class='ocrx_word' id='word_1_201' title='bbox 532 2033 593 2073; x_wconf 90' lang='lat' dir='ltr'>non</span> <span class='ocrx_word' id='word_1_202' title='bbox 609 2030 687 2091; x_wconf 91' lang='lat' dir='ltr'>quae</span> <span class='ocrx_word' id='word_1_203' title='bbox 707 2033 746 2073; x_wconf 87' lang='lat' dir='ltr'>ex</span> <span class='ocrx_word' id='word_1_204' title='bbox 761 2029 830 2091; x_wconf 90' lang='lat' dir='ltr'>ope·</span> <span class='ocrx_word' id='word_1_205' title='bbox 874 2013 1016 2091; x_wconf 89' lang='lat' dir='ltr'>justitiae</span> <span class='ocrx_word' id='word_1_206' title='bbox 1031 2014 1215 2091; x_wconf 87' lang='lat' dir='ltr'>magistram,</span> <span class='ocrx_word' id='word_1_207' title='bbox 1230 2030 1290 2071; x_wconf 89' lang='lat' dir='ltr'>non</span> <span class='ocrx_word' id='word_1_208' title='bbox 1303 2020 1403 2070; x_wconf 90' lang='lat' dir='ltr'>tamen</span> <span class='ocrx_word' id='word_1_209' title='bbox 1419 2019 1574 2070; x_wconf 78' lang='lat' dir='ltr'>assecutus</span> 
     </span>
     <span class='ocr_line' id='line_1_21' title="bbox 132 2094 1574 2179; baseline -0.003 -20"><span class='ocrx_word' id='word_1_210' title='bbox 132 2099 225 2159; x_wconf 86' lang='lat' dir='ltr'>ribus.</span> <span class='ocrx_word' id='word_1_211' title='bbox 249 2097 344 2161; x_wconf 82' lang='lat' dir='ltr'>Simul</span> <span class='ocrx_word' id='word_1_212' title='bbox 363 2099 483 2173; x_wconf 88' lang='lat' dir='ltr'>indicat,</span> <span class='ocrx_word' id='word_1_213' title='bbox 507 2120 560 2161; x_wconf 88' lang='lat' dir='ltr'>ecs</span> <span class='ocrx_word' id='word_1_214' title='bbox 575 2100 642 2179; x_wconf 85' lang='lat' dir='ltr'>ipsa</span> <span class='ocrx_word' id='word_1_215' title='bbox 664 2097 725 2159; x_wconf 87' lang='lat' dir='ltr'>lide</span> <span class='ocrx_word' id='word_1_216' title='bbox 742 2098 830 2176; x_wconf 89' lang='lat' dir='ltr'>justi·</span> <span class='ocrx_word' id='word_1_217' title='bbox 879 2108 925 2159; x_wconf 90' lang='lat' dir='ltr'>est</span> <span class='ocrx_word' id='word_1_218' title='bbox 934 2098 1094 2179; x_wconf 86' lang='lat' dir='ltr'>justitiam,</span> <span class='ocrx_word' id='word_1_219' title='bbox 1114 2116 1205 2178; x_wconf 90' lang='lat' dir='ltr'>quam</span> <span class='ocrx_word' id='word_1_220' title='bbox 1220 2097 1273 2159; x_wconf 89' lang='lat' dir='ltr'>lex</span> <span class='ocrx_word' id='word_1_221' title='bbox 1288 2094 1384 2159; x_wconf 83' lang='lat' dir='ltr'>docet</span> <span class='ocrx_word' id='word_1_222' title='bbox 1407 2096 1513 2177; x_wconf 80' lang='lat' dir='ltr'>Hujrra</span> <span class='ocrx_word' id='word_1_223' title='bbox 1527 2114 1574 2155; x_wconf 83' lang='lat' dir='ltr'>au·</span> 
     </span>
     <span class='ocr_line' id='line_1_22' title="bbox 132 2184 1197 2267; baseline -0.004 -20"><span class='ocrx_word' id='word_1_224' title='bbox 132 2187 206 2247; x_wconf 84' lang='lat' dir='ltr'>tiam</span> <span class='ocrx_word' id='word_1_225' title='bbox 228 2184 472 2267; x_wconf 73' lang='lat' dir='ltr'>apprehendisse</span> <span class='ocrx_word' id='word_1_226' title='bbox 499 2187 577 2246; x_wconf 85' lang='lat' dir='ltr'>Nam</span> <span class='ocrx_word' id='word_1_227' title='bbox 599 2187 688 2266; x_wconf 88' lang='lat' dir='ltr'>qnasi</span> <span class='ocrx_word' id='word_1_228' title='bbox 704 2204 828 2266; x_wconf 87' lang='lat' dir='ltr'>quaere·</span> <span class='ocrx_word' id='word_1_229' title='bbox 878 2193 940 2247; x_wconf 91' lang='lat' dir='ltr'>tem</span> <span class='ocrx_word' id='word_1_230' title='bbox 954 2186 1030 2246; x_wconf 90' lang='lat' dir='ltr'>ratio</span> <span class='ocrx_word' id='word_1_231' title='bbox 1045 2187 1197 2265; x_wconf 89' lang='lat' dir='ltr'>sequitur:</span> 
     </span>
     <span class='ocr_line' id='line_1_23' title="bbox 132 2267 1573 2353; baseline -0.003 -19"><span class='ocrx_word' id='word_1_232' title='bbox 132 2270 400 2352; x_wconf 74' lang='lat' dir='ltr'>retquuomodo</span> <span class='ocrx_word' id='word_1_233' title='bbox 407 2274 550 2350; x_wconf 86' lang='lat' dir='ltr'>justitiam</span> <span class='ocrx_word' id='word_1_234' title='bbox 558 2271 830 2353; x_wconf 83' lang='lat' dir='ltr'>apprehenderunt,</span> <span class='ocrx_word' id='word_1_235' title='bbox 921 2275 972 2335; x_wconf 77' lang='lat'>32.</span> <span class='ocrx_word' id='word_1_236' title='bbox 996 2273 1124 2351; x_wconf 78' lang='lat' dir='ltr'>Quare?</span> <span class='ocrx_word' id='word_1_237' title='bbox 1150 2275 1228 2349; x_wconf 77' lang='lat' dir='ltr'>qaia</span> <span class='ocrx_word' id='word_1_238' title='bbox 1253 2289 1322 2332; x_wconf 78' lang='lat' dir='ltr'>non</span> <span class='ocrx_word' id='word_1_239' title='bbox 1347 2289 1386 2331; x_wconf 79' lang='lat' dir='ltr'>cu</span> <span class='ocrx_word' id='word_1_240' title='bbox 1412 2269 1493 2350; x_wconf 66' lang='lat' dir='ltr'>lida,</span> <span class='ocrx_word' id='word_1_241' title='bbox 1524 2267 1573 2330; x_wconf 77' lang='lat' dir='ltr'>scd</span> 
     </span>
     <span class='ocr_line' id='line_1_24' title="bbox 133 2354 1574 2440; baseline -0.001 -21"><span class='ocrx_word' id='word_1_242' title='bbox 133 2378 223 2440; x_wconf 88' lang='lat' dir='ltr'>qnam</span> <span class='ocrx_word' id='word_1_243' title='bbox 247 2379 309 2420; x_wconf 94' lang='lat' dir='ltr'>non</span> <span class='ocrx_word' id='word_1_244' title='bbox 334 2358 549 2422; x_wconf 74' lang='lat' dir='ltr'>sectabantur?</span> <span class='ocrx_word' id='word_1_245' title='bbox 577 2359 777 2440; x_wconf 68' lang='lat' dir='ltr'>Respondet:</span> <span class='ocrx_word' id='word_1_246' title='bbox 792 2376 830 2419; x_wconf 78' lang='lat' dir='ltr'>aa</span> <span class='ocrx_word' id='word_1_247' title='bbox 877 2363 969 2436; x_wconf 74' lang='lat' dir='ltr'>quasi</span> <span class='ocrx_word' id='word_1_248' title='bbox 995 2376 1032 2420; x_wconf 85' lang='lat' dir='ltr'>cc</span> <span class='ocrx_word' id='word_1_249' title='bbox 1059 2359 1213 2435; x_wconf 71' lang='lat' dir='ltr'>operibat.</span> <span class='ocrx_word' id='word_1_250' title='bbox 1243 2358 1282 2418; x_wconf 95' lang='lat' dir='ltr'>In</span> <span class='ocrx_word' id='word_1_251' title='bbox 1304 2355 1433 2427; x_wconf 68' lang='lat' dir='ltr'>orsam</span> <span class='ocrx_word' id='word_1_252' title='bbox 1456 2354 1574 2419; x_wconf 82' lang='lat' dir='ltr'>additur</span> 
     </span>
     <span class='ocr_line' id='line_1_25' title="bbox 132 2437 1573 2528; baseline 0 -22"><span class='ocrx_word' id='word_1_253' title='bbox 132 2446 213 2524; x_wconf 69' lang='lat' dir='ltr'>fid05</span> <span class='ocrx_word' id='word_1_254' title='bbox 236 2466 296 2507; x_wconf 91' lang='lat' dir='ltr'>non</span> <span class='ocrx_word' id='word_1_255' title='bbox 310 2445 407 2507; x_wconf 89' lang='lat' dir='ltr'>solum</span> <span class='ocrx_word' id='word_1_256' title='bbox 429 2449 500 2528; x_wconf 89' lang='lat' dir='ltr'>quia</span> <span class='ocrx_word' id='word_1_257' title='bbox 516 2465 555 2507; x_wconf 83' lang='lat' dir='ltr'>ex</span> <span class='ocrx_word' id='word_1_258' title='bbox 570 2445 631 2505; x_wconf 89' lang='lat' dir='ltr'>fide</span> <span class='ocrx_word' id='word_1_259' title='bbox 642 2446 760 2524; x_wconf 90' lang='lat' dir='ltr'>justitia</span> <span class='ocrx_word' id='word_1_260' title='bbox 776 2452 829 2516; x_wconf 88' lang='lat' dir='ltr'>est,</span> <span class='ocrx_word' id='word_1_261' title='bbox 877 2437 980 2523; x_wconf 78' lang='grc' dir='ltr'><strong>νόμου,</strong></span> <span class='ocrx_word' id='word_1_262' title='bbox 1006 2446 1100 2523; x_wconf 58' lang='grc' dir='ltr'>ἱερῆς</span> <span class='ocrx_word' id='word_1_263' title='bbox 1123 2448 1182 2507; x_wconf 89' lang='lat' dir='ltr'>etsi</span> <span class='ocrx_word' id='word_1_264' title='bbox 1203 2464 1263 2505; x_wconf 90' lang='lat' dir='ltr'>non</span> <span class='ocrx_word' id='word_1_265' title='bbox 1285 2445 1317 2505; x_wconf 91' lang='lat' dir='ltr'>in</span> <span class='ocrx_word' id='word_1_266' title='bbox 1331 2445 1481 2505; x_wconf 85' lang='lat' dir='ltr'>omnibus.</span> <span class='ocrx_word' id='word_1_267' title='bbox 1505 2443 1573 2506; x_wconf 73' lang='lat' dir='ltr'>sm·</span> 
     </span>
     <span class='ocr_line' id='line_1_26' title="bbox 134 2530 1574 2614; baseline -0.003 -19"><span class='ocrx_word' id='word_1_268' title='bbox 134 2531 188 2595; x_wconf 87' lang='lat' dir='ltr'>aad</span> <span class='ocrx_word' id='word_1_269' title='bbox 204 2534 294 2593; x_wconf 90' lang='lat' dir='ltr'>etiam</span> <span class='ocrx_word' id='word_1_270' title='bbox 309 2533 383 2614; x_wconf 90' lang='lat' dir='ltr'>quia</span> <span class='ocrx_word' id='word_1_271' title='bbox 398 2531 459 2594; x_wconf 89' lang='lat' dir='ltr'>fide</span> <span class='ocrx_word' id='word_1_272' title='bbox 473 2530 717 2613; x_wconf 85' lang='lat' dir='ltr'>apprehenditur,</span> <span class='ocrx_word' id='word_1_273' title='bbox 734 2551 770 2592; x_wconf 93' lang='lat' dir='ltr'>eo</span> <span class='ocrx_word' id='word_1_274' title='bbox 785 2532 828 2593; x_wconf 89' lang='lat' dir='ltr'>ni·</span> <span class='ocrx_word' id='word_1_275' title='bbox 878 2552 928 2592; x_wconf 90' lang='lat' dir='ltr'>sus</span> <span class='ocrx_word' id='word_1_276' title='bbox 944 2541 1008 2594; x_wconf 89' lang='lat' dir='ltr'>est:</span> <span class='ocrx_word' id='word_1_277' title='bbox 1031 2532 1100 2593; x_wconf 91' lang='lat' dir='ltr'>ideo</span> <span class='ocrx_word' id='word_1_278' title='bbox 1117 2553 1178 2592; x_wconf 92' lang='lat' dir='ltr'>non</span> <span class='ocrx_word' id='word_1_279' title='bbox 1197 2530 1374 2612; x_wconf 86' lang='lat' dir='ltr'>pervenisse</span> <span class='ocrx_word' id='word_1_280' title='bbox 1389 2530 1574 2593; x_wconf 86' lang='lat' dir='ltr'>Judaeosin</span> 
     </span>
     <span class='ocr_line' id='line_1_27' title="bbox 132 2616 1574 2699; baseline -0.003 -20"><span class='ocrx_word' id='word_1_281' title='bbox 132 2619 238 2679; x_wconf 90' lang='lat' dir='ltr'>mirum</span> <span class='ocrx_word' id='word_1_282' title='bbox 255 2638 354 2692; x_wconf 88' lang='lat' dir='ltr'>sensu,</span> <span class='ocrx_word' id='word_1_283' title='bbox 377 2637 468 2699; x_wconf 94' lang='lat' dir='ltr'>quem</span> <span class='ocrx_word' id='word_1_284' title='bbox 490 2619 686 2698; x_wconf 87' lang='lat' dir='ltr'>exposuimus</span> <span class='ocrx_word' id='word_1_285' title='bbox 701 2618 739 2678; x_wconf 91' lang='lat' dir='ltr'>ad</span> <span class='ocrx_word' id='word_1_286' title='bbox 755 2616 829 2678; x_wconf 90' lang='lat' dir='ltr'>illud</span> <span class='ocrx_word' id='word_1_287' title='bbox 876 2618 974 2699; x_wconf 90' lang='lat' dir='ltr'>legem</span> <span class='ocrx_word' id='word_1_288' title='bbox 985 2619 1134 2698; x_wconf 88' lang='lat' dir='ltr'>justitiae,</span> <span class='ocrx_word' id='word_1_289' title='bbox 1157 2620 1305 2699; x_wconf 85' lang='lat' dir='ltr'>quianon</span> <span class='ocrx_word' id='word_1_290' title='bbox 1329 2636 1367 2678; x_wconf 89' lang='lat' dir='ltr'>ex</span> <span class='ocrx_word' id='word_1_291' title='bbox 1380 2616 1451 2679; x_wconf 80' lang='lat' dir='ltr'>lide</span> <span class='ocrx_word' id='word_1_292' title='bbox 1466 2616 1574 2680; x_wconf 70' lang='lat' dir='ltr'>camd</span> 
     </span>
     <span class='ocr_line' id='line_1_28' title="bbox 133 2701 1572 2786; baseline -0.002 -19"><span class='ocrx_word' id='word_1_293' title='bbox 133 2707 240 2786; x_wconf 87' lang='lat' dir='ltr'>capitis</span> <span class='ocrx_word' id='word_1_294' title='bbox 253 2707 299 2764; x_wconf 81' lang='lat'>3.:</span> <span class='ocrx_word' id='word_1_295' title='bbox 323 2705 529 2767; x_wconf 79' lang='lat' dir='ltr'>Arbitrantur</span> <span class='ocrx_word' id='word_1_296' title='bbox 539 2704 712 2781; x_wconf 69' lang='lat' dir='ltr'>justificari</span> <span class='ocrx_word' id='word_1_297' title='bbox 726 2706 828 2764; x_wconf 81' lang='lat' dir='ltr'>bomi-</span> <span class='ocrx_word' id='word_1_298' title='bbox 876 2705 975 2786; x_wconf 88' lang='lat' dir='ltr'>legem</span> <span class='ocrx_word' id='word_1_299' title='bbox 994 2705 1132 2784; x_wconf 87' lang='lat' dir='ltr'>justitiae</span> <span class='ocrx_word' id='word_1_300' title='bbox 1155 2704 1357 2775; x_wconf 77' lang='lat' dir='ltr'>sectabantur,</span> <span class='ocrx_word' id='word_1_301' title='bbox 1380 2703 1413 2766; x_wconf 89' lang='lat' dir='ltr'>id</span> <span class='ocrx_word' id='word_1_302' title='bbox 1437 2711 1493 2779; x_wconf 81' lang='lat' dir='ltr'>est,</span> <span class='ocrx_word' id='word_1_303' title='bbox 1515 2701 1572 2784; x_wconf 79' lang='lat' dir='ltr'>lagi</span> 
     </span>
     <span class='ocr_line' id='line_1_29' title="bbox 131 2788 1572 2873; baseline -0.001 -19"><span class='ocrx_word' id='word_1_304' title='bbox 131 2811 206 2854; x_wconf 74' lang='lat' dir='ltr'>acm</span> <span class='ocrx_word' id='word_1_305' title='bbox 222 2808 283 2868; x_wconf 81' lang='lat' dir='ltr'>per</span> <span class='ocrx_word' id='word_1_306' title='bbox 305 2792 407 2869; x_wconf 75' lang='lat' dir='ltr'>fldem.</span> <span class='ocrx_word' id='word_1_307' title='bbox 429 2792 488 2852; x_wconf 82' lang='lat' dir='ltr'>Est</span> <span class='ocrx_word' id='word_1_308' title='bbox 509 2801 609 2851; x_wconf 85' lang='lat' dir='ltr'>antem</span> <span class='ocrx_word' id='word_1_309' title='bbox 629 2790 702 2851; x_wconf 88' lang='lat' dir='ltr'>haec</span> <span class='ocrx_word' id='word_1_310' title='bbox 716 2792 828 2851; x_wconf 90' lang='lat' dir='ltr'>notatio</span> <span class='ocrx_word' id='word_1_311' title='bbox 877 2792 1049 2873; x_wconf 87' lang='lat' dir='ltr'>implendae</span> <span class='ocrx_word' id='word_1_312' title='bbox 1062 2790 1232 2864; x_wconf 87' lang='lat' dir='ltr'>studebant,</span> <span class='ocrx_word' id='word_1_313' title='bbox 1244 2788 1572 2853; x_wconf 82' lang='lat' dir='ltr'>sedadeamniteban·</span> 
     </span>
     <span class='ocr_line' id='line_1_30' title="bbox 131 2876 1572 2958; baseline 0 -19"><span class='ocrx_word' id='word_1_314' title='bbox 131 2897 224 2939; x_wconf 83' lang='lat' dir='ltr'>verae</span> <span class='ocrx_word' id='word_1_315' title='bbox 235 2879 382 2957; x_wconf 86' lang='lat' dir='ltr'>justitiae,</span> <span class='ocrx_word' id='word_1_316' title='bbox 399 2898 480 2956; x_wconf 79' lang='lat' dir='ltr'>quac</span> <span class='ocrx_word' id='word_1_317' title='bbox 496 2896 535 2939; x_wconf 80' lang='lat' dir='ltr'>en</span> <span class='ocrx_word' id='word_1_318' title='bbox 550 2877 612 2955; x_wconf 73' lang='lat' dir='ltr'>tide</span> <span class='ocrx_word' id='word_1_319' title='bbox 629 2885 680 2938; x_wconf 80' lang='lat' dir='ltr'>cst.</span> <span class='ocrx_word' id='word_1_320' title='bbox 703 2879 783 2938; x_wconf 87' lang='lat' dir='ltr'>Nam</span> <span class='ocrx_word' id='word_1_321' title='bbox 797 2879 828 2938; x_wconf 92' lang='lat' dir='ltr'>in</span> <span class='ocrx_word' id='word_1_322' title='bbox 875 2886 926 2939; x_wconf 87' lang='lat' dir='ltr'>tur</span> <span class='ocrx_word' id='word_1_323' title='bbox 945 2899 999 2958; x_wconf 90' lang='lat' dir='ltr'>per</span> <span class='ocrx_word' id='word_1_324' title='bbox 1021 2898 1121 2958; x_wconf 88' lang='lat' dir='ltr'>opera,</span> <span class='ocrx_word' id='word_1_325' title='bbox 1145 2878 1267 2951; x_wconf 92' lang='lat' dir='ltr'>scilicet,</span> <span class='ocrx_word' id='word_1_326' title='bbox 1288 2895 1349 2937; x_wconf 91' lang='lat' dir='ltr'>non</span> <span class='ocrx_word' id='word_1_327' title='bbox 1370 2896 1411 2939; x_wconf 86' lang='lat' dir='ltr'>ex</span> <span class='ocrx_word' id='word_1_328' title='bbox 1431 2876 1495 2939; x_wconf 78' lang='lat' dir='ltr'>dds</span> <span class='ocrx_word' id='word_1_329' title='bbox 1508 2895 1572 2957; x_wconf 78' lang='lat' dir='ltr'>pro·</span> 
     </span>
     <span class='ocr_line' id='line_1_31' title="bbox 132 2963 1572 3045; baseline -0.001 -19"><span class='ocrx_word' id='word_1_330' title='bbox 132 2965 337 3045; x_wconf 83' lang='lat' dir='ltr'>superioribus</span> <span class='ocrx_word' id='word_1_331' title='bbox 359 2984 423 3045; x_wconf 83' lang='lat' dir='ltr'>cap.</span> <span class='ocrx_word' id='word_1_332' title='bbox 442 2970 470 3025; x_wconf 90' lang='lat'>1.</span> <span class='ocrx_word' id='word_1_333' title='bbox 486 2965 515 3025; x_wconf 82' lang='lat'>3.</span> <span class='ocrx_word' id='word_1_334' title='bbox 531 2972 562 3025; x_wconf 89' lang='lat' dir='ltr'>et</span> <span class='ocrx_word' id='word_1_335' title='bbox 577 2967 605 3024; x_wconf 83' lang='lat'>4.</span> <span class='ocrx_word' id='word_1_336' title='bbox 629 2965 701 3025; x_wconf 87' lang='lat' dir='ltr'>satis</span> <span class='ocrx_word' id='word_1_337' title='bbox 717 2964 827 3039; x_wconf 89' lang='lat' dir='ltr'>docuit,</span> <span class='ocrx_word' id='word_1_338' title='bbox 874 2964 964 3040; x_wconf 83' lang='lat' dir='ltr'>lecta,</span> <span class='ocrx_word' id='word_1_339' title='bbox 981 2964 1033 3026; x_wconf 85' lang='lat' dir='ltr'>sed</span> <span class='ocrx_word' id='word_1_340' title='bbox 1050 2966 1170 3025; x_wconf 83' lang='lat' dir='ltr'>excola</span> <span class='ocrx_word' id='word_1_341' title='bbox 1187 2965 1264 3045; x_wconf 84' lang='lat' dir='ltr'>legia</span> <span class='ocrx_word' id='word_1_342' title='bbox 1280 2963 1461 3043; x_wconf 81' lang='lat' dir='ltr'>cognitione.</span> <span class='ocrx_word' id='word_1_343' title='bbox 1484 2964 1572 3026; x_wconf 80' lang='lat' dir='ltr'>Ratio</span> 
     </span>
     <span class='ocr_line' id='line_1_32' title="bbox 132 3048 1571 3133; baseline 0 -21"><span class='ocrx_word' id='word_1_344' title='bbox 132 3071 192 3112; x_wconf 94' lang='lat' dir='ltr'>non</span> <span class='ocrx_word' id='word_1_345' title='bbox 208 3071 247 3112; x_wconf 88' lang='lat' dir='ltr'>ex</span> <span class='ocrx_word' id='word_1_346' title='bbox 263 3051 405 3132; x_wconf 88' lang='lat' dir='ltr'>operibus</span> <span class='ocrx_word' id='word_1_347' title='bbox 420 3048 475 3113; x_wconf 87' lang='lat' dir='ltr'>sed</span> <span class='ocrx_word' id='word_1_348' title='bbox 488 3071 527 3112; x_wconf 86' lang='lat' dir='ltr'>ex</span> <span class='ocrx_word' id='word_1_349' title='bbox 540 3050 600 3113; x_wconf 85' lang='lat' dir='ltr'>lide</span> <span class='ocrx_word' id='word_1_350' title='bbox 610 3051 760 3130; x_wconf 87' lang='lat' dir='ltr'>justitiam</span> <span class='ocrx_word' id='word_1_351' title='bbox 775 3050 826 3110; x_wconf 89' lang='lat' dir='ltr'>ha·</span> <span class='ocrx_word' id='word_1_352' title='bbox 875 3054 970 3132; x_wconf 85' lang='lat' dir='ltr'>magia</span> <span class='ocrx_word' id='word_1_353' title='bbox 994 3053 1053 3112; x_wconf 83' lang='lat' dir='ltr'>erit</span> <span class='ocrx_word' id='word_1_354' title='bbox 1074 3053 1251 3133; x_wconf 86' lang='lat' dir='ltr'>perspicua,</span> <span class='ocrx_word' id='word_1_355' title='bbox 1271 3053 1298 3111; x_wconf 92' lang='lat' dir='ltr'>si</span> <span class='ocrx_word' id='word_1_356' title='bbox 1319 3050 1416 3130; x_wconf 90' lang='lat' dir='ltr'>legem</span> <span class='ocrx_word' id='word_1_357' title='bbox 1435 3052 1571 3131; x_wconf 78' lang='lat' dir='ltr'>justitiae</span> 
     </span>
     <span class='ocr_line' id='line_1_33' title="bbox 130 3124 1571 3219; baseline 0.001 -22"><span class='ocrx_word' id='word_1_358' title='bbox 130 3136 204 3198; x_wconf 87' lang='lat' dir='ltr'>beri.</span> <span class='ocrx_word' id='word_1_359' title='bbox 227 3138 291 3199; x_wconf 88' lang='lat' dir='ltr'>Ubi</span> <span class='ocrx_word' id='word_1_360' title='bbox 318 3139 410 3198; x_wconf 89' lang='lat' dir='ltr'>etiam</span> <span class='ocrx_word' id='word_1_361' title='bbox 433 3124 643 3216; x_wconf 76' lang='lat' dir='ltr'>patuit‚‘eam</span> <span class='ocrx_word' id='word_1_362' title='bbox 664 3139 827 3219; x_wconf 89' lang='lat' dir='ltr'>praecipue</span> <span class='ocrx_word' id='word_1_363' title='bbox 876 3139 1081 3219; x_wconf 87' lang='lat' dir='ltr'>interpreteris</span> <span class='ocrx_word' id='word_1_364' title='bbox 1099 3139 1250 3217; x_wconf 86' lang='lat' dir='ltr'>justitiam</span> <span class='ocrx_word' id='word_1_365' title='bbox 1268 3138 1353 3218; x_wconf 84' lang='lat' dir='ltr'>legis,</span> <span class='ocrx_word' id='word_1_366' title='bbox 1376 3155 1469 3200; x_wconf 83' lang='lat' dir='ltr'>sensu</span> <span class='ocrx_word' id='word_1_367' title='bbox 1482 3135 1571 3219; x_wconf 84' lang='lat' dir='ltr'>paulo</span> 
     </span>
     <span class='ocr_line' id='line_1_34' title="bbox 131 3222 1106 3305; baseline 0 -21"><span class='ocrx_word' id='word_1_368' title='bbox 131 3223 221 3286; x_wconf 87' lang='lat' dir='ltr'>iidem</span> <span class='ocrx_word' id='word_1_369' title='bbox 240 3223 376 3304; x_wconf 85' lang='lat' dir='ltr'>intelligi,</span> <span class='ocrx_word' id='word_1_370' title='bbox 399 3244 461 3305; x_wconf 87' lang='lat' dir='ltr'>qua</span> <span class='ocrx_word' id='word_1_371' title='bbox 482 3223 614 3285; x_wconf 85' lang='lat' dir='ltr'>creditur</span> <span class='ocrx_word' id='word_1_372' title='bbox 629 3225 660 3285; x_wconf 95' lang='lat' dir='ltr'>in</span> <span class='ocrx_word' id='word_1_373' title='bbox 676 3222 827 3285; x_wconf 79' lang='lat' dir='ltr'>Christum</span> <span class='ocrx_word' id='word_1_374' title='bbox 875 3233 946 3287; x_wconf 86' lang='lat' dir='ltr'>ante</span> <span class='ocrx_word' id='word_1_375' title='bbox 964 3224 1106 3285; x_wconf 89' lang='lat' dir='ltr'>indicato.</span> 
     </span>
     <span class='ocr_line' id='line_1_35' title="bbox 130 3309 1571 3393; baseline 0.002 -23"><span class='ocrx_word' id='word_1_376' title='bbox 130 3310 363 3393; x_wconf 87' lang='lat' dir='ltr'>propitiatorem,</span> <span class='ocrx_word' id='word_1_377' title='bbox 379 3310 465 3391; x_wconf 71' lang='lat' dir='ltr'>cuius</span> <span class='ocrx_word' id='word_1_378' title='bbox 482 3330 521 3371; x_wconf 88' lang='lat' dir='ltr'>ex</span> <span class='ocrx_word' id='word_1_379' title='bbox 531 3311 646 3372; x_wconf 89' lang='lat' dir='ltr'>meritis</span> <span class='ocrx_word' id='word_1_380' title='bbox 663 3318 727 3371; x_wconf 86' lang='lat' dir='ltr'>tota</span> <span class='ocrx_word' id='word_1_381' title='bbox 736 3312 826 3391; x_wconf 86' lang='lat' dir='ltr'>justi·</span> <span class='ocrx_word' id='word_1_382' title='bbox 918 3311 1001 3372; x_wconf 90' lang='lat' dir='ltr'>Dicit</span> <span class='ocrx_word' id='word_1_383' title='bbox 1014 3320 1113 3372; x_wconf 89' lang='lat' dir='ltr'>autem</span> <span class='ocrx_word' id='word_1_384' title='bbox 1134 3311 1236 3386; x_wconf 75' lang='lat' dir='ltr'>quoti,</span> <span class='ocrx_word' id='word_1_385' title='bbox 1256 3309 1307 3370; x_wconf 81' lang='lat' dir='ltr'>vel</span> <span class='ocrx_word' id='word_1_386' title='bbox 1325 3311 1473 3390; x_wconf 87' lang='lat' dir='ltr'>quoniam</span> <span class='ocrx_word' id='word_1_387' title='bbox 1495 3311 1571 3391; x_wconf 81' lang='lat' dir='ltr'>ejur-</span> 
     </span>
     <span class='ocr_line' id='line_1_36' title="bbox 130 3394 1569 3478; baseline -0.001 -20"><span class='ocrx_word' id='word_1_388' title='bbox 130 3399 176 3459; x_wconf 89' lang='lat' dir='ltr'>tia</span> <span class='ocrx_word' id='word_1_389' title='bbox 191 3419 210 3458; x_wconf 92' lang='lat' dir='ltr'>a</span> <span class='ocrx_word' id='word_1_390' title='bbox 223 3398 291 3458; x_wconf 90' lang='lat' dir='ltr'>Deo</span> <span class='ocrx_word' id='word_1_391' title='bbox 308 3396 513 3478; x_wconf 86' lang='lat' dir='ltr'>exspectanda</span> <span class='ocrx_word' id='word_1_392' title='bbox 528 3400 576 3458; x_wconf 87' lang='lat' dir='ltr'>sit.</span> <span class='ocrx_word' id='word_1_393' title='bbox 873 3397 955 3459; x_wconf 90' lang='lat' dir='ltr'>modi</span> <span class='ocrx_word' id='word_1_394' title='bbox 970 3417 1064 3478; x_wconf 88' lang='lat' dir='ltr'>opera</span> <span class='ocrx_word' id='word_1_395' title='bbox 1079 3394 1274 3458; x_wconf 83' lang='lat' dir='ltr'>videaturad</span> <span class='ocrx_word' id='word_1_396' title='bbox 1292 3398 1443 3477; x_wconf 85' lang='lat' dir='ltr'>justitiam</span> <span class='ocrx_word' id='word_1_397' title='bbox 1457 3397 1569 3468; x_wconf 77' lang='lat' dir='ltr'>valera,</span> 
     </span>
    </p>

    <p class='ocr_par' dir='ltr' id='par_1_6' title="bbox 128 3482 1569 4000">
     <span class='ocr_line' id='line_1_37' title="bbox 174 3482 1569 3566; baseline 0.001 -22"><span class='ocrx_word' id='word_1_398' title='bbox 174 3485 224 3544; x_wconf 79' lang='lat'>31.</span> <span class='ocrx_word' id='word_1_399' title='bbox 248 3483 352 3545; x_wconf 70' lang='lat' dir='ltr'>Israel</span> <span class='ocrx_word' id='word_1_400' title='bbox 366 3503 441 3545; x_wconf 82' lang='lat' dir='ltr'>vcro</span> <span class='ocrx_word' id='word_1_401' title='bbox 456 3482 604 3545; x_wconf 79' lang='lat' dir='ltr'>sectando</span> <span class='ocrx_word' id='word_1_402' title='bbox 619 3485 717 3560; x_wconf 73' lang='lat' dir='ltr'>legem</span> <span class='ocrx_word' id='word_1_403' title='bbox 728 3487 825 3559; x_wconf 76' lang='lat' dir='ltr'>justi·</span> <span class='ocrx_word' id='word_1_404' title='bbox 875 3504 966 3565; x_wconf 86' lang='lat' dir='ltr'>quam</span> <span class='ocrx_word' id='word_1_405' title='bbox 977 3504 1086 3545; x_wconf 86' lang='lat' dir='ltr'>revera</span> <span class='ocrx_word' id='word_1_406' title='bbox 1097 3505 1158 3544; x_wconf 94' lang='lat' dir='ltr'>non</span> <span class='ocrx_word' id='word_1_407' title='bbox 1169 3483 1307 3560; x_wconf 82' lang='lat' dir='ltr'>valeant3</span> <span class='ocrx_word' id='word_1_408' title='bbox 1329 3484 1381 3545; x_wconf 83' lang='lat' dir='ltr'>rel</span> <span class='ocrx_word' id='word_1_409' title='bbox 1396 3486 1473 3566; x_wconf 84' lang='lat' dir='ltr'>quia</span> <span class='ocrx_word' id='word_1_410' title='bbox 1484 3485 1569 3565; x_wconf 76' lang='lat' dir='ltr'>justi·</span> 
     </span>
     <span class='ocr_line' id='line_1_38' title="bbox 129 3569 1568 3652; baseline -0.001 -20"><span class='ocrx_word' id='word_1_411' title='bbox 129 3574 208 3646; x_wconf 81' lang='lat' dir='ltr'>ticc,</span> <span class='ocrx_word' id='word_1_412' title='bbox 235 3573 272 3632; x_wconf 81' lang='lat' dir='ltr'>in</span> <span class='ocrx_word' id='word_1_413' title='bbox 295 3572 392 3647; x_wconf 74' lang='lat' dir='ltr'>legem</span> <span class='ocrx_word' id='word_1_414' title='bbox 413 3574 560 3646; x_wconf 66' lang='lat' dir='ltr'>Jaatitiac</span> <span class='ocrx_word' id='word_1_415' title='bbox 582 3590 650 3632; x_wconf 76' lang='lat' dir='ltr'>noc</span> <span class='ocrx_word' id='word_1_416' title='bbox 670 3574 825 3648; x_wconf 76' lang='lat' dir='ltr'>pervenit.</span> <span class='ocrx_word' id='word_1_417' title='bbox 873 3573 925 3644; x_wconf 83' lang='lat' dir='ltr'>tia,</span> <span class='ocrx_word' id='word_1_418' title='bbox 949 3591 988 3631; x_wconf 87' lang='lat' dir='ltr'>ex</span> <span class='ocrx_word' id='word_1_419' title='bbox 1004 3569 1152 3649; x_wconf 89' lang='lat' dir='ltr'>ejusmodi</span> <span class='ocrx_word' id='word_1_420' title='bbox 1173 3569 1313 3650; x_wconf 87' lang='lat' dir='ltr'>operibus</span> <span class='ocrx_word' id='word_1_421' title='bbox 1327 3578 1510 3652; x_wconf 85' lang='lat' dir='ltr'>comparata,</span> <span class='ocrx_word' id='word_1_422' title='bbox 1530 3572 1568 3631; x_wconf 82' lang='lat' dir='ltr'>vi·</span> 
     </span>
     <span class='ocr_line' id='line_1_39' title="bbox 128 3656 1569 3738; baseline -0.001 -18"><span class='ocrx_word' id='word_1_423' title='bbox 128 3656 826 3738; x_wconf 75' lang='lat' dir='ltr'>SectcadoGraeceetSyriaceaectaas,quod</span> <span class='ocrx_word' id='word_1_424' title='bbox 874 3656 963 3717; x_wconf 89' lang='lat' dir='ltr'>detur</span> <span class='ocrx_word' id='word_1_425' title='bbox 978 3676 1046 3719; x_wconf 88' lang='lat' dir='ltr'>esse</span> <span class='ocrx_word' id='word_1_426' title='bbox 1060 3677 1135 3719; x_wconf 81' lang='lat' dir='ltr'>vera</span> <span class='ocrx_word' id='word_1_427' title='bbox 1145 3657 1273 3736; x_wconf 86' lang='lat' dir='ltr'>justitia,</span> <span class='ocrx_word' id='word_1_428' title='bbox 1290 3665 1459 3720; x_wconf 81' lang='lat' dir='ltr'>etncneat</span> <span class='ocrx_word' id='word_1_429' title='bbox 1482 3658 1569 3731; x_wconf 84' lang='lat' dir='ltr'>Scito,</span> 
     </span>
     <span class='ocr_line' id='line_1_40' title="bbox 130 3743 1569 3827; baseline 0 -21"><span class='ocrx_word' id='word_1_430' title='bbox 130 3747 220 3806; x_wconf 87' lang='lat' dir='ltr'>etlam</span> <span class='ocrx_word' id='word_1_431' title='bbox 234 3745 266 3804; x_wconf 96' lang='lat' dir='ltr'>in</span> <span class='ocrx_word' id='word_1_432' title='bbox 281 3743 399 3805; x_wconf 87' lang='lat' dir='ltr'>Latinis</span> <span class='ocrx_word' id='word_1_433' title='bbox 414 3764 563 3805; x_wconf 75' lang='lat' dir='ltr'>mennon</span> <span class='ocrx_word' id='word_1_434' title='bbox 587 3745 691 3824; x_wconf 88' lang='lat' dir='ltr'>paucis</span> <span class='ocrx_word' id='word_1_435' title='bbox 705 3744 824 3824; x_wconf 88' lang='lat' dir='ltr'>legitur.</span> <span class='ocrx_word' id='word_1_436' title='bbox 874 3764 934 3805; x_wconf 91' lang='lat' dir='ltr'>non</span> <span class='ocrx_word' id='word_1_437' title='bbox 958 3744 1010 3805; x_wconf 92' lang='lat' dir='ltr'>hic</span> <span class='ocrx_word' id='word_1_438' title='bbox 1034 3743 1120 3804; x_wconf 89' lang='lat' dir='ltr'>reddi</span> <span class='ocrx_word' id='word_1_439' title='bbox 1145 3745 1306 3820; x_wconf 86' lang='lat' dir='ltr'>rationem,</span> <span class='ocrx_word' id='word_1_440' title='bbox 1335 3764 1390 3806; x_wconf 90' lang='lat' dir='ltr'>cur</span> <span class='ocrx_word' id='word_1_441' title='bbox 1418 3744 1569 3827; x_wconf 79' lang='lat' dir='ltr'>reprobati</span> 
     </span>
     <span class='ocr_line' id='line_1_41' title="bbox 129 3824 1569 3911; baseline -0.001 -18"><span class='ocrx_word' id='word_1_442' title='bbox 129 3833 296 3908; x_wconf 79' lang='lat' dir='ltr'>Pervenit,</span> <span class='ocrx_word' id='word_1_443' title='bbox 327 3830 444 3893; x_wconf 83' lang='lat' dir='ltr'>Graece</span> <span class='ocrx_word' id='word_1_444' title='bbox 472 3824 595 3908; x_wconf 73' lang='grc' dir='ltr'>ἔφθασε</span> <span class='ocrx_word' id='word_1_445' title='bbox 602 3876 614 3906; x_wconf 87' lang='lat'>,</span> <span class='ocrx_word' id='word_1_446' title='bbox 644 3833 824 3907; x_wconf 77' lang='lat' dir='ltr'>praevenit,</span> <span class='ocrx_word' id='word_1_447' title='bbox 873 3829 987 3892; x_wconf 84' lang='lat' dir='ltr'>luerint</span> <span class='ocrx_word' id='word_1_448' title='bbox 1000 3830 1124 3905; x_wconf 85' lang='lat' dir='ltr'>Judaei,</span> <span class='ocrx_word' id='word_1_449' title='bbox 1144 3830 1199 3891; x_wconf 88' lang='lat' dir='ltr'>sed</span> <span class='ocrx_word' id='word_1_450' title='bbox 1214 3851 1266 3893; x_wconf 87' lang='lat' dir='ltr'>cur</span> <span class='ocrx_word' id='word_1_451' title='bbox 1280 3851 1341 3893; x_wconf 92' lang='lat' dir='ltr'>non</span> <span class='ocrx_word' id='word_1_452' title='bbox 1360 3832 1514 3911; x_wconf 76' lang='lat' dir='ltr'>justitiam</span> <span class='ocrx_word' id='word_1_453' title='bbox 1528 3846 1569 3892; x_wconf 77' lang='lat' dir='ltr'>ar</span> 
     </span>
     <span class='ocr_line' id='line_1_42' title="bbox 130 3915 979 4000; baseline -0.002 -21"><span class='ocrx_word' id='word_1_454' title='bbox 130 3915 383 4000; x_wconf 89' lang='lat' dir='ltr'>quemadmodum</span> <span class='ocrx_word' id='word_1_455' title='bbox 399 3916 428 3978; x_wconf 94' lang='lat' dir='ltr'>id</span> <span class='ocrx_word' id='word_1_456' title='bbox 444 3919 537 3979; x_wconf 79' lang='lat' dir='ltr'>vertit</span> <span class='ocrx_word' id='word_1_457' title='bbox 557 3925 659 3979; x_wconf 86' lang='lat' dir='ltr'>noster</span> <span class='ocrx_word' id='word_1_458' title='bbox 680 3919 824 3997; x_wconf 90' lang='lat' dir='ltr'>interpres</span> <span class='ocrx_word' id='word_1_459' title='bbox 873 3919 979 3979; x_wconf 90' lang='lat' dir='ltr'>secuti.</span> 
     </span>
    </p>

    <p class='ocr_par' dir='ltr' id='par_1_7' title="bbox 127 4004 1571 4607">
     <span class='ocr_line' id='line_1_43' title="bbox 131 4004 1569 4084; baseline 0.001 -19"><span class='ocrx_word' id='word_1_460' title='bbox 131 4009 147 4065; x_wconf 94' lang='lat'>1</span> <span class='ocrx_word' id='word_1_461' title='bbox 165 4007 274 4067; x_wconf 87' lang='lat' dir='ltr'>Thess.</span> <span class='ocrx_word' id='word_1_462' title='bbox 291 4007 320 4064; x_wconf 77' lang='lat'>2.</span> <span class='ocrx_word' id='word_1_463' title='bbox 340 4005 432 4083; x_wconf 86' lang='lat' dir='ltr'>juxta</span> <span class='ocrx_word' id='word_1_464' title='bbox 454 4004 573 4066; x_wconf 90' lang='lat' dir='ltr'>codices</span> <span class='ocrx_word' id='word_1_465' title='bbox 596 4004 823 4067; x_wconf 89' lang='lat' dir='ltr'>emendatiores.</span> <span class='ocrx_word' id='word_1_466' title='bbox 917 4006 1126 4084; x_wconf 76' lang='lat' dir='ltr'>Offendcruct</span> <span class='ocrx_word' id='word_1_467' title='bbox 1148 4006 1233 4065; x_wconf 83' lang='lat' dir='ltr'>enim</span> <span class='ocrx_word' id='word_1_468' title='bbox 1247 4007 1284 4065; x_wconf 80' lang='lat' dir='ltr'>in</span> <span class='ocrx_word' id='word_1_469' title='bbox 1306 4005 1448 4082; x_wconf 79' lang='lat' dir='ltr'>lapidem</span> <span class='ocrx_word' id='word_1_470' title='bbox 1471 4005 1569 4084; x_wconf 66' lang='lat' dir='ltr'>offen·</span> 
     </span>
     <span class='ocr_line' id='line_1_44' title="bbox 129 4089 1568 4174; baseline -0.003 -21"><span class='ocrx_word' id='word_1_471' title='bbox 129 4091 320 4173; x_wconf 75' lang='lat' dir='ltr'>Quamquam</span> <span class='ocrx_word' id='word_1_472' title='bbox 336 4100 368 4152; x_wconf 92' lang='lat' dir='ltr'>et</span> <span class='ocrx_word' id='word_1_473' title='bbox 384 4094 533 4168; x_wconf 79' lang='lat' dir='ltr'>pervenit</span> <span class='ocrx_word' id='word_1_474' title='bbox 552 4112 613 4152; x_wconf 91' lang='lat' dir='ltr'>non</span> <span class='ocrx_word' id='word_1_475' title='bbox 632 4091 712 4153; x_wconf 89' lang='lat' dir='ltr'>male</span> <span class='ocrx_word' id='word_1_476' title='bbox 731 4100 824 4152; x_wconf 77' lang='lat' dir='ltr'>trans</span> <span class='ocrx_word' id='word_1_477' title='bbox 872 4093 977 4152; x_wconf 64' lang='lat' dir='ltr'>moab.</span> <span class='ocrx_word' id='word_1_478' title='bbox 1001 4089 1130 4152; x_wconf 79' lang='lat' dir='ltr'>Causam</span> <span class='ocrx_word' id='word_1_479' title='bbox 1144 4091 1265 4170; x_wconf 90' lang='lat' dir='ltr'>subjicit</span> <span class='ocrx_word' id='word_1_480' title='bbox 1279 4091 1361 4170; x_wconf 90' lang='lat' dir='ltr'>ejus,</span> <span class='ocrx_word' id='word_1_481' title='bbox 1377 4090 1462 4174; x_wconf 92' lang='lat' dir='ltr'>quod</span> <span class='ocrx_word' id='word_1_482' title='bbox 1476 4090 1568 4154; x_wconf 82' lang='lat' dir='ltr'>dixit:</span> 
     </span>
     <span class='ocr_line' id='line_1_45' title="bbox 128 4176 1569 4259; baseline 0.002 -22"><span class='ocrx_word' id='word_1_483' title='bbox 128 4176 219 4254; x_wconf 79' lang='lat' dir='ltr'>feras,</span> <span class='ocrx_word' id='word_1_484' title='bbox 233 4188 268 4239; x_wconf 92' lang='lat' dir='ltr'>nt</span> <span class='ocrx_word' id='word_1_485' title='bbox 278 4178 516 4240; x_wconf 83' lang='lat' dir='ltr'>lecitErasmus.</span> <span class='ocrx_word' id='word_1_486' title='bbox 539 4179 650 4258; x_wconf 86' lang='lat' dir='ltr'>Neque</span> <span class='ocrx_word' id='word_1_487' title='bbox 664 4180 742 4239; x_wconf 89' lang='lat' dir='ltr'>enim</span> <span class='ocrx_word' id='word_1_488' title='bbox 755 4177 825 4259; x_wconf 90' lang='lat' dir='ltr'>plus</span> <span class='ocrx_word' id='word_1_489' title='bbox 872 4196 941 4239; x_wconf 76' lang='lat' dir='ltr'>noa</span> <span class='ocrx_word' id='word_1_490' title='bbox 956 4196 994 4239; x_wconf 77' lang='lat' dir='ltr'>cc</span> <span class='ocrx_word' id='word_1_491' title='bbox 1009 4177 1072 4255; x_wconf 73' lang='lat' dir='ltr'>fide</span> <span class='ocrx_word' id='word_1_492' title='bbox 1079 4201 1090 4256; x_wconf 89' lang='lat'>,·</span> <span class='ocrx_word' id='word_1_493' title='bbox 1113 4179 1186 4257; x_wconf 88' lang='lat' dir='ltr'>quia</span> <span class='ocrx_word' id='word_1_494' title='bbox 1201 4180 1320 4240; x_wconf 87' lang='lat' dir='ltr'>scilicet</span> <span class='ocrx_word' id='word_1_495' title='bbox 1345 4177 1516 4256; x_wconf 78' lang='lat' dir='ltr'>Christum,</span> <span class='ocrx_word' id='word_1_496' title='bbox 1541 4180 1569 4240; x_wconf 87' lang='lat' dir='ltr'>iu</span> 
     </span>
     <span class='ocr_line' id='line_1_46' title="bbox 128 4263 1568 4346; baseline 0.001 -20"><span class='ocrx_word' id='word_1_497' title='bbox 128 4284 219 4346; x_wconf 86' lang='lat' dir='ltr'>quam</span> <span class='ocrx_word' id='word_1_498' title='bbox 234 4263 430 4346; x_wconf 87' lang='lat' dir='ltr'>perveniendi</span> <span class='ocrx_word' id='word_1_499' title='bbox 451 4266 697 4346; x_wconf 86' lang='lat' dir='ltr'>significationem</span> <span class='ocrx_word' id='word_1_500' title='bbox 718 4283 825 4345; x_wconf 90' lang='lat' dir='ltr'>urgere</span> <span class='ocrx_word' id='word_1_501' title='bbox 855 4264 962 4345; x_wconf 91' lang='lat' dir='ltr'>&#39;quem</span> <span class='ocrx_word' id='word_1_502' title='bbox 979 4263 1144 4339; x_wconf 89' lang='lat' dir='ltr'>crederent,</span> <span class='ocrx_word' id='word_1_503' title='bbox 1159 4273 1194 4323; x_wconf 88' lang='lat' dir='ltr'>ut</span> <span class='ocrx_word' id='word_1_504' title='bbox 1209 4263 1358 4327; x_wconf 92' lang='lat' dir='ltr'>credendo</span> <span class='ocrx_word' id='word_1_505' title='bbox 1370 4266 1568 4345; x_wconf 71' lang='lat' dir='ltr'>jnatificam</span> 
     </span>
     <span class='ocr_line' id='line_1_47' title="bbox 127 4350 1569 4432; baseline -0.001 -18"><span class='ocrx_word' id='word_1_506' title='bbox 127 4350 266 4414; x_wconf 81' lang='lat' dir='ltr'>videntur</span> <span class='ocrx_word' id='word_1_507' title='bbox 292 4351 474 4414; x_wconf 86' lang='lat' dir='ltr'>Graecorum</span> <span class='ocrx_word' id='word_1_508' title='bbox 501 4353 704 4413; x_wconf 90' lang='lat' dir='ltr'>commentarii</span> <span class='ocrx_word' id='word_1_509' title='bbox 728 4353 758 4412; x_wconf 94' lang='lat' dir='ltr'>in</span> <span class='ocrx_word' id='word_1_510' title='bbox 786 4370 824 4412; x_wconf 87' lang='lat' dir='ltr'>ea</span> <span class='ocrx_word' id='word_1_511' title='bbox 872 4359 928 4427; x_wconf 86' lang='lat' dir='ltr'>tur,</span> <span class='ocrx_word' id='word_1_512' title='bbox 944 4359 1065 4432; x_wconf 87' lang='lat' dir='ltr'>propter</span> <span class='ocrx_word' id='word_1_513' title='bbox 1080 4351 1146 4430; x_wconf 88' lang='lat' dir='ltr'>ejus</span> <span class='ocrx_word' id='word_1_514' title='bbox 1161 4352 1362 4413; x_wconf 83' lang='lat' dir='ltr'>humilitatem</span> <span class='ocrx_word' id='word_1_515' title='bbox 1374 4353 1569 4414; x_wconf 82' lang='lat' dir='ltr'>etearniain·</span> 
     </span>
     <span class='ocr_line' id='line_1_48' title="bbox 128 4437 1569 4520; baseline 0 -20"><span class='ocrx_word' id='word_1_516' title='bbox 128 4458 210 4512; x_wconf 84' lang='lat' dir='ltr'>voce,</span> <span class='ocrx_word' id='word_1_517' title='bbox 224 4439 282 4499; x_wconf 93' lang='lat' dir='ltr'>hoc</span> <span class='ocrx_word' id='word_1_518' title='bbox 297 4437 513 4519; x_wconf 86' lang='lat' dir='ltr'>quidemloco;</span> <span class='ocrx_word' id='word_1_519' title='bbox 528 4438 824 4516; x_wconf 80' lang='lat' dir='ltr'>tametsiOajetanus</span> <span class='ocrx_word' id='word_1_520' title='bbox 871 4438 1041 4499; x_wconf 84' lang='lat' dir='ltr'>firmitatem</span> <span class='ocrx_word' id='word_1_521' title='bbox 1061 4459 1121 4498; x_wconf 92' lang='lat' dir='ltr'>nou</span> <span class='ocrx_word' id='word_1_522' title='bbox 1146 4447 1349 4519; x_wconf 88' lang='lat' dir='ltr'>agnoverunt,</span> <span class='ocrx_word' id='word_1_523' title='bbox 1372 4456 1431 4500; x_wconf 88' lang='lat' dir='ltr'>nec</span> <span class='ocrx_word' id='word_1_524' title='bbox 1453 4457 1569 4520; x_wconf 71' lang='lat' dir='ltr'>recepe</span> 
     </span>
     <span class='ocr_line' id='line_1_49' title="bbox 129 4523 1571 4607; baseline 0.001 -22"><span class='ocrx_word' id='word_1_525' title='bbox 129 4523 291 4606; x_wconf 91' lang='lat' dir='ltr'>diligenter</span> <span class='ocrx_word' id='word_1_526' title='bbox 303 4526 452 4606; x_wconf 88' lang='lat' dir='ltr'>ponderat</span> <span class='ocrx_word' id='word_1_527' title='bbox 466 4529 719 4606; x_wconf 88' lang='lat' dir='ltr'>praeventionem.</span> <span class='ocrx_word' id='word_1_528' title='bbox 871 4534 956 4601; x_wconf 82' lang='lat' dir='ltr'>runt3</span> <span class='ocrx_word' id='word_1_529' title='bbox 972 4528 1029 4585; x_wconf 90' lang='lat' dir='ltr'>imo</span> <span class='ocrx_word' id='word_1_530' title='bbox 1045 4525 1180 4605; x_wconf 84' lang='lat' dir='ltr'>graviter</span> <span class='ocrx_word' id='word_1_531' title='bbox 1192 4526 1223 4586; x_wconf 89' lang='lat' dir='ltr'>in</span> <span class='ocrx_word' id='word_1_532' title='bbox 1239 4546 1324 4602; x_wconf 86' lang='lat' dir='ltr'>eum,</span> <span class='ocrx_word' id='word_1_533' title='bbox 1337 4525 1425 4588; x_wconf 83' lang='lat' dir='ltr'>velut</span> <span class='ocrx_word' id='word_1_534' title='bbox 1438 4524 1571 4607; x_wconf 83' lang='lat' dir='ltr'>lapidem</span> 
     </span>
    </p>

    <p class='ocr_par' dir='ltr' id='par_1_8' title="bbox 171 4612 1571 4692">
     <span class='ocr_line' id='line_1_50' title="bbox 171 4612 1571 4692; baseline 0 -18"><span class='ocrx_word' id='word_1_535' title='bbox 171 4612 301 4674; x_wconf 87' lang='lat' dir='ltr'>Sensus:</span> <span class='ocrx_word' id='word_1_536' title='bbox 323 4613 366 4672; x_wconf 88' lang='lat' dir='ltr'>At</span> <span class='ocrx_word' id='word_1_537' title='bbox 389 4622 492 4673; x_wconf 89' lang='lat' dir='ltr'>contra</span> <span class='ocrx_word' id='word_1_538' title='bbox 513 4613 617 4688; x_wconf 78' lang='lat' dir='ltr'>Israttl,</span> <span class='ocrx_word' id='word_1_539' title='bbox 639 4612 671 4673; x_wconf 92' lang='lat' dir='ltr'>id</span> <span class='ocrx_word' id='word_1_540' title='bbox 694 4619 747 4686; x_wconf 82' lang='lat' dir='ltr'>est,</span> <span class='ocrx_word' id='word_1_541' title='bbox 769 4632 823 4691; x_wconf 92' lang='lat' dir='ltr'>po·</span> <span class='ocrx_word' id='word_1_542' title='bbox 872 4612 953 4674; x_wconf 91' lang='lat' dir='ltr'>humi</span> <span class='ocrx_word' id='word_1_543' title='bbox 965 4613 1134 4692; x_wconf 87' lang='lat' dir='ltr'>jacentem,</span> <span class='ocrx_word' id='word_1_544' title='bbox 1160 4612 1362 4687; x_wconf 83' lang='lat' dir='ltr'>offenderunt,</span> <span class='ocrx_word' id='word_1_545' title='bbox 1387 4613 1470 4675; x_wconf 90' lang='lat' dir='ltr'>male</span> <span class='ocrx_word' id='word_1_546' title='bbox 1485 4621 1516 4674; x_wconf 86' lang='lat' dir='ltr'>et</span> <span class='ocrx_word' id='word_1_547' title='bbox 1530 4615 1571 4674; x_wconf 87' lang='lat' dir='ltr'>in·</span> 
     </span>
    </p>

    <p class='ocr_par' dir='ltr' id='par_1_9' title="bbox 129 4698 1571 4784">
     <span class='ocr_line' id='line_1_51' title="bbox 129 4698 1571 4784; baseline 0.001 -24"><span class='ocrx_word' id='word_1_548' title='bbox 129 4699 222 4780; x_wconf 89' lang='lat' dir='ltr'>pulus</span> <span class='ocrx_word' id='word_1_549' title='bbox 237 4698 397 4777; x_wconf 84' lang='lat' dir='ltr'>Judaicus,</span> <span class='ocrx_word' id='word_1_550' title='bbox 420 4701 474 4781; x_wconf 92' lang='lat' dir='ltr'>qui</span> <span class='ocrx_word' id='word_1_551' title='bbox 489 4708 614 4781; x_wconf 79' lang='lat' dir='ltr'>accepta</span> <span class='ocrx_word' id='word_1_552' title='bbox 627 4700 688 4761; x_wconf 90' lang='lat' dir='ltr'>Dei</span> <span class='ocrx_word' id='word_1_553' title='bbox 710 4699 823 4775; x_wconf 81' lang='lat' dir='ltr'>notitia,</span> <span class='ocrx_word' id='word_1_554' title='bbox 872 4698 964 4780; x_wconf 89' lang='lat' dir='ltr'>digne</span> <span class='ocrx_word' id='word_1_555' title='bbox 978 4718 1046 4760; x_wconf 89' lang='lat' dir='ltr'>eum</span> <span class='ocrx_word' id='word_1_556' title='bbox 1061 4706 1238 4762; x_wconf 79' lang='lat' dir='ltr'>tractantes</span> <span class='ocrx_word' id='word_1_557' title='bbox 1260 4699 1442 4784; x_wconf 78' lang='lat' dir='ltr'>Metapbora</span> <span class='ocrx_word' id='word_1_558' title='bbox 1452 4708 1571 4782; x_wconf 79' lang='lat' dir='ltr'>sumpta</span> 
     </span>
    </p>
   </div>
   <div class='ocr_carea' id='block_1_3' title="bbox 0 0 1632 5190">
    <p class='ocr_par' dir='ltr' id='par_1_10' title="bbox 0 0 1632 5190">
     <span class='ocr_line' id='line_1_52' title="bbox 0 0 1632 5190; baseline 0 2"><span class='ocrx_word' id='word_1_559' title='bbox 0 0 1632 5190; x_wconf 95' lang='lat' dir='ltr'> </span> 
     </span>
    </p>
   </div>
  </div>
 </body>
</html>
