3254 5190
95 292 170 369 opp
512 277 532 297 ·
598 284 968 347 manupastus-ncnc.
984 288 1028 345 ιι·
1095 308 1098 313 -

92 473 203 552 partim
217 471 391 544 voluntatis,
405 476 440 529 nt
453 476 563 530 norunt
573 469 717 549 theologi.
740 464 791 538 ln·
841 478 872 529 et
883 469 989 543 Sotus3
1005 467 1059 528 sed
1070 469 1143 548 quia
1154 475 1214 528 tem
1223 466 1351 529 multico'

91 569 216 639 terpres,
224 576 364 639 quousus
373 555 562 619 estAmbros.
570 564 791 629 commentator,
840 564 874 616 nt
898 559 1004 616 merito
1027 558 1187 615 censeatur
1207 564 1289 615 totus
1311 554 1351 635 po

92 645 273 706 vocobulum
288 646 411 724 utrique
425 662 580 704 commone
601 644 734 723 elegisse
748 645 792 701 vi·
839 646 931 715 verti,
946 661 1027 723 quse
1042 643 1171 721 plurium
1185 644 1337 703 sententis

94 732 196 807 detur,
227 732 308 815 qnod
331 731 415 791 etde
433 730 618 791 hebetudine
639 731 793 791 mentiret
840 728 1003 810 quemulto
1016 729 1209 807 probabilior.
1226 730 1351 791 Nomou

94 819 132 879 dc
147 819 261 879 duritia
270 817 373 880 cordis
389 818 521 898 intelligi
535 820 642 897 possit,
660 817 730 877 duro
747 818 793 875 its
841 816 898 876 lem
905 816 1351 896 vocatquumsuproplenitudi

93 908 198 965 vertit:
229 909 313 987 Quia
329 906 451 967 obtusio
465 905 624 982 quaedam
646 923 684 967 es
697 909 792 981 ports
840 905 934 983 Atqui
958 904 1039 962 siout
1060 902 1215 981 plenitudo
1237 906 1351 983 gentiur

93 994 196 1052 Ierot'l
222 988 266 1070 (id
291 1001 339 1053 est
364 988 491 1066 Israeli)
515 993 606 1069 forto
631 999 682 1052 est.
719 990 792 1051 Jam
841 1010 900 1050 non
921 991 1069 1068 siginificat
1086 1009 1190 1049 omnes
1209 991 1340 1069 gentiles

93 1078 184 1154 illud,
200 1096 238 1141 co·
250 1088 360 1156 porte,
388 1079 510 1159 quidem
524 1078 658 1139 referunt
672 1077 711 1138 sd
725 1095 792 1137 oae-
840 1080 929 1149 tione,
946 1079 990 1135 ita
1004 1095 1060 1135 nec
1069 1075 1224 1154 plenitudo
1239 1076 1351 1137 Judeer

94 1168 229 1243 citatem3
245 1168 331 1247 qussi
343 1168 455 1226 sentiet
467 1166 640 1245 Apostolus,
655 1164 792 1225 Judseos
840 1167 905 1225 sine
917 1165 1097 1242 exceptione
1109 1162 1254 1233 Jndseos,
1271 1163 1324 1224 sed
1340 1182 1351 1222 ι

92 1274 153 1313 ιιοιι
168 1253 361 1333 simpliciter,
379 1252 431 1313 sed
447 1251 668 1333 quodammodo
684 1270 791 1312 excoe-
841 1252 1002 1332 plurimos,
1019 1252 1096 1309 sicot
1109 1253 1277 1330 expositum
1294 1258 1340 1310 est

93 1348 176 1399 cetos
192 1358 269 1401 esse.
306 1339 368 1419 Qui
390 1359 496 1401 sensns
510 1339 685 1413 islsnsest,
708 1346 739 1396 et
753 1339 793 1398 sd
885 1337 1036 1417 Quocirca
1059 1336 1225 1415 Gregorius
1248 1339 1337 1417 Papo

92 1446 155 1487 rem
170 1446 231 1488 non
250 1426 335 1487 iecit.
841 1444 932 1505 super
947 1424 1058 1483 Erech.
1076 1444 1135 1483 non
1152 1444 1271 1498 omnes,
1294 1422 1348 1485 sed

137 1512 287 1590 Quocirca
302 1533 361 1573 non
376 1510 563 1585 dubitamus,
593 1510 632 1573 ad
648 1512 792 1572 Israelem
841 1511 986 1583 Jndesis,
1008 1512 1062 1589 qui
1086 1521 1156 1571 tunc
1179 1514 1209 1571 in
1232 1508 1351 1572 infideli

92 1602 198 1660 reterri
213 1608 368 1679 oportere,
395 1607 427 1658 ut
443 1597 553 1679 planus
568 1601 707 1678 Apostoli
724 1617 792 1659 sen·
842 1600 947 1669 serint,
971 1598 1009 1656 ed
1025 1601 1229 1678 copritionem
1243 1600 1352 1658 veritat

93 1707 144 1747 sne
159 1690 213 1747 sit:
234 1688 394 1758 lsraelem,
408 1684 440 1745 id
456 1695 519 1760 est,
535 1687 679 1767 populum
693 1686 791 1745 Isrsii·
841 1685 975 1745 affirmet.
1000 1684 1123 1766 Quanta
1145 1696 1245 1746 antem
1265 1686 1351 1763 juxta

92 1776 206 1835 liticum
220 1793 282 1834 non
297 1782 393 1835 totum
408 1784 606 1833 excaecatum
621 1782 652 1833 et
667 1772 792 1833 obdura·
841 1791 908 1832 nem
922 1774 1025 1832 future
1041 1775 1080 1833 sit
1099 1772 1262 1833 multitudo
1286 1771 1351 1831 cred

92 1872 155 1921 tum
165 1881 239 1935 esse,
248 1860 301 1922 sed
309 1868 426 1941 partem
435 1861 502 1938 ejus
510 1868 636 1921 tentum.
658 1858 793 1938 Contigit
841 1870 954 1940 quante
968 1880 1028 1920 non
1045 1860 1244 1931 credentium,
1271 1859 1302 1918 id
1317 1878 1351 1918 ee

92 1947 791 2028 entemlsraiilicoecitasexpartenouexigua,
842 1947 925 2006 daeis
937 1950 1072 2027 ignotum
1083 1948 1170 2007 nobis
1181 1954 1237 2019 est,
1245 1956 1351 2025 etquer

91 2036 142 2095 vel
157 2037 315 2109 mediocri,
331 2033 385 2094 sed
399 2032 495 2093 multo
509 2036 649 2094 maxime.
677 2033 792 2094 Verum
841 2036 883 2093 Et
897 2034 955 2094 boc
979 2035 1105 2094 arbitror
1121 2034 1281 2114 Origenem
1296 2033 1348 2092 vel

91 2132 174 2182 tecet
200 2122 256 2181 boc
282 2131 314 2181 et
339 2119 514 2181 dissimulat
533 2121 715 2202 Apostolus,
745 2122 792 2180 sui
842 2121 925 2194 dicit,
940 2121 1041 2181 Deum
1054 2121 1149 2180 solnm
1162 2122 1292 2192 novisse,
1307 2128 1339 2180 et

91 2228 203 2268 memor
217 2208 362 2281 instituti,
378 2228 418 2267 ne
432 2207 483 2268 vel
498 2208 635 2269 Judseos
652 2207 791 2281 offendet,
843 2207 923 2285 ejus,
951 2217 982 2268 et
997 2211 1022 2268 si
1038 2211 1089 2287 qui
1106 2207 1183 2267 forte
1198 2209 1285 2266 amici
1300 2207 1351 2284 ajo

91 2295 141 2354 vel
156 2295 317 2373 gentilibus
336 2294 427 2355 ullam
444 2295 589 2372 praebeat
603 2314 708 2354 aussm
724 2295 792 2354 effe·
842 2303 991 2354 cretorum
1007 2296 1072 2373 ejus
1088 2296 1214 2365 conscii,
1238 2295 1304 2373 quis
1320 2294 1351 2352 sit

91 2380 177 2441 rendi
192 2401 259 2442 sese
273 2380 418 2441 adversus
430 2400 493 2441 eos.
516 2382 611 2441 Porro
623 2402 684 2441 non
696 2383 792 2442 solum
841 2382 951 2451 Israel,
978 2384 1032 2460 qui
1048 2381 1151 2441 sulvus
1167 2382 1237 2451 fiet,
1263 2379 1313 2438 vel
1329 2398 1348 2459 q

92 2488 132 2528 ex
147 2476 248 2548 perte,
277 2487 382 2528 verum
396 2487 454 2527 nec
470 2469 710 2547 inperpetuum,
740 2467 793 2527 sed
841 2466 996 2546 plenitudo
1011 2470 1154 2546 gentium,
1170 2487 1247 2547 quae
1264 2465 1351 2525 dicitu

92 2552 132 2615 od
152 2563 273 2634 tempus
295 2553 403 2614 Israiili
423 2556 595 2614 caecitatem
618 2552 791 2633 contigisse,
884 2554 976 2613 Porro
993 2557 1171 2615 sententium
1195 2554 1271 2612 banc
1285 2555 1351 2631 Apo

92 2640 182 2701 docet
209 2640 311 2701 verbis
343 2641 557 2719 sequentibus,
591 2639 701 2723 quibus
727 2638 792 2719 jam
840 2639 913 2700 dicit
927 2658 1042 2699 omnem
1058 2641 1155 2701 Israel
1169 2639 1319 2700 salvatum
1330 2643 1351 2700 ir

92 2724 217 2806 exponit
234 2727 419 2805 mysterium.
841 2727 1075 2807 interpretentur
1096 2725 1135 2786 de
1158 2736 1221 2786 toto
1245 2726 1351 2787 Israeli

134 2814 246 2874 Donec
272 2813 443 2889 plenitudo
471 2816 613 2888 pennum
643 2816 790 2872 intraret.
841 2816 893 2892 qui
908 2822 1025 2873 constat
1039 2832 1078 2873 ex
1092 2813 1223 2873 Judesis
1242 2820 1273 2872 et
1287 2822 1351 2890 gent

93 2900 216 2973 Potius,
242 2902 357 2975 intret,
390 2907 443 2960 unt
464 2903 645 2960 intraverit.
682 2900 793 2960 Potest
840 2902 895 2973 tis,
925 2900 1015 2979 qussi
1038 2918 1144 2959 sensus
1164 2903 1219 2959 sit:
1249 2899 1351 2959 Intran

92 2988 184 3045 etiam
206 2989 284 3046 verti
314 2987 489 3046 advenerit.
528 2986 659 3046 Sensus:
685 2988 792 3047 Donec
840 2987 1028 3065 plenitudine
1040 2987 1237 3064 complebitur
1248 2984 1352 3045 salust

91 3072 250 3132 multitudo
258 3074 378 3151 gentilis
386 3072 791 3153 populiexomuibusmundi
840 3073 887 3131 lis.
910 3073 999 3132 Prius
1015 3074 1092 3132 enim
1104 3072 1230 3132 credidit
1245 3074 1339 3132 Israel

91 3160 234 3237 partibus,
250 3157 412 3220 secundnm
426 3159 647 3239 praedictiones
663 3159 791 3240 prophe·
841 3166 928 3238 parte
943 3160 1061 3238 eliqua,
1076 3159 1192 3219 scilicet
1207 3163 1237 3218 in
1253 3162 1351 3239 Apost

91 3247 179 3319 ticss,
202 3245 332 3307 collecte
352 3246 443 3306 berit
458 3245 497 3306 sd
512 3246 616 3320 fidem,
636 3245 686 3307 vel
701 3249 791 3306 intrs·
841 3246 987 3306 ecclesiae
999 3246 1169 3326 primitivae
1180 3246 1327 3306 fidelibus.

91 3336 173 3392 verit
194 3334 226 3393 in
249 3333 408 3393 coclesism
429 3331 569 3394 fidelium.
608 3332 669 3412 Qui
691 3333 792 3393 donec
840 3332 959 3392 illoram
974 3330 1228 3412 praedicationem
1252 3332 1351 3392 credid

91 3436 148 3496 per
161 3427 198 3479 ut
213 3427 369 3500 exponunt
383 3420 441 3478 boc
456 3440 564 3482 seusu:
589 3420 720 3499 Propter
734 3420 792 3479 hoc
840 3419 1008 3478 multitudo.
1045 3420 1086 3478 lit
1115 3421 1158 3477 ita
1189 3418 1271 3479 selus
1296 3421 1351 3479 toti

91 3508 226 3583 permisit
240 3506 324 3567 Deus
339 3509 496 3567 excaecari
510 3505 656 3580 Judaeos,
678 3514 712 3565 ut
727 3506 790 3587 ple·
840 3506 1003 3585 spiritualis
1025 3507 1173 3584 completo
1195 3513 1250 3566 est.
1288 3506 1349 3566 Pro

92 3592 195 3652 nitudo
212 3596 346 3673 gentium
360 3592 450 3653 fidem
464 3595 631 3673 reciperet,
661 3594 790 3653 vocobu-
838 3594 1008 3673 pretatione
1018 3589 1119 3653 iecere
1130 3593 1260 3661 videtur,
1271 3592 1352 3672 qnod

92 3676 154 3739 lum
169 3678 355 3759 detorquent
370 3677 410 3739 ad
425 3681 557 3740 alienum
577 3678 788 3761 significatum.
839 3678 960 3738 dicitur:
991 3683 1080 3738 etsie
1102 3682 1204 3739 omnis
1220 3682 1326 3739 Israel
1346 3704 1351 3738 ι

137 3768 186 3826 26.
210 3768 255 3827 m
267 3770 310 3826 sic
325 3770 429 3826 omnis
451 3768 555 3826 lsroi'l
570 3769 679 3827 solone
693 3766 788 3842 lieret.
839 3785 875 3824 sc
890 3766 916 3823 si
933 3765 1029 3824 dicet:
1048 3786 1104 3844 per
1117 3767 1182 3839 hoc,
1198 3765 1277 3846 qnod
1292 3786 1351 3845 gen

90 3852 209 3914 Graece
224 3847 418 3931 σωθήσεται,
442 3854 621 3916 sulcabitur
627 3899 638 3928 ,
663 3852 712 3912 vel
727 3855 788 3913 sal·
837 3850 911 3911 tudo
927 3852 1351 3926 intrabit,fiet,uttotus1sre

91 3958 152 4000 vrrs
163 3940 226 4016 pet,
243 3942 289 3999 uti
304 3940 379 4019 legit
388 3940 519 4021 August.
532 3940 583 4000 lib.
596 3943 645 4001 20.
659 3939 697 4000 ds
709 3941 788 4000 civit.
838 3941 880 3999 Et
893 3939 1017 4018 quidem
1042 3941 1084 3999 sic
1108 3939 1295 3999 intellexisse
1317 3960 1351 4021 pt

90 4024 152 4085 Dei
173 4046 237 4107 cup.
263 4032 322 4100 29,
338 4046 393 4105 pro
416 4048 477 4107 qno
500 4028 596 4106 Syrus
620 4028 788 4107 interpres:
838 4026 938 4085 locum
961 4026 1084 4085 Hieron.
1109 4029 1139 4086 in
1163 4045 1266 4085 comm.
1293 4045 1350 4106 sup

89 4117 183 4173 niver.
221 4114 332 4174 Sensus
357 4122 417 4173 est:
444 4115 609 4193 Postquam
632 4112 788 4194 plenitudo
839 4117 965 4190 cepll.
989 4112 1041 4173 Sic
1051 4115 1129 4172 onim
1141 4113 1246 4172 babet:
1270 4115 1308 4173 Ut
1319 4133 1351 4173 nr

90 4202 225 4279 gentium
243 4202 414 4273 intraverit,
439 4210 512 4261 tunc
527 4200 624 4261 Israel
642 4202 706 4279 jem
729 4222 789 4261 non
834 4206 930 4274 iusto
945 4207 1071 4261 nostros
1084 4202 1316 4275 Jndaisontes,
1335 4202 1351 4259 i·

91 4306 129 4347 ex
143 4295 230 4367 perte
242 4287 352 4358 credet,
368 4308 406 4348 cx
417 4295 503 4367 parte
513 4306 575 4347 non
586 4288 696 4359 credet,
712 4289 790 4346 sicut
839 4288 913 4360 culi,
930 4302 1002 4345 cam
1013 4290 1187 4346 intraverit
1200 4288 1351 4363 plenitud

88 4392 176 4445 nnnc,
192 4374 246 4434 sed
262 4375 365 4447 omnis,
381 4373 478 4445 idest,
493 4382 573 4434 totns
587 4373 684 4434 Israel
698 4373 788 4434 fidem
838 4382 916 4433 tunc
930 4376 1033 4433 omnis
1050 4376 1151 4433 Israel
1173 4375 1281 4434 solens
1295 4376 1351 4451 {iot

89 4460 200 4521 Olniru
224 4460 415 4541 suscipiendo
438 4461 568 4521 salutem
591 4460 788 4541 adipiscetur3
838 4462 949 4519 omniu
965 4463 1000 4520 in
1022 4464 1130 4536 primo
1151 4464 1351 4537 intellipomu

89 4565 149 4607 non
165 4546 246 4628 qnod
266 4548 369 4608 nullus
390 4556 462 4607 tunc
482 4567 522 4608 cx
542 4546 594 4607 illo
618 4547 733 4627 populo
758 4549 789 4607 in
838 4546 979 4607 Similiter
994 4550 1119 4627 exponit
1130 4557 1217 4607 antor
1229 4549 1299 4609 libri
1313 4547 1351 4608 de

89 4632 265 4697 infidelitate
280 4636 321 4694 sit
332 4652 559 4715 permansurus,
582 4633 663 4714 qnod
679 4637 788 4695 sentire
837 4632 963 4693 natione
978 4641 1009 4692 et
1024 4636 1120 4712 grstia
1144 4632 1209 4714 (qni
1231 4635 1351 4695 hebetur

88 4718 788 4804 rldsntoriibrysostom.,Aquinas,Oujetsnus,
837 4722 911 4781 timo
938 4738 1060 4800 speram
1095 4724 1193 4781 suncti
1223 4722 1351 4803 Augusti
