3254 5190
137 277 210 344 110
665 262 1062 319 comrnrnmsncsrr.

135 451 234 504 catum
259 439 456 519 intelligatur,
479 448 560 499 certo
584 440 694 520 liquet,
718 440 769 502 vel
792 461 829 501 ex
877 441 1055 514 mentarius,
1081 439 1148 513 ubi,
1175 460 1214 501 ue
1234 448 1359 501 mortem
1380 436 1517 517 corporis
1539 455 1579 497 ex

133 532 205 611 ipsis
229 527 367 607 Apostoli
389 527 505 600 verbis,
536 528 642 608 quibus
671 527 831 608 distinguit
877 537 1001 607 peccato
1018 536 1113 587 ortam
1129 526 1218 588 fateri
1234 535 1367 606 cogatur,
1382 525 1482 586 lecum
1497 523 1581 583 bunc

134 623 289 697 peccatum
305 622 335 673 et
348 621 488 687 mortem,
500 634 577 693 quae
592 633 692 692 poena
712 617 829 695 peccati
879 615 917 674 de
930 624 1023 675 morte
1034 614 1151 673 animae
1162 613 1228 674 vult
1239 613 1376 691 intelligi,
1392 631 1485 691 quam
1496 610 1580 689 quis·

134 710 187 775 cst,
204 703 362 780 ipsumque
383 710 538 780 peccatum
555 701 694 778 justitiae
719 700 831 762 Christi
879 721 956 782 que,
979 700 1049 761 dum
1070 709 1189 778 peccat,
1216 701 1347 760 incurrit.
1377 698 1476 759 Sentit
1491 697 1581 772 enim,

134 789 274 868 opponit3
301 787 410 847 deinde
437 807 475 847 ex
507 786 685 847 Arausicani
710 788 831 848 'concilii
878 790 1005 868 primum
1018 787 1169 846 hominem
1185 786 1222 845 ab
1237 787 1321 846 initio
1337 784 1493 845 mortalem
1518 782 1579 843 lae·

135 895 199 934 can.
216 877 260 948 2.,
285 875 372 952 cujus
383 874 477 934 verba
492 875 601 954 repetit
613 873 747 953 synodus
763 876 831 934 'rri-
878 883 940 934 turn
955 875 1061 946 subse,
1077 874 1118 932 ita
1130 881 1177 946 ut,
1190 873 1256 934 sive
1267 880 1422 952 peccaret,
1437 871 1506 930 sive
1521 890 1582 930 non

135 961 256 1021 dentina
281 979 354 1021 sess.
386 961 414 1020 5.
445 980 510 1019 can.
542 965 579 1033 2.,
606 980 666 1039 quo
693 960 832 1021 definitur
879 968 1032 1040 peccaret,
1055 968 1219 1020 moreretur
1232 961 1264 1020 in
1280 978 1419 1038 corpore,
1434 977 1497 1018 non
1511 975 1582 1036 peo-

134 1047 232 1108 Adam
266 1066 320 1106 sua
353 1047 591 1125 transgressione
624 1068 685 1107 non
715 1056 831 1106 tantum
880 1049 937 1107 cati
964 1048 1078 1120 merite,
1109 1045 1161 1106 sed
1189 1049 1368 1106 necessitate
1389 1052 1533 1119 naturae3
1548 1051 1582 1103 ut

133 1143 257 1194 mortem
273 1141 304 1192 et
324 1152 436 1210 poenas
459 1133 591 1212 corporis
619 1135 649 1193 in
672 1132 832 1193 humanum
880 1133 1026 1214 loquitur,
1050 1153 1176 1192 errorem
1192 1131 1275 1191 illum
1291 1130 1512 1205 condemnans,
1526 1128 1583 1190 tti-

134 1240 229 1300 genus
240 1219 445 1292 transfudisse,
461 1219 516 1279 sed
528 1227 738 1299 etpeccatum,
750 1218 832 1298 quod
879 1220 1043 1280 levitanum
1060 1219 1217 1278 concilium
1234 1239 1297 1279 can.
1316 1223 1342 1277 1.
1363 1218 1489 1277 Etenim
1504 1236 1580 1277 mor

133 1327 212 1366 mors
235 1314 282 1366 est
307 1308 431 1365 animae.
455 1307 501 1365 Ac
517 1315 664 1385 postremo
688 1326 728 1366 ex
755 1308 832 1384 ejus·
880 1317 942 1367 tem
965 1307 1099 1386 eorporis
1122 1305 1172 1364 hic
1190 1304 1319 1384 intelligi
1334 1302 1446 1363 debere
1460 1311 1586 1365 contex-

135 1393 202 1453 dem
217 1411 289 1453 sess.
314 1412 378 1452 can.
394 1392 504 1471 5.,qno
520 1393 662 1452 asseritur
676 1413 712 1452 ac
727 1392 832 1453 defiui-
880 1403 929 1453 tus
956 1393 1150 1474 Apostolicus
1184 1392 1357 1472 planissime
1386 1391 1508 1449 evincit
1545 1388 1583 1451 Id

134 1488 197 1553 tur,
218 1478 399 1560 baptismate
415 1478 480 1538 tolli
496 1487 590 1539 toturn
604 1477 652 1549 id,
679 1478 760 1559 quod
780 1499 831 1541 ve·
880 1483 977 1560 ipsum
1008 1478 1140 1539 ostendit
1161 1479 1244 1539 locus
1267 1478 1371 1539 similis
1396 1475 1498 1537 lOor.
1517 1477 1583 1537 lb:

133 1586 196 1626 ram
215 1574 246 1627 et
259 1567 411 1646 propriam
432 1568 548 1646 peccati
570 1567 716 1626 rationem
732 1566 831 1627 habet.
881 1570 944 1628 Por
958 1569 1117 1626 bominem
1137 1585 1241 1641 mom
1265 1583 1326 1642 per·
1347 1565 1509 1624 bominem
1528 1583 1581 1624 re·

133 1652 215 1713 Hinc
237 1653 317 1712 enim
336 1649 494 1713 manifeste
516 1654 649 1732 seqnitur
674 1664 833 1732 peccatum
881 1656 1035 1715 surrectio
1048 1660 1258 1713 mortuorum.
1274 1654 1317 1713 Et
1327 1654 1408 1712 aaa
1422 1652 1458 1709 ia
1475 1651 1582 1711 Adam

134 1738 295 1819 originale,
318 1737 527 1820 quodcumqae
543 1738 663 1798 demum
687 1739 764 1798 illud
788 1741 832 1812 sit,
882 1760 989 1801 omnes
1003 1743 1203 1815 moriuntur,
1221 1743 1267 1799 ito
1284 1746 1313 1799 et
1327 1743 1364 1798 ira
1376 1738 1502 1798 Christo
1514 1757 1583 1798 om·

134 1827 307 1906 priusquam
332 1825 510 1905 baptismate
521 1825 659 1897 tollatur,
674 1847 775 1887 veram
803 1836 835 1886 et
881 1847 935 1890 aaa
961 1826 1220 1902 vivificabuntur.
1241 1827 1382 1907 Denique
1396 1824 1505 1904 probat
1531 1824 1583 1885 ills

134 1915 285 1993 propriam
300 1914 413 1991 peceati
429 1914 574 1973 rationem
589 1913 710 1973 habere.
734 1913 833 1993 Quam
882 1916 1071 1975 comminatio
1094 1914 1188 1993 primo
1206 1915 1326 1992 parenti
1344 1910 1425 1970 iacta
1447 1911 1486 1971 de
1501 1910 1584 1990 ligno

134 1999 261 2061 eandem
291 1999 455 2059 doctrinam
477 1999 578 2059 multis
600 2000 673 2059 locis
695 2000 778 2080 apud
801 2000 832 2060 S.
881 2003 988 2075 vetito,
1018 1999 1135 2061 Genea.
1169 2005 1214 2061 2.;
1245 2000 1287 2060 la
1311 2016 1512 2075 quocumque
1534 1997 1589 2058 die

133 2087 338 2166 Augustinum
351 2085 531 2165 explicatam
546 2088 687 2165 reperies.
882 2088 1053 2148 comederis
1068 2105 1106 2147 ea
1121 2106 1168 2162 eo,
1184 2094 1288 2146 morte
1302 2088 1460 2159 morieris,
1477 2083 1590 2146 videli-

178 2175 221 2234 Er
235 2192 294 2248 per
306 2180 471 2249 peccatum
491 2191 595 2247 mora,
614 2172 731 2232 seilicet
745 2175 833 2232 intra·
882 2184 981 2234 cetea
995 2181 1104 2244 morte,
1131 2174 1169 2234 de
1194 2193 1274 2254 qua,
1301 2180 1498 2253 posteaquam
1514 2191 1583 2252 pec·

133 2261 178 2320 vit
192 2262 223 2319 in
239 2259 392 2320 mundum.
403 2261 529 2319 Mortem
542 2261 673 2339 corporis
686 2258 834 2337 intelligit,
884 2268 1019 2330 caverat,
1036 2261 1064 2320 ei
1080 2259 1189 2321 dicitur
1205 2279 1270 2338 cap.
1289 2264 1333 2322 3.:
1355 2259 1470 2319 Ριιῑυίι
1494 2276 1536 2334 ee,
1560 2262 1590 2317 et

134 2367 194 2406 non
215 2347 336 2425 quidem
359 2347 450 2424 primi
470 2345 613 2420 hominis,
641 2355 675 2404 ut
698 2344 834 2406 nonnulli
884 2350 920 2406 ia
933 2346 1100 2423 pulverem
1115 2348 1292 2408 reuerteris.

133 2433 254 2506 volunt,
283 2431 337 2492 sed
363 2441 486 2493 mortem
512 2433 645 2511 eorporis
668 2434 834 2512 ingencia,
928 2435 970 2493 Et
985 2435 1031 2491 ito
1053 2436 1089 2492 ia
1112 2451 1220 2493 omnes
1242 2434 1385 2495 homines
1405 2447 1495 2491 mora
1511 2450 1590 2509 per·-

134 2520 219 2598 cujus
241 2538 331 2578 causa
353 2517 411 2578 fuir
432 2520 463 2577 in
477 2519 573 2595 primo
589 2519 716 2590 homine,
736 2538 834 2598 quem·
883 2522 1021 2580 transiit.
1056 2519 1217 2600 Tanquam
1248 2518 1342 2578 dicat:
1373 2524 1405 2577 et
1433 2518 1512 2578 haec
1541 2524 1589 2579 est

134 2604 292 2665 admodum
316 2613 347 2665 et
373 2604 411 2664 de
440 2605 567 2682 peccato
583 2604 694 2663 dictum
711 2612 764 2665 est.
783 2604 833 2662 Di·
884 2626 976 2665 causa
984 2601 1069 2685 (quia
1080 2608 1218 2665 nimirum
1231 2606 1343 2684 primns
1355 2622 1467 2683 parens
1481 2624 1588 2684 pecca·

135 2693 212 2752 citur
227 2692 307 2751 enim
320 2710 399 2750 mors
415 2693 446 2751 in
461 2690 604 2750 mundum
628 2692 757 2751 intrasse
782 2709 836 2769 per
884 2701 946 2751 tum
962 2700 992 2751 et
1006 2700 1131 2752 mortem
1147 2687 1340 2764 introduxit),
1357 2689 1441 2769 quod
1457 2691 1489 2750 in
1503 2709 1590 2752 omne

134 2786 301 2858 peccatum,
318 2778 390 2856 quia
405 2785 529 2857 peccato
547 2779 577 2836 in
591 2776 835 2837 mundumintro·
883 2797 979 2858 genus
995 2777 1155 2837 humanum
1171 2796 1250 2838 mors
1265 2777 1444 2857 pervaserit.
1467 2777 1584 2837 Notau-

135 2864 225 2924 ducto
236 2862 326 2923 simul
338 2872 369 2923 et
379 2883 457 2923 mors
469 2862 637 2922 introducta
649 2873 696 2923 est
708 2865 738 2923 iu
750 2883 834 2923 mun·
884 2863 954 2923 dum
982 2875 1027 2924 est
1053 2864 1134 2943 apud
1157 2872 1420 2924 commentatorem
1445 2863 1535 2923 Amb.
1560 2868 1591 2922 et

134 2950 213 3022 dum,
226 2950 322 3022 idest,
338 2951 369 3008 iu
385 2969 479 3029 genus
494 2950 666 3023 humanum,
681 2949 836 3029 infligente
885 2950 1043 3011 Sedulium
1072 2949 1275 3011 tautummodo
1302 2949 1380 3028 lagi:
1419 2951 1471 3010 sse
1500 2957 1530 3009 et
1556 2951 1592 3009 in

135 3056 201 3098 eam
220 3038 303 3115 justo
323 3034 428 3114 judice
451 3037 535 3108 Deo,
561 3038 613 3115 qui
638 3036 770 3098 dixerat:
794 3037 836 3095 Ira
885 3056 993 3097 omnes
1008 3039 1149 3098 homines
1161 3038 1364 3113 pertransiit,
1379 3043 1412 3094 ut
1428 3036 1480 3095 vel
1493 3054 1590 3110 mora,

136 3140 333 3201 quocumque
349 3122 400 3180 die
416 3123 587 3183 comederis
604 3142 641 3183 ex
657 3143 710 3198 eo,
733 3130 835 3182 morte
883 3121 935 3183 val
960 3130 1124 3198 peecatum
1152 3122 1311 3184 subaudiri
1337 3124 1444 3202 possit.
1472 3124 1593 3183 Eadem

134 3213 282 3270 morieris
296 3209 374 3270 Gen.
392 3212 419 3268 2.
884 3210 975 3269 lectio
987 3219 1033 3270 est
1048 3211 1212 3289 Augustini
1229 3209 1349 3290 passim,
1365 3227 1455 3289 quam
1470 3207 1590 3270 stridi-

179 3295 309 3375 Quidam
338 3304 462 3355 mortem
489 3304 647 3375 exponunt
672 3295 834 3355 mortalita·
884 3314 949 3355 mus
965 3297 995 3355 in
1011 3315 1064 3355 ms.
1089 3296 1192 3357 codice
1216 3302 1390 3376 pervetusto
1414 3295 1592 3356 monasterii

136 3391 213 3455 tem,
235 3381 343 3455 idest,
369 3381 517 3441 moriendi
536 3383 752 3442 necessitatem.
776 3380 836 3441 Sed
883 3381 1061 3442 Laudensis.
1089 3383 1130 3442 Et
1145 3382 1287 3462 quamvis
1309 3381 1456 3459 Pelagius
1477 3381 1591 3460 legisse

135 3468 368 3546 nullaesthujus
378 3469 573 3547 expositionis
584 3469 758 3541 necessitas,
770 3487 836 3526 cum
883 3466 1037 3540 videatur,
1059 3487 1146 3527 mors
1159 3469 1370 3545 pertransiit,
1396 3465 1591 3548 quemadmo-

136 3555 308 3633 simpliciter
322 3557 388 3635 ipsa
403 3574 484 3614 mors
496 3555 592 3634 possit
606 3553 744 3634 intelligi,
759 3562 794 3613 ut
808 3560 837 3612 et
883 3554 955 3614 dum
971 3562 1002 3615 et
1016 3554 1199 3630 Primasius,
1227 3554 1386 3633 Pelagiani
1407 3572 1519 3615 sensus
1534 3554 1592 3616 bne

135 3643 166 3701 in
183 3642 381 3722 sequentibus
397 3660 493 3721 usque
509 3640 548 3701 ad
563 3641 651 3701 finem
675 3640 765 3719 hujus
789 3660 836 3700 ca·
884 3642 914 3700 in
942 3641 1007 3699 loco
1029 3649 1195 3712 comestor,
1220 3640 1272 3700 alii
1293 3648 1394 3699 tamen
1417 3639 1593 3719 Pelagiani,

135 3728 215 3808 pitis.
240 3726 301 3788 Sub
319 3747 355 3787 ea
370 3738 469 3787 tamen
486 3736 517 3788 et
531 3727 697 3787 mortalitas
713 3736 744 3788 et
758 3727 836 3786 aliae
884 3745 1009 3805 quorum
1026 3728 1057 3787 in
1073 3726 1230 3788 codicibus
1246 3726 1336 3786 dictio
1351 3743 1441 3786 mora
1460 3746 1523 3787 non
1539 3744 1591 3788 ex·

136 3833 305 3875 communes
329 3815 462 3894 corporis
485 3815 623 3875 miseriae
646 3814 835 3894 comprehen·
884 3814 992 3887 stabat,
1000 3812 1340 3893 subintelligivolebant
1349 3832 1410 3872 non
1418 3821 1592 3892 peccatum,

136 3900 253 3962 duntur.
284 3901 465 3961 sicutenim
487 3899 588 3959 Adam
604 3920 659 3980 per
681 3909 836 3978 peecatum
884 3899 938 3959 sed
952 3910 1094 3975 mortem3
1116 3908 1150 3958 ut
1172 3899 1264 3959 refert
1278 3900 1475 3977 Augustinus
1490 3899 1543 3960 hb.
1559 3901 1592 3959 4.

136 4008 196 4048 non
212 3986 306 4047 solnm
324 3987 486 4047 secundum
502 3988 646 4060 animam,
669 3985 723 4046 sed
747 3987 835 4046 etiam
884 3994 989 4045 contra
1004 3986 1080 4046 duas
1096 3987 1186 4063 epist.
1204 3985 1308 4064 Pelag.
1332 4004 1399 4064 cap.
1425 3989 1471 4059 4.,
1498 3984 1592 4047 simul

135 4075 299 4135 secundnm
315 4094 425 4153 corpus
440 4076 471 4134 in
486 4073 620 4132 deterius
634 4080 765 4133 mutatus
781 4080 837 4143 est,
884 4074 1041 4132 insinuans
1071 4081 1236 4151 utrumque
1267 4071 1457 4150 subintelligi
1488 4091 1591 4152 posse.

135 4161 177 4222 ita
193 4162 224 4220 in
240 4181 343 4221 ornnes
368 4170 503 4241 posteros
527 4159 653 4219 eandem
675 4169 835 4237 utramque
884 4158 976 4238 Quod
993 4168 1023 4219 et
1038 4161 1150 4238 repetit
1165 4161 1195 4218 in
1212 4158 1345 4218 secundo
1361 4178 1455 4237 opere
1475 4160 1591 4240 scripto

135 4249 353 4327 corruptionem
368 4246 539 4308 transmisit.
554 4245 645 4324 Quod
657 4253 753 4305 totum
768 4264 835 4305 con·
884 4254 988 4306 contra
1014 4245 1038 4306 J
1040 4245 1191 4318 alianum,
1219 4245 1332 4305 citante
1355 4243 1449 4305 Beda.
1475 4245 1591 4325 Quam·

134 4342 181 4394 tra
191 4333 375 4413 Pelagianos
397 4336 463 4412 jam
479 4332 550 4392 olim
566 4332 721 4393 definitum
737 4338 837 4392 exstat
885 4352 976 4412 qnam
992 4351 1115 4391 necesse
1138 4351 1199 4391 nou
1222 4339 1283 4405 est,
1310 4332 1403 4393 etiam
1426 4342 1590 4410 peccatum

137 4421 168 4481 in
196 4421 320 4482 concilio
342 4422 529 4481 Arausicano
557 4439 621 4479 can.
648 4423 674 4479 1.
699 4428 729 4478 et
743 4420 789 4492 2.,
806 4425 836 4477 et
884 4419 932 4479 bic
947 4418 1091 4498 intelligi,
1108 4438 1175 4477 cum
1191 4419 1309 4497 peccati
1324 4420 1356 4478 in
1371 4437 1477 4478 omnes
1493 4419 1590 4480 bomi-

134 4507 252 4588 pridem
278 4508 439 4588 repetitum
453 4507 484 4566 in
511 4505 638 4565 concilio
656 4503 834 4566 Tridentino
883 4525 939 4566 nes
950 4506 1110 4565 transitum
1123 4512 1186 4563 tam
1197 4504 1423 4584 praecedentia,
1435 4524 1531 4584 quam
1543 4524 1589 4567 se·

136 4614 209 4655 sess.
227 4597 255 4656 5.
272 4614 336 4654 can.
355 4598 383 4654 1.
398 4600 429 4653 at
445 4596 472 4654 2.
884 4593 1008 4671 quentia
1020 4591 1161 4671 Apostoli
1184 4591 1279 4650 verba
1300 4590 1466 4652 manifeste
1489 4591 1590 4653 deela-

178 4681 227 4742 De
240 4680 360 4759 Pelagii
374 4679 523 4741 senmntia
537 4676 627 4739 docet
641 4678 734 4758 ipsius
756 4698 832 4738 com·
883 4686 960 4738 rent
976 4678 1056 4739 sane
1071 4675 1183 4739 Graeci
1197 4676 1318 4738 codices
1328 4686 1361 4738 et
1372 4687 1590 4741 commentato·
