3254 5190
150 313 197 379 gg
655 306 890 360 mausaraarns
907 307 938 359 ιιι
956 306 1022 360 car.
1040 288 1096 360 ιιι.’

147 481 237 541 dubie
252 481 395 562 loquens,
407 489 441 539 nt
455 482 509 541 ibi:
526 484 587 561 Qui
596 482 766 558 praedicas
777 500 844 541 aaa
893 490 1025 560 terprete
1038 481 1195 542 destituta.
1220 482 1324 561 Quare
1345 483 1373 542 si
1397 502 1436 544 ex
1452 480 1592 560 operibus

145 569 337 644 furandum,
360 571 495 645 furaris,
513 576 544 628 et
559 588 638 648 quae
652 577 827 647 sequnntur.
892 569 970 647 legis
986 570 1118 647 scriptae
1133 591 1221 630 nemo
1233 569 1374 630 Judaeus
1386 569 1591 649 justificatur3

189 653 284 726 Adde,
301 654 381 735 quod
396 676 456 714 non
468 657 591 734 opponit
599 655 763 735 Apostolus
775 675 842 714 cae·
892 664 1113 733 consequenter
1140 656 1371 736 intelligendum
1397 657 1591 736 relinquitur,

146 743 317 800 remonialia
333 741 501 812 moralibus,
529 742 583 802 sed
598 742 766 802 antithesim
784 749 842 800 sta·
890 743 985 800 multo
1001 742 1100 801 minus
1115 744 1263 821 gentilem
1274 744 1439 821 justificari
1454 761 1546 823 posse
1556 760 1592 800 ox

145 828 330 899 tuitinterid,
347 829 426 907 quod
435 838 526 890 estex
535 830 673 908 operibus
682 829 764 907 legis,
779 831 844 889 sive
892 828 1591 909 operibaslegisnaturaaquantumlibetetiam

146 915 267 993 exlege,
284 917 491 994 etperlegem3
507 915 584 991 etid,
601 916 842 997 quodestgratis,
890 916 1021 974 humano
1038 915 1140 974 studio
1163 917 1316 989 excultae,
1340 925 1371 976 et
1398 917 1590 996 quibuscum·

144 1009 235 1079 atque
252 1022 288 1060 ex
303 1001 369 1075 fida,
386 1012 415 1061 et
426 1022 479 1082 per
490 1003 594 1078 lidem3
609 1005 653 1063 uti
665 1002 753 1062 docet
764 1010 843 1061 totus
891 1023 952 1082 que
967 1001 1178 1082 philosophiae
1206 1005 1377 1083 praeceptis
1408 1002 1589 1063 elucidatae

144 1097 303 1148 contextus
319 1109 457 1168 sequens.
473 1090 534 1149 Sed
549 1111 605 1150 nec
620 1089 658 1158 id,
674 1088 754 1169 quod
766 1089 843 1148 infra
892 1088 1043 1167 Quocirca
1058 1110 1114 1148 nec
1127 1091 1304 1151 Aristotelis
1316 1092 1435 1163 Ethica,
1452 1089 1590 1170 quamvis

145 1173 274 1233 dicitur:
310 1177 425 1250 Lepcm
459 1195 532 1251 arpo
563 1178 755 1236 destruimus
781 1194 843 1251 par
890 1195 975 1234 suam
1009 1178 1134 1236 minime
1177 1177 1427 1238 contemnendam
1459 1177 1590 1237 habeant

142 1261 260 1337 fldem?
276 1263 383 1322 Absit:
403 1264 456 1323 sed
472 1264 569 1339 tepora
586 1266 773 1339 statuimas5
795 1282 840 1321 ac·
890 1263 1060 1336 utilitatem,
1077 1266 1219 1343 cuiquam
1231 1265 1364 1325 sufficere
1374 1259 1588 1344 potueruntad

143 1350 204 1426 cipi
226 1358 325 1426 potest
347 1350 385 1410 <le
408 1350 478 1429 lege
500 1349 725 1421 caeremoniali,
752 1369 841 1429 quam
889 1370 993 1409 veram
1019 1360 1048 1409 et
1076 1351 1238 1411 salutarem
1259 1353 1421 1431 justitiam.
1445 1350 1537 1411 Unde
1563 1355 1589 1408 et

141 1434 217 1494 fides
235 1434 348 1495 Christi
362 1439 549 1517 promulgata
564 1439 642 1496 tollit
656 1458 692 1497 ac
707 1436 840 1495 destruit.
888 1437 1005 1496 Paulas
1021 1437 1103 1510 alibi,
1121 1447 1182 1497 tam
1198 1439 1274 1517 legis
1289 1440 1422 1519 scriptae
1434 1456 1529 1516 qaam
1541 1456 1587 1495 na·

142 1521 220 1581 lllud
236 1542 359 1603 quoque
376 1525 480 1603 capitis
495 1527 664 1605 sequentis:
683 1526 841 1584 Lecticam
889 1525 995 1584 taralis
1012 1543 1103 1603 opera
1119 1525 1387 1604 comprehendens,
1400 1543 1588 1584 communem

140 1617 304 1685 operatur,
314 1611 461 1670 ebionim
471 1630 538 1672 aon
548 1620 592 1671 eet
602 1613 660 1687 lca,
675 1630 732 1670 nce
741 1628 841 1686 prae-
889 1610 926 1670 de
942 1615 1095 1691 utrisque,
1122 1612 1204 1693 quod
1220 1611 1258 1671 ad
1274 1612 1403 1672 salntem
1425 1612 1507 1672 nihil
1522 1629 1587 1670 corr

141 1700 317 1775 variantia,
334 1696 372 1759 de
388 1699 455 1777 lege
471 1699 573 1758 morali
585 1700 746 1780 praecipue
760 1698 840 1757 veri·
888 1697 996 1772 lerant,
1012 1698 1124 1778 profert
1140 1701 1329 1760 sententiam.
1354 1700 1406 1760 Sic
1421 1700 1503 1761 enim
1520 1697 1587 1757 scri·

140 1793 233 1845 tatem
254 1785 353 1846 habet.
384 1788 462 1847 Nam
486 1788 762 1866 praevaricationes
777 1786 840 1865 ple·
888 1787 934 1846 bit
949 1787 1091 1847 Judaeus
1107 1788 1172 1866 ipse
1188 1787 1227 1847 ad
1242 1789 1348 1849 Titum
1364 1786 1510 1864 gentilem
1526 1803 1587 1864 cap.
1621 1798 1626 1807 ·

141 1892 257 1951 raeque
274 1894 376 1935 omnes
393 1886 465 1936 sunt
480 1887 585 1936 contra
600 1877 683 1954 leges
699 1875 838 1936 morales.
889 1878 917 1936 3.
935 1878 1008 1936 Noa
1026 1896 1064 1937 ca
1079 1876 1227 1952 operibat
1237 1878 1394 1950 justitiae,
1412 1893 1496 1951 ‹puac
1509 1874 1586 1951 feci·
1621 1884 1624 1895 '

140 1959 240 2037 Igitur
254 1961 310 2021 hoc
326 1965 392 2024 loco
407 1964 458 2024 vel
473 1964 572 2044 legem
587 1963 728 2024 moralem
753 1983 840 2041 opor-
888 1983 959 2023 mas
974 1983 1042 2039 nos,
1058 1965 1291 2024 sedecennalem
1304 1981 1398 2023 suam
1408 1964 1587 2021 misericor·
1622 1976 1625 1981 '

141 2054 186 2104 tet
203 2048 350 2128 intelligi,
374 2052 424 2112 vel
448 2061 530 2112 certe
552 2052 649 2131 legem
666 2053 839 2110 universam
889 2052 977 2110 dia-m
993 2053 1099 2112 salvos
1113 2070 1172 2113 aas
1185 2053 1270 2128 fecit.

140 2133 248 2207 Mosis,
271 2137 397 2197 moralia
427 2140 517 2197 simul
547 2145 578 2197 et
607 2136 841 2197 caeremonialia
932 2136 1060 2198 Videtur
1072 2147 1172 2198 autem
1187 2138 1246 2198 hoc
1259 2139 1326 2197 loco
1342 2145 1374 2198 et
1385 2135 1535 2215 deinceps
1540 2135 1585 2213 ju·
1620 2149 1626 2159 ·

141 2222 398 2298 ccrmplectentem.
423 2227 501 2284 Nam
518 2246 536 2283 a
551 2234 615 2285 tota
632 2224 701 2304 lege
717 2226 779 2283 vim
791 2226 840 2302 ju·
890 2225 1012 2285 stificari
1028 2244 1081 2284 seu
1093 2225 1271 2305 justificatio
1286 2221 1470 2304 generaliter
1484 2220 1586 2300 accipi,
1619 2234 1626 2247 '·

141 2307 293 2372 stificandi
319 2333 473 2373 removere
500 2312 568 2370 vult
588 2312 763 2390 Apostolus.
798 2311 841 2369 Et
889 2331 951 2392 qua
965 2313 1104 2371 nimirum
1120 2314 1189 2393 quis
1205 2312 1254 2372 vel
1271 2329 1310 2371 ex
1327 2311 1419 2389 impio
1435 2308 1585 2388 fitjustm,

141 2395 185 2452 sic
201 2396 357 2460 intellecta
369 2400 520 2459 sententia
532 2401 630 2478 magis
643 2398 681 2458 ad
695 2399 839 2458 amussim
888 2400 939 2457 vel
955 2399 986 2456 in
1002 2397 1112 2478 adepta
1130 2401 1252 2478 justitia
1274 2396 1475 2478 progreditur.
1498 2394 1586 2454 Prinr
1626 2424 1627 2442 ι

118 2479 121 2489 ’
141 2484 285 2546 convenit
300 2507 367 2546 cnm
385 2506 429 2558 ea,
446 2505 526 2565 quae
543 2495 590 2547 est
605 2485 643 2544 ad
660 2483 728 2545 Gal.
747 2490 774 2546 2.
890 2486 1073 2564 acceptionis
1088 2485 1251 2545 membrum
1265 2504 1304 2544 ex
1316 2481 1586 2563 sequentibusmt·

184 2566 350 2634 Praeterea
365 2571 530 2632 notandum
548 2582 595 2632 est
610 2592 686 2650 opus
702 2572 777 2650 legis
797 2570 840 2630 bi·
889 2570 1033 2631 niiestnm
1048 2581 1103 2644 est,
1119 2574 1247 2632 maxime
1262 2591 1300 2631 ex
1315 2590 1359 2644 eo,
1376 2568 1462 2649 qnod
1477 2567 1586 2629 dicitur
1623 2599 1627 2618 ε

140 2649 249 2712 fariam
277 2661 370 2735 sqmi:
402 2659 451 2718 vel
477 2678 530 2738 pro
557 2678 665 2737 opere,
693 2657 775 2737 qnod
791 2657 840 2716 lex
890 2660 989 2737 eapite
1005 2661 1161 2737 sequenti:
1193 2659 1392 2720 Credentiirt
1416 2675 1508 2729 cum,
1534 2653 1585 2730 qui
1619 2696 1622 2707 .

140 2740 331 2819 praescribit,
348 2743 439 2824 quale
454 2764 530 2822 opus
546 2764 619 2804 vere
642 2745 754 2805 bonum
776 2753 839 2818 est;
884 2744 1043 2819 justificat
1059 2748 1213 2821 impiam,
1230 2751 1401 2821 reputatur
1429 2743 1508 2820 {ider
1524 2745 1585 2815 ejus
1617 2772 1622 2797 ι

141 2822 179 2882 du
195 2846 256 2903 quo
274 2853 338 2912 cap.
363 2834 392 2891 2.
415 2832 567 2890 Factorcs
591 2833 666 2904 lepis
683 2831 840 2906 justifica·
888 2832 1120 2904 adjustitiam.
1144 2832 1325 2892 Posterioris
1345 2838 1447 2889 antem
1462 2825 1585 2888 membri
1622 2834 1625 2839 ’

141 2908 281 2978 buntur:
307 2918 356 2979 vel
371 2938 425 2997 pro
441 2937 548 2995 opere,
565 2916 646 2996 quod
659 2918 694 2975 fit
709 2938 747 2976 ex
762 2916 840 2996 lege,
883 2916 1064 2996 justificatio
1080 2917 1140 2978 hrit
1155 2938 1200 2992 ea,
1216 2936 1296 2997 quae
1311 2915 1424 2976 ibidem
1447 2913 1585 2976 Abrahae
1620 2920 1623 2925 ’

142 2994 173 3054 id
190 3015 245 3078 est,
262 3026 300 3073 ex
316 3006 380 3065 sola
394 3005 471 3084 legis
487 3005 666 3084 cognitione,
684 3012 715 3065 et
729 3024 791 3064 non
802 3022 839 3063 ex
888 3004 1030 3064 tribuitur
1045 3024 1083 3065 ex
1096 3004 1170 3065 fide:
1187 3013 1221 3063 nt
1236 3006 1287 3083 qui
1299 3004 1364 3081 jam
1376 3011 1448 3061 ante
1464 3006 1532 3061 erat
1539 3000 1584 3077 ja·

142 3082 210 3150 fide.
234 3093 304 3170 Quo
331 3093 491 3170 posteriori
513 3090 601 3151 modo
627 3091 764 3168 loquitur
790 3088 839 3148 hic
887 3100 962 3150 stus.
987 3088 1087 3170 Quem
1102 3100 1264 3170 utrumqne
1276 3088 1506 3169 justificationis
1528 3104 1583 3145 mo·
1617 3114 1626 3125 ·

141 3168 258 3237 Paulus
274 3177 312 3238 de
328 3177 470 3259 operibus
486 3178 572 3257 legis,
590 3197 625 3236 ea
637 3177 779 3236 nimirum
795 3177 837 3235 in·
886 3177 956 3237 dnm
972 3178 1132 3238 observare
1148 3186 1196 3239 est
1222 3178 1311 3237 etiam
1335 3172 1415 3254 apud
1437 3171 1584 3235 Jmobon

144 3264 287 3344 telligcns
312 3285 392 3345 quae
408 3266 477 3343 quis
494 3264 571 3325 facit
585 3263 651 3323 sola
666 3263 735 3340 lege
751 3262 837 3341 adju·
886 3263 1067 3343 Apostolum
1083 3284 1148 3342 cap.
1159 3267 1186 3322 2.
1199 3263 1300 3342 Igitur
1310 3280 1396 3322 mens
1408 3269 1439 3321 et
1451 3259 1584 3345 tioctriuu
1625 3303 1627 3310 .

143 3362 202 3425 tus.
220 3349 398 3429 cujusmodi
415 3360 515 3423 erant,
543 3371 622 3430 qnae
637 3349 794 3409 faciehant
808 3357 839 3407 et
884 3350 975 3408 Panli
992 3358 1046 3422 est,
1058 3369 1097 3410 ex
1109 3351 1249 3430 operibus
1260 3350 1339 3429 legis
1350 3347 1583 3427 nequeprimam
1622 3355 1625 3369 '

143 3438 242 3496 adhuc
257 3438 373 3500 iaciunt
387 3436 518 3510 Judaei,
544 3459 605 3497 non
625 3437 837 3496 existimantes
886 3436 1015 3497 obtineri
1036 3456 1125 3514 posse
1144 3437 1296 3514 justitiam
1319 3454 1385 3495 cum
1405 3432 1581 3494 remissione

142 3527 270 3602 gratiam
286 3526 482 3603 redemptoris
506 3524 545 3584 ad
566 3526 652 3604 juste
673 3523 837 3582 vivendum
885 3531 1094 3602 peccatorum3
1129 3542 1231 3602 neque
1260 3522 1413 3601 justitiam
1451 3519 1583 3580 habitem

142 3610 201 3669 sibi
232 3631 301 3671 esso
337 3612 550 3672 necessariam.
592 3610 837 3690 Qualiscumque
886 3609 1073 3679 conservari,
1100 3610 1218 3688 augeri,
1246 3608 1370 3687 perlici3
1396 3625 1498 3686 neque
1512 3623 1583 3665 vero
1619 3638 1622 3643 ·

141 3699 222 3758 enim
240 3717 277 3758 ea
300 3699 374 3769 sint,
402 3696 440 3756 ad
463 3719 565 3758 veram
584 3698 738 3777 justitiam
761 3695 838 3754 nihil
885 3704 1031 3775 tanquam
1069 3715 1106 3755 ex
1135 3696 1255 3755 actibus
1281 3694 1439 3772 justitiae,
1469 3693 1584 3771 justum
1620 3712 1625 3729 ³

141 3782 320 3844 conducant.
348 3785 416 3843 Hoc
440 3786 555 3864 quippe
578 3793 625 3844 est
640 3804 677 3843 ex
692 3782 836 3860 operibus
867 3857 869 3860 ι
885 3783 1056 3863 quempiam
1071 3781 1152 3862 apud
1167 3783 1267 3841 Deum
1282 3780 1426 3858 reputari.

140 3869 218 3948 legis
234 3874 382 3931 neminem
393 3872 558 3949 justificari
575 3891 675 3930 coram
690 3870 767 3928 Deo.
783 3868 837 3929 Sic
930 3872 993 3929 Per
1008 3869 1106 3944 leqcm
1123 3872 1205 3928 caim
1223 3871 1361 3944 capititio
1375 3867 1509 3942 pcccati.
1535 3864 1583 3924 In·
1626 3923 1627 3933 ,

140 3977 232 4036 opera
252 3958 330 4037 legis
351 3960 475 4035 exponit
490 3959 681 4036 Augustinus
704 3955 836 4033 complu·
885 3954 989 4034 telligo
1013 3956 1166 4015 exclusive
1195 3955 1253 4014 hoc
1276 3973 1384 4013 sensu:
1398 3952 1468 4013 Lex
1491 3950 1583 4012 solam

139 4044 224 4103 ribus
240 4044 331 4116 locis,
347 4053 381 4102 ut
396 4044 449 4103 lib.
467 4047 506 4106 de
521 4047 591 4123 spir.
608 4053 637 4104 et
651 4043 697 4102 lit.
714 4063 779 4119 cap.
797 4043 835 4112 8.,
884 4050 1019 4120 praestat
1034 4053 1066 4101 et
1082 4043 1189 4121 ingerit
1213 4039 1395 4120 agendorum
1416 4046 1448 4098 et
1470 4036 1583 4118 lugien-

140 4130 178 4190 de
201 4133 299 4209 gratia
323 4141 353 4190 ct
373 4131 424 4191 lib.
448 4132 509 4191 arb.
534 4153 600 4211 cap.
626 4133 674 4190 12.
692 4138 723 4188 et
737 4128 788 4189 lib.
807 4129 835 4187 3.
884 4127 988 4188 dorum
1003 4129 1154 4201 notitiam,
1178 4128 1248 4187 dnm
1263 4128 1323 4187 alia
1336 4125 1501 4205 praecipit,
1524 4124 1583 4184 alia
1624 4187 1627 4190 Α

139 4227 243 4277 contra
258 4221 287 4276 2.
304 4220 392 4296 epist.
408 4218 512 4297 Pelag.
529 4238 595 4298 cap.
612 4216 835 4294 i.ltemH11go
884 4215 1032 4294 prohibet.
1050 4214 1139 4292 Quod
1155 4211 1583 4293 animlegeprohibetur,pec·
1623 4240 1626 4247 ·

138 4315 256 4383 quaest.
274 4308 324 4365 82.
341 4314 371 4363 et
386 4305 437 4363 83.
886 4310 985 4361 catum
1002 4311 1057 4361 est.
1074 4300 1143 4360 Non
1160 4321 1230 4380 ergo
1246 4301 1421 4380 perlegam,
1436 4315 1583 4378 nequeex
1623 4324 1626 4329 ·

182 4391 272 4470 Quod
289 4393 313 4450 si
330 4391 381 4450 lex
396 4412 414 4449 a
429 4393 496 4450 Deo
509 4390 589 4461 data,
602 4398 744 4469 tanquam
756 4388 835 4467 legis
884 4388 1024 4468 operibus
1040 4388 1115 4467 legis
1131 4398 1177 4447 est
1188 4388 1376 4465 justificatio,
1403 4405 1464 4465 qua
1479 4404 1583 4463 pecca·
1620 4420 1623 4425 ·

137 4480 282 4538 naturalis
299 4498 354 4557 per
369 4485 526 4557 peccatum
543 4476 722 4536 obscuratae
744 4495 834 4554 quae·
883 4482 945 4534 tum
961 4474 1075 4534 tollitur
1090 4483 1122 4532 et
1135 4474 1187 4534 lex
1210 4475 1391 4534 observatur.
1415 4471 1519 4532 Sermo
1540 4476 1584 4530 est

137 4564 205 4624 clam
222 4567 380 4643 interpres,
393 4563 547 4644 explicans
557 4582 666 4623 earnac
676 4581 835 4635 renovans,
884 4560 923 4621 de
938 4561 1041 4622 eadem
1057 4560 1141 4639 lege,
1164 4560 1203 4621 de
1218 4581 1278 4640 qua
1293 4578 1399 4639 snpra,
1423 4557 1455 4618 id
1470 4567 1532 4630 est,
1546 4554 1583 4617 ele

133 4653 285 4731 justitiam
301 4660 456 4731 praestaro
473 4673 532 4712 non
543 4652 659 4731 potnit:
675 4649 770 4708 multo
783 4651 835 4708 mi·
886 4648 954 4728 lege
971 4650 1081 4727 scripta
1096 4649 1163 4706 sive
1179 4648 1323 4707 Mosaios.
1346 4647 1425 4706 Nam
1448 4664 1500 4720 ea,
1525 4662 1583 4725 qna

139 4758 199 4799 nus
215 4739 246 4799 id
261 4747 361 4819 potest
376 4736 441 4798 sola
457 4737 509 4799 lex
522 4737 684 4809 natnmlis,
714 4735 769 4794 tali
793 4737 837 4796 in·
883 4744 970 4816 parte
980 4734 1101 4796 moralis
1113 4741 1166 4808 ost,
1175 4741 1334 4814 peecatum
1341 4730 1493 4793 ostendite
1507 4731 1585 4792 siout
