3254 5190
367 278 829 337 nurouurmcouruuos.
865 279 950 334 rsus.
971 281 1009 333 ιε.
1332 285 1406 357 402

71 476 93 517 u
103 457 231 519 ecclesia
242 457 421 537 permissum
431 457 495 530 init,
509 468 545 519 ut
559 457 658 519 tidelis
708 455 835 519 dicitur:
858 458 907 519 De
922 455 1099 533 viminibus
1109 461 1319 532 praeceptum
1334 455 1404 516 Do·

71 561 125 618 ,rom
153 542 316 616 infidelem,
347 545 394 603 oui
423 547 454 605 iu
482 545 659 625 paganismo
708 546 790 605 mini
811 563 879 605 non
900 543 1016 618 babeo,
1039 541 1208 603 comitium
1230 549 1338 602 autem
1353 540 1405 602 do.

71 637 145 689 :ctus
166 629 278 702 inerat,
301 628 419 710 absque
440 631 595 711 religionis
617 631 659 691 in·
708 631 809 711 Atque
830 629 898 691 ideo
921 650 981 691 non
1002 629 1062 691 ait:
1090 628 1228 691 essuri:
1250 645 1305 704 epo
1329 625 1407 701 dixi,

71 734 246 777 ummanere
260 716 427 791 volentem,
449 737 516 779 ase
530 717 658 779 dimitte
709 718 848 797 quamvis
863 716 1017 796 superiora
1039 715 1218 794 respiciens,
1240 713 1296 775 sed
1318 713 1405 777 dieo:

71 800 157 881 Quod
186 803 211 862 si
240 803 389 874 licuisset,
423 804 467 865 uti
496 803 661 884 prudenter
708 803 924 883 quianimirum
932 801 1031 863 adhuc
1043 800 1082 862 de
1093 798 1198 861 iisdem
1209 799 1342 861 dicturus
1350 807 1404 861 est.

72 887 215 967 hylaotur
238 897 269 950 et
285 887 486 951 Oeonmenius
507 899 660 963 annotant,
751 889 844 950 Hunc
873 908 993 949 sensum
1026 895 1120 968 atque
1153 886 1403 948 commotionem

71 995 149 1050 :num
164 975 427 1055 reprehensionem
444 978 581 1040 venisset
594 976 661 1037 reli·
708 975 824 1036 indicat
835 973 966 1036 Tertulh
982 973 1034 1036 lib.
1046 973 1086 1035 de
1097 972 1213 1033 exhort
1226 974 1323 1034 cutit
1340 992 1407 1054 cap.

71 1062 218 1135 uictisne,
240 1082 294 1141 per
316 1081 407 1143 quem
427 1065 569 1143 conjugia
586 1063 661 1143 legi·
709 1063 738 1122 3.
755 1072 787 1124 et
800 1061 850 1122 lib.
867 1060 905 1121 de
917 1080 1035 1140 monog.
1046 1081 1112 1140 cap.
1128 1060 1159 1121 3.
1181 1057 1291 1121 'ihadit
1304 1067 1406 1121 autem

71 1156 215 1210 untraota
240 1157 302 1209 tarn
326 1148 414 1209 facile
443 1149 661 1221 dirimerentur,
710 1156 742 1209 et
756 1146 853 1209 solide
875 1148 986 1227 prohat
999 1148 1076 1209 inter
1096 1147 1265 1209 neotericos
1280 1144 1407 1207 Ambro-

72 1254 114 1295 ne
140 1235 228 1314 grnvi
256 1234 481 1315 perturbatione
507 1237 661 1298 societatis
710 1234 972 1306 siusCathariuus,
987 1232 1275 1312 suffraganteetiam
1283 1232 1407 1295 Joanne

72 1340 123 1381 ae
148 1320 340 1403 Quapropter
353 1322 462 1402 etipse
472 1322 661 1402 Augustinus
709 1321 853 1383 Hesselio
874 1329 1071 1402 praeceptore
1093 1340 1177 1394 meo,
1198 1327 1231 1381 et
1250 1318 1320 1380 aliis
1334 1338 1406 1380 non·

72 1416 128 1469 rtsr
143 1408 281 1482 inculcat,
297 1409 363 1481 hoo,
379 1406 460 1488 quod
471 1408 586 1470 licitum
602 1409 662 1470 dici
710 1407 811 1469 nullis.
834 1408 903 1469 Hoc
919 1428 1000 1487 ergo,
1015 1407 1099 1488 quod
1111 1408 1248 1487 seqnitur
1259 1406 1298 1467 de
1312 1404 1407 1467 treus

72 1502 166 1573 putet,
181 1514 240 1555 uon
256 1503 355 1555 tamen
371 1494 524 1575 expedire.
554 1495 662 1557 Sedet
710 1514 835 1556 uxorem
855 1494 988 1557 habente
1011 1492 1176 1567 infidelem,
1203 1511 1314 1555 norum
1335 1499 1408 1554 eta

83 1587 204 1640 reusct.
229 1601 294 1662 esp.
310 1581 360 1641 67.
376 1580 502 1655 fatetur,
529 1603 562 1644 se
577 1584 609 1643 in
625 1600 661 1642 eo
710 1581 858 1661 superiori
870 1580 1020 1645 diversum
1031 1589 1240 1661 argumentum
1250 1586 1313 1640 est:
1326 1587 1405 1639 eate-

78 1665 163 1746 quod
176 1666 213 1727 de
221 1666 397 1729 adulterinis
406 1669 555 1749 conjugiis
568 1671 660 1749 scrip·
710 1689 767 1730 nus
782 1676 883 1728 tamen
897 1668 1060 1730 cohaerens
1074 1667 1149 1741 illis,
1173 1686 1254 1748 quse
1275 1665 1354 1727 dixit
1368 1664 1409 1728 de

72 1773 102 1813 ru
119 1755 295 1833 pervenisse
311 1753 350 1814 sd
365 1750 529 1833 perfectam
552 1753 661 1817 enoda·
710 1755 841 1833 conjuge
864 1775 925 1817 nou
954 1752 1147 1828 dimittendo,
1177 1754 1249 1834 qnia
1273 1753 1408 1814 continet

89 1842 287 1919 quaestionis,
303 1861 394 1920 quem
410 1841 452 1901 ibi
466 1845 617 1904 mactavit
709 1840 892 1921 peculiarem
906 1861 1023 1914 omnm,
1045 1859 1105 1922 quo
1121 1841 1217 1920 possit
1238 1839 1350 1919 conjux
1364 1837 1407 1899 di·

72 1944 106 1985 nr
131 1926 185 1987 alii
211 1934 349 1989 coeteros
374 1926 498 2007 quidem
521 1931 661 1990 similiter
709 1929 801 1999 mitti,
816 1947 877 1987 uon
892 1926 1031 1989 obstante
1047 1928 1168 1988 Domini
1186 1934 1362 2006 praecepto.

72 2032 137 2072 ores
154 2021 324 2092 exponunt,
348 2013 404 2074 sed
419 2014 476 2076 hoc
489 2035 580 2078 sensu
594 2035 660 2076 vcr-
752 2012 942 2085 Notandum,
968 2012 1050 2094 quod
1076 2013 1242 2093 Apostolus
1266 2013 1324 2085 uit,
1351 2029 1407 2089 cao

83 2098 239 2179 Apostoli:
263 2099 400 2162 (laeteris
423 2120 481 2181 ego
502 2102 662 2184 praecipio,
709 2102 791 2175 dieo,
804 2121 864 2161 non
877 2098 1206 2180 cumdicereaseipso,
1218 2099 1405 2161 seddootum

73 2192 110 2245 :et
124 2187 286 2248 autoritate
309 2186 491 2267 apostolice,
513 2189 585 2251 lieet
598 2191 661 2250 Do·
710 2196 740 2248 st
754 2194 866 2247 motum
879 2207 897 2246 ε
912 2187 1019 2267 spiritu
1034 2185 1144 2249 divino.
1167 2185 1312 2266 Quamvis
1328 2185 1408 2247 onim

75 2291 138 2332 uon
152 2274 345 2354 praeceperit
382 2274 453 2335 Nou
476 2277 556 2336 euim
572 2276 610 2338 de
624 2297 662 2337 ea
709 2280 902 2354 praeceptum
924 2274 1047 2333 Domini
1070 2292 1128 2334 non
1152 2280 1232 2333 esset
1254 2272 1302 2345 id,
1326 2270 1408 2353 quod

73 2366 149 2419 :tare
184 2361 305 2422 videtur
342 2380 518 2441 expressum
548 2361 662 2424 Christi
709 2359 790 2435 dicit,
805 2358 963 2420 consilium
978 2367 1080 2421 tamen
1094 2360 1215 2419 Domini
1230 2367 1305 2432 eret,
1321 2367 1353 2419 et
1367 2356 1408 2419 ed

73 2453 168 2526 ptum.
206 2447 255 2508 Ita
269 2445 333 2507 iere
348 2447 460 2510 Graeci
482 2458 661 2510 commenta·
708 2445 783 2508 illud
805 2444 1032 2526 proponendum
1053 2467 1073 2506 n
1087 2445 1202 2525 Spiritu
1223 2446 1285 2507 Dei
1310 2464 1407 2506 move·

79 2542 112 2594 et
126 2532 205 2594 inter
220 2535 347 2595 Latinos
362 2535 524 2614 scriptores
538 2536 660 2596 Hieron.
708 2533 804 2594 betur.
841 2531 931 2596 Unde
946 2540 1055 2613 postea
1069 2530 1107 2593 de
1121 2531 1290 2612 virginibus
1312 2550 1407 2612 egeus

77 2618 225 2680 adversus
239 2620 264 2683 J
264 2623 344 2681 ovin.
367 2642 433 2702 cap.
449 2625 478 2684 5.
495 2632 524 2683 et
539 2624 567 2683 6.
589 2623 661 2684 item
708 2622 750 2681 ita
764 2619 883 2681 scribit:
912 2620 1087 2682 Consilium
1101 2619 1154 2696 do,
1171 2626 1328 2696 tunquam
1343 2620 1406 2679 mi·

79 2750 88 2778 ,
112 2703 280 2785 cajetanus
296 2714 326 2767 et
340 2700 515 2786 Gaignaeus
535 2711 568 2770 in
582 2729 659 2770 com·
709 2707 915 2768 amcordium
936 2713 1134 2782 consecutus,
1157 2713 1194 2767 ut
1214 2709 1274 2768 sim
1294 2705 1406 2783 tidelis.

76 2792 139 2853 Sed
151 2801 182 2854 et
192 2793 270 2855 hunc
283 2797 501 2874 expositionem
514 2796 659 2877 improba·
708 2794 752 2855 s:
766 2791 806 2854 de
819 2793 912 2854 vidue
934 2812 1002 2853 cum
1025 2791 1163 2854 dixisset:
1178 2795 1312 2855 Beatior·
1333 2795 1405 2868 seit,

79 2880 197 2958 arguit,
224 2879 306 2961 quod
329 2882 533 2961 superioribus
559 2883 661 2946 verbis
708 2883 736 2942 si
764 2883 808 2941 sic
834 2883 1064 2957 permanserit,
1099 2880 1271 2941 :turudum
1300 2898 1406 2941 sucum

73 2966 244 3046 significatio
271 2976 332 3043 est,
357 2969 536 3048 Apostolum
563 2969 601 3032 de
623 2971 661 3030 iis
709 2968 887 3042 consilium,
905 2967 1061 3046 adjunxit:
1077 2969 1161 3028 Puto
1177 2974 1284 3029 cuum
1293 3010 1304 3041 ,
1320 2965 1406 3045 quod

73 3053 193 3132 :loqni,
217 3055 269 3134 qui
292 3055 378 3115 umbo
404 3057 465 3115 sint
480 3054 660 3117 Christiani:
710 3061 740 3115 et
754 3055 983 3131 susspirttsm
997 3055 1060 3114 Dei
1079 3054 1221 3115 babeam.
1258 3051 1307 3113 Ad
1327 3052 1407 3115 hune

81 3141 159 3199 ratio
176 3150 230 3213 est,
247 3161 299 3201 our
315 3141 354 3202 ed
365 3162 416 3202 eos
432 3142 512 3202 solos
523 3142 661 3225 Apostoli
709 3142 773 3202 fere
787 3139 907 3201 modum
918 3141 1048 3220 August
1064 3140 1116 3201 lib.
1131 3145 1159 3201 1.
1174 3140 1213 3202 de
1229 3139 1406 3202 adulterinis

77 3226 282 3287 contrahetur.
710 3227 859 3307 conjugiis
874 3246 937 3308 cap.
957 3229 1006 3287 18.

87 3315 194 3393 itaque
215 3316 303 3375 tertis
325 3335 361 3375 sc
387 3317 487 3376 verior
503 3315 660 3394 expositio,
752 3316 788 3376 st
809 3317 880 3390 quir
899 3315 1006 3392 [rator
1026 3330 1157 3375 uxorem
1180 3313 1273 3375 hehet
1288 3313 1405 3391 iulide·

74 3419 105 3463 os
120 3400 159 3460 ad
175 3403 331 3483 superiora
341 3402 455 3475 referri,
470 3411 563 3483 atque
577 3402 660 3461 intel·
710 3403 782 3477 lem,
800 3401 914 3461 ethaeo
926 3402 1082 3461 conseruit
1092 3400 1236 3461 habitare
1250 3419 1320 3463 cum
1336 3401 1405 3477 illo,

74 3489 296 3569 nconjugntoe.
332 3490 410 3549 Nam
432 3488 470 3550 de
491 3489 662 3568 conjugatis
710 3507 777 3550 non
793 3488 935 3548 dimittet
949 3488 1049 3548 illum.
1071 3486 1273 3548 Rescrihitde
1286 3488 1405 3568 impari·

74 3594 100 3635 re
121 3584 224 3654 egerat
246 3574 366 3637 dicens:
389 3579 444 3650 iis,
467 3580 524 3653 qui
545 3578 662 3636 metri-
709 3577 766 3637 bus
780 3574 941 3655 conjugiis.
978 3574 1056 3634 Nam
1076 3571 1166 3635 etde
1189 3573 1225 3634 iis
1245 3574 1407 3636 verisimile

85 3665 193 3736 Juncti
213 3671 303 3738 sunt,
325 3666 490 3740 praecipio
510 3681 577 3724 nou
593 3680 660 3738 eqo,
711 3669 849 3722 osteum
874 3682 893 3721 a
913 3658 1077 3722 Corinthiis
1106 3659 1277 3722 consultum
1303 3660 1406 3723 tuisse.

74 3751 197 3809 ominus.
221 3747 312 3829 Quod
329 3769 402 3828 ergo
417 3749 464 3811 hic
477 3750 564 3811 dicit:
581 3751 661 3813 an-
710 3751 837 3822 Frotcr,
852 3747 884 3808 id
899 3756 945 3808 est
959 3747 1074 3820 tidelis,
1091 3744 1295 3820 Christianus,
1309 3746 1406 3826 bapti·

74 3853 119 3911 uo
142 3836 231 3912 dico,
255 3856 322 3898 nou
338 3839 515 3913 Dominus,
539 3836 661 3898 deuon
710 3845 803 3896 setus.
820 3835 997 3912 Iulidem,
1010 3833 1040 3894 id
1049 3842 1105 3906 est,
1115 3852 1176 3894 non
1184 3831 1406 3895 Christianam:

74 3923 136 3982 ⁴atis
149 3924 246 4003 accipi
261 3923 360 3996 dehet,
374 3933 410 3984 ut
420 3933 538 3986 constet
553 3922 659 3986 edver-
710 3923 758 3983 cui
773 3921 888 3982 scilicet
902 3922 968 4001 ipse
982 3923 1013 3981 iu
1028 3919 1205 3983 infidelitate
1223 3919 1322 3980 iuerat
1336 3940 1403 3981 con·

74 4029 197 4070 isermo.
221 4011 355 4091 Respicit
365 4020 465 4070 autem
477 4010 514 4070 ad
528 4008 568 4084 id,
579 4009 661 4092 quod
705 4009 839 4089 junctus.
862 4006 1051 4070 eonsensum
1065 4015 1165 4067 nutem
1177 4006 1407 4069 cohabitationis

75 4105 101 4156 t:
116 4098 199 4158 Dico
215 4117 283 4159 nou
297 4100 407 4173 nuptis
423 4104 452 4157 et
467 4098 588 4172 uiduis,
604 4098 660 4158 ho·
710 4096 861 4176 intellige,
885 4095 970 4156 selvo
993 4094 1146 4174 religionis
1170 4095 1298 4168 honore,
1322 4102 1352 4154 st
1373 4103 1408 4157 nt

75 4184 198 4259 stillis,
215 4187 241 4245 si
256 4188 534 4260 sicpcrmuucant.
571 4183 661 4246 Unde
709 4183 771 4242 dici
796 4183 885 4256 solet,
912 4183 987 4243 citre
1012 4181 1222 4243 coutumeliam
1248 4182 1407 4242 urruns:

75 4270 121 4330 llic
136 4269 236 4333 dicere
252 4292 311 4332 uon
334 4280 379 4331 est
393 4272 584 4352 praecipere,
606 4269 661 4332 sed
709 4277 835 4335 extensa
849 4278 950 4331 tamen
966 4269 1022 4329 hcc
1044 4268 1196 4329 locutione
1218 4269 1258 4330 ad
1273 4267 1407 4349 quamvis

75 4357 170 4419 habet
191 4359 439 4438 significationem
457 4359 662 4438 suggestionis
709 4357 873 4419 notabilem
885 4376 921 4416 ac
932 4363 1158 4437 permanentem
1169 4355 1309 4433 injurium
1322 4354 1407 4417 chri-

75 4444 136 4517 rilii,
153 4445 195 4503 itu
211 4454 241 4505 et
256 4445 312 4506 hoe
332 4445 414 4520 loc03
434 4454 468 4504 ut
483 4447 522 4507 sit
536 4464 660 4506 sensus:
710 4446 826 4506 atienae
841 4443 1011 4523 religionis3
1034 4442 1087 4504 ubi
1101 4450 1133 4504 et
1146 4440 1277 4503 studium
1292 4449 1406 4522 pertra-

75 4533 170 4609 isego
187 4530 264 4602 dico,
281 4530 491 4593 noudominus
506 4532 661 4613 praecipit.
709 4529 802 4594 hendi
825 4531 984 4610 conjugem
1007 4527 1047 4590 ad
1073 4527 1256 4591 demnehilia
1281 4536 1406 4610 peccato

95 4636 214 4679 sensum
246 4619 364 4698 planius
391 4618 524 4679 ostendit
553 4618 661 4680 eadem
710 4616 979 4699 comprehenditur.
1018 4615 1068 4677 sis
1084 4617 1164 4679 enim
1179 4615 1406 4697 postAngusti·

75 4703 114 4767 tia
125 4704 192 4767 aliis
204 4705 304 4767 verbis
316 4706 441 4767 interius
454 4705 592 4788 repetitu,
607 4707 659 4770 ubi
708 4725 780 4769 uum
793 4705 882 4787 epist
899 4705 960 4782 89,
974 4722 1056 4785 quae
1067 4712 1115 4767 est
1124 4701 1164 4765 ad
1175 4701 1273 4765 Hilar.
1289 4708 1404 4787 quaest
