3254 5190
98 291 168 358 γη
597 282 832 341 cottttmtltws
848 281 879 337 ιιι
897 283 964 338 ιιι.
979 283 1039 339 ms

94 479 194 520 sumus
211 459 382 539 adoptionis
397 461 461 535 filii,
476 461 574 521 ethoc
586 461 673 520 titulo
685 462 788 522 haere·
837 461 956 534 erimns,
979 461 1004 519 si
1026 481 1092 521 cum
1118 458 1170 520 illo
1192 466 1285 538 etque
1305 460 1372 537 ejus
1394 459 1509 539 exempl

97 545 164 618 des,
179 544 250 605 dum
266 556 430 626 praecepta
446 548 539 627 petris
554 568 724 619 servamus,
739 566 788 605 ve·
836 548 918 607 vitae
939 549 1107 626 praesentis
1129 546 1328 607 adversitates
1350 546 1484 624 patienti
1505 567 1509 600 ι

94 631 238 694 lutinovo
251 633 336 694 titulo
348 634 385 692 ad
399 637 526 714 priorem
539 634 709 702 accedente,
725 635 790 695 sine
836 633 907 693 forti
923 634 1023 693 animo
1043 634 1181 694 ieramus.
1204 631 1291 703 Nam,
1313 639 1348 692 ut
1366 631 1412 691 ait
1427 631 1459 692 S.
1476 631 1509 691 Is

95 738 155 799 qno
171 727 271 780 minen
287 721 367 800 prior
381 723 503 782 retineri
520 742 579 781 non
594 722 701 800 possit,
721 719 789 779 hae·
838 738 924 780 serm.
938 723 965 780 9.
978 719 1016 779 de
1031 719 1194 799 quadrag.:
1212 719 1305 780 Oerta
1316 724 1415 794 atque
1425 736 1509 779 tectu

93 804 248 866 ruditatem
257 816 413 885 paternam
421 808 507 869 uobis
515 806 789 867 debitamfacimus.
838 813 881 866 est
907 810 1094 881 exspectatio
1117 808 1294 882 promissae
1316 804 1509 865 beatitudini

137 893 256 951 Etenim
272 893 313 950 ita
336 893 601 971 congruentissime
623 903 653 952 et
672 893 789 970 aequis·
836 892 891 952 ahi
914 900 957 951 est
977 895 1186 969 participatio
1201 893 1394 952 Domiaieae
1413 893 1509 968 passu

92 980 164 1037 sime
179 977 324 1038 divinitus
346 979 513 1039 ordinatum
531 990 584 1052 est,
608 990 641 1037 ut
656 977 789 1039 haeredi·
838 981 895 1039 ais.
919 979 979 1038 Hic
1000 998 1072 1040 vero
1097 981 1185 1040 etiam
1207 978 1346 1038 meritum
1365 977 1509 1056 siguificat

92 1073 183 1125 tatem
207 1063 288 1123 illam
312 1065 468 1125 coelestem
494 1065 628 1144 adoptivi
652 1064 707 1123 lilii
729 1085 788 1125 non
837 1067 909 1125 setis
934 1064 1039 1146 liquet.
1062 1066 1145 1126 Sicut
1164 1065 1242 1125 euim
1258 1061 1407 1137 Christus,
1431 1084 1509 1145 quar

93 1157 325 1230 cousequantur,
341 1154 398 1211 uisi
415 1154 445 1211 in
462 1173 506 1224 eo,
530 1172 592 1231 quo
607 1152 704 1211 renati
720 1161 790 1210 suut
837 1154 885 1211 vis
902 1160 932 1211 st
945 1151 1025 1212 filius
1040 1160 1130 1222 esset,
1152 1150 1313 1224 ethaeros,
1336 1151 1447 1212 merito
1463 1168 1509 1212 ιιι

93 1246 124 1296 et
137 1236 193 1296 tilii
208 1237 269 1297 Dei
283 1236 363 1309 iacti,
380 1238 479 1297 studio
495 1239 640 1298 bonorum
655 1256 789 1316 operum,
837 1237 985 1318 passionis
1009 1238 1047 1298 ad
1069 1237 1192 1317 gloriam
1216 1237 1364 1316 pervenit,
1388 1237 1433 1297 ite
1447 1245 1509 1303 sent

93 1322 203 1402 quibus
219 1325 342 1402 etpstri
357 1324 507 1396 obediant,
528 1332 559 1385 et
573 1323 789 1384 haereditatem
837 1326 1011 1403 Apostolus,
1034 1326 1123 1385 etiam
1148 1343 1217 1393 nos,
1245 1323 1302 1382 etsi
1318 1324 1386 1401 jam
1410 1323 1488 1386 filios

94 1418 324 1489 promereantur,
336 1419 539 1489 perseverent.
551 1411 700 1490 Quamvis
710 1409 789 1469 enim
836 1410 989 1483 haerodes,
1012 1412 1118 1472 merito
1141 1410 1313 1490 patientiae,
1337 1429 1400 1489 qua
1420 1409 1509 1471 Chris

93 1514 161 1557 esse
176 1498 272 1574 possit
283 1515 320 1555 ea
328 1495 436 1556 filiatio
450 1499 480 1556 in
492 1498 616 1569 homine,
632 1499 684 1575 qui
696 1516 788 1576 opera
836 1499 1041 1576 compatimur,
1063 1497 1180 1576 gloriae
1200 1496 1266 1574 ejas
1282 1498 1469 1556 consortium
1483 1514 1509 1559 ss

91 1579 226 1642 noudum
241 1582 362 1655 habeat,
377 1584 498 1645 retineri
510 1593 609 1645 tamen
625 1590 654 1641 et
670 1602 787 1643 conser-
837 1585 930 1665 ipisci.
954 1584 1048 1644 Porro
1060 1604 1099 1644 ne
1113 1602 1201 1663 quem
1217 1590 1328 1643 teneat
1344 1586 1509 1665 praescrip

91 1669 158 1729 rari
186 1671 251 1728 eine
268 1669 326 1729 illis
349 1689 408 1729 nou
431 1679 537 1749 potest,
559 1678 718 1730 attestante
732 1669 787 1728 do·
836 1670 983 1731 conditio:
1005 1674 1032 1731 si
1059 1678 1167 1730 tamea
1188 1672 1416 1744 compatimur,
1440 1678 1509 1732 ostar

92 1775 172 1817 aune
201 1755 348 1834 Apostolo
377 1761 403 1815 1.
428 1759 516 1835 epist.
541 1762 588 1819 3.:
619 1759 681 1835 (lai
707 1757 788 1832 facit
835 1758 880 1816 dit
894 1756 994 1816 verbis
1010 1757 1214 1836 sequentibus,
1237 1775 1325 1835 quam
1349 1776 1459 1836 parum
1473 1776 1509 1819 ex

89 1844 259 1916 justitiam,
274 1845 378 1915 justas
393 1850 444 1902 est.
466 1844 509 1902 Et
523 1845 645 1904 iterum:
662 1847 723 1921 Qui
738 1844 787 1902 vi·
835 1852 923 1923 gatus
938 1863 991 1921 pro
1007 1864 1040 1903 re
1054 1844 1191 1905 maxima.

91 1928 175 1988 derit
195 1931 332 2006 fratrem
355 1947 448 1989 saum
471 1949 589 1990 necesse
611 1930 734 2003 habere,
759 1936 788 1987 et
881 1934 929 1990 13.
952 1933 1108 1992 Existimo
1131 1932 1235 2004 caim,
1259 1929 1345 2006 qaod
1366 1948 1439 1991 aon
1460 1949 1509 1991 sess

91 2017 239 2076 ιιιιιιιιιι
261 2019 383 2076 nucero
409 2035 468 2076 saa
491 2017 533 2077 ab
559 2035 606 2092 eo,
629 2016 787 2093 quomodo
835 2016 1014 2091 coads'yaae
1033 2019 1199 2093 passiones
1213 2017 1308 2090 hujus
1323 2020 1509 2092 temporius

92 2103 230 2163 cdamtas
241 2104 303 2164 Da·
314 2105 469 2163 manetis
481 2104 541 2164 eo?
564 2103 656 2183 Quod
668 2111 698 2163 et
710 2103 785 2162 Pau·
833 2105 981 2180 futuram
1004 2105 1152 2179 storiam,
1176 2121 1257 2179 qaae
1279 2103 1478 2163 revelabitur
1498 2106 1509 2163 i

92 2187 140 2248 lus
156 2189 308 2267 significet
321 2192 351 2250 in
367 2210 410 2262 eo,
434 2189 515 2270 quod
540 2190 587 2250 hic
603 2192 703 2251 statim
719 2188 786 2248 sub·
835 2191 932 2250 nohis
948 2187 1355 2270 linimperautemquidam
1368 2209 1509 2270 expouuu

88 2275 172 2353 jicit:
194 2278 229 2338 si
244 2284 352 2336 tamen
367 2281 591 2352 compatimur,
613 2283 651 2336 at
666 2283 695 2335 et
709 2294 787 2336 cors·
836 2275 917 2355 quod
933 2298 993 2337 non
1009 2284 1057 2336 est
1071 2296 1204 2337 necesse.
1227 2276 1305 2336 Nam
1316 2277 1419 2336 suado
1435 2284 1509 2337 este

90 2362 313 2438 ploritloemur,
336 2363 381 2422 uti
395 2381 465 2424 mox
480 2362 663 2424 videbimus.
835 2365 1021 2442 patiendum,
1036 2382 1055 2423 a
1069 2360 1277 2442 magnitudine
1291 2363 1429 2441 praemii.
1453 2364 1509 2425 lim

135 2448 215 2510 Illud
231 2450 347 2509 iuterim
363 2450 492 2511 observa
510 2451 541 2510 in
556 2449 690 2511 doctriua
704 2449 786 2526 Apo
835 2453 936 2524 ntimo,
961 2449 1078 2509 Graece
1096 2443 1265 2525 λογίζομαι,
1289 2446 1318 2507 id
1342 2458 1396 2521 est,
1421 2458 1509 2529 repat

91 2535 171 2607 stoli,
186 2537 280 2596 vitam
296 2544 457 2606 aeternam,
473 2556 564 2617 quam
576 2535 787 2615 alibigratism
835 2537 953 2597 ratione
980 2535 1108 2615 collig03
1141 2535 1276 2595 nimirum
1304 2554 1344 2596 ex
1371 2534 1509 2597 collation

92 2630 188 2688 vocet.
207 2623 278 2700 jure
293 2621 462 2701 adoptionis
477 2625 602 2701 acquiri,
624 2629 657 2681 ut
677 2621 787 2683 intelli·
835 2625 1006 2703 passionum
1022 2623 1111 2702 hujus
1126 2623 1206 2683 vitae
1229 2640 1296 2681 cum
1311 2621 1412 2700 glorie
1425 2621 1509 2683 intus

90 2716 142 2787 gat
158 2706 360 2779 adversarias,
378 2710 448 2787 jure
461 2708 592 2770 debitum
608 2728 673 2769 cum
690 2710 788 2787 gretie
835 2711 909 2770 Noa
924 2716 999 2770 suat
1014 2710 1204 2785 eoadtpaae,
1227 2707 1353 2781 Graece,
1376 2728 1445 2769 noa
1459 2727 1509 2771 ιιιι

90 2815 149 2855 non
164 2813 310 2874 pugnare,
333 2794 455 2874 qnando
477 2804 508 2856 et
528 2799 625 2876 ipsum
644 2796 705 2872 jas,
727 2813 787 2876 qno
836 2797 952 2872 dipaae
959 2818 971 2872 ,·
988 2815 1026 2856 ue
1041 2797 1109 2877 quis
1124 2803 1209 2857 extra
1225 2802 1340 2855 textum
1353 2796 1448 2856 Pauli
1461 2814 1509 2876 por

91 2880 166 2961 quid
181 2879 313 2953 debetur,
337 2901 374 2943 ex
390 2883 488 2961 gratie
512 2881 648 2941 hahetur.
670 2883 788 2941 Itanos
835 2881 921 2943 deret
928 2882 1106 2944 vocabulum
1114 2882 1298 2958 candianus.
1311 2881 1509 2945 Erasmusve

90 2966 223 3040 dicimus,
246 2969 352 3027 merita
366 2988 426 3029 non
447 2987 584 3047 pugnare
600 2987 667 3028 oum
683 2969 787 3048 grstia,
834 2971 879 3041 tit,
894 2989 962 3031 nors
977 2977 1168 3046 usurpares.
1191 2967 1259 3031 Nec
1281 2967 1426 3043 offendat,
1452 2988 1509 3050 quo

91 3073 159 3113 cum
175 3062 205 3113 et
219 3055 283 3133 ipss
297 3055 404 3115 merit-a
428 3074 466 3115 ex
489 3054 573 3115 fonte
590 3056 704 3133 gratiae
720 3075 787 3134 pro·
835 3057 958 3136 quidam
981 3064 1101 3118 veteres
1124 3055 1238 3135 legunt,
1259 3055 1415 3130 indtprsae
1439 3064 1509 3117 ιιιιιι

90 3148 220 3201 manent.
833 3151 869 3202 ιιι
888 3143 1064 3204 Ambrosius
1087 3142 1152 3204 libr.
1178 3145 1207 3203 1.
1230 3142 1268 3203 de
1290 3142 1509 3223 interpellation

133 3227 292 3287 Haeredes
307 3228 433 3305 quidem
448 3230 520 3302 Dei,
531 3229 715 3288 cohaeredes
726 3247 787 3289 aa·
834 3229 858 3290 J
860 3229 897 3289 ob
913 3250 977 3309 cap.
992 3235 1027 3302 1.,
1043 3238 1073 3289 et
1086 3229 1275 3309 Augustinus
1290 3239 1411 3308 quaest
1425 3232 1475 3290 67.
1492 3230 1509 3290 ir

89 3320 152 3375 tem
176 3315 301 3376 Christi.
324 3314 384 3374 Dei
408 3315 528 3394 quidem
556 3314 701 3375 haeredes
725 3325 787 3375 tan·
835 3325 880 3376 ter
895 3317 954 3388 83,
977 3324 1008 3376 et
1030 3315 1080 3376 lib.
1097 3317 1126 3376 ὖ.
1150 3315 1188 3376 de
1211 3316 1291 3376 civit
1317 3316 1373 3376 llei
1398 3337 1464 3397 cap.
1483 3320 1509 3377 n

90 3420 179 3481 quem
206 3402 312 3480 patris,
341 3399 455 3461 Christi
481 3409 582 3462 autem
606 3402 787 3465 cohaeredes
833 3402 912 3462 Nam
928 3401 1008 3462 idem
1029 3403 1086 3463 hoc
1104 3411 1159 3475 est,
1183 3402 1264 3482 qaod
1284 3406 1426 3479 impares
1448 3421 1509 3464 ιιιιι

89 3497 232 3567 tauquam
246 3488 346 3548 fratris
362 3489 462 3549 nostri.
479 3489 557 3549 Nam
574 3486 719 3562 Christus,
736 3509 787 3548 na·
833 3490 961 3549 minores
977 3499 1053 3562 sunt,
1074 3498 1107 3548 ιιι
1122 3491 1188 3569 ipse
1204 3488 1384 3550 Ambrosius
1407 3510 1509 3571 expos

91 3573 199 3634 taralis
213 3575 274 3635 Dei
287 3574 375 3647 filins,
399 3573 562 3635 secundum
584 3584 719 3635 naturam
735 3575 786 3635 hu·
835 3576 963 3655 epistola
980 3580 1029 3637 22.

90 3680 208 3723 menam
234 3661 274 3722 ed
304 3660 429 3722 eandem
460 3660 677 3721 haereditatem
703 3663 787 3741 regni
878 3662 951 3723 Janr
967 3663 1048 3741 qnod
1065 3664 1216 3742 sequitur:
1239 3661 1448 3738 adfuturam
1462 3664 1509 3739 pla

90 3746 231 3809 coelestis
253 3749 406 3828 pervenit3
430 3749 487 3807 imo
510 3749 690 3808 constitutus
710 3756 754 3808 est
769 3768 789 3807 a
835 3754 930 3824 riam,
946 3768 1027 3825 ‹paae
1043 3749 1237 3810 revelabitur
1250 3751 1286 3808 ia
1302 3750 1404 3823 achia
1428 3750 1471 3811 ita
1486 3768 1509 3811 et

89 3834 158 3896 Deo
170 3833 278 3896 haeres
289 3835 501 3903 universomm
513 3834 608 3894 Hebr.
621 3840 647 3895 1.
663 3835 787 3896 Interim
836 3837 866 3895 iu
879 3834 1011 3895 Graeco:
1026 3837 1070 3895 ad
1083 3839 1232 3914 futuram
1243 3837 1380 3910 ploriam
1396 3836 1509 3897 revelat

88 3919 166 3983 vids.
190 3923 312 4001 quentis
328 3922 423 3981 titulis
445 3921 605 4000 amplificet
619 3922 786 4000 Apostolus
834 3925 871 3982 in
886 3941 952 3982 noa.
976 3922 1036 3983 Sed
1050 3924 1198 3999 futuram
1216 3921 1452 3985 construendum
1466 3942 1509 3985 cm

89 4007 269 4086 dignitatem
292 4008 523 4087 baptisatorum,
547 4008 629 4086 quod
653 4009 712 4069 sint
733 4007 787 4068 lilii
835 4008 984 4085 revelari,
1009 4019 1042 4068 ιιι
1065 4028 1171 4069 seusus
1187 4009 1240 4067 sit:
1263 4008 1302 4068 ad
1325 4009 1458 4088 gloriam
1479 4030 1509 4071 sn

90 4095 157 4166 Dei,
173 4094 254 4174 quod
270 4093 413 4154 haeredes
425 4094 492 4162 Dei,
508 4093 589 4174 quod
606 4094 787 4156 cohaeredes
834 4104 970 4175 tempore
992 4096 1184 4157 revelandsm
1206 4115 1259 4154 sen
1280 4094 1509 4159 manifestanda

90 4190 121 4240 et
136 4180 263 4259 proinde
280 4179 390 4241 fratres
406 4179 527 4241 Christi.
835 4202 907 4260 erga
927 4183 976 4242 uel
1000 4183 1081 4242 circa
1105 4203 1167 4255 nos,
1190 4181 1362 4242 videlicet
1353 4203 1386 4243 ιιι
1401 4182 1509 4246 advent

133 4269 168 4327 Si
183 4275 292 4327 tamea
314 4271 539 4342 compatimur,
561 4275 598 4328 ιιι
614 4275 642 4326 et
657 4270 787 4344 conplo-
835 4267 947 4328 christi
962 4268 1000 4329 ad
1020 4269 1177 4346 judicium
1202 4268 1409 4331 Tertullian
1401 4291 1433 4331 ιιι
1448 4271 1509 4333 Sco

88 4353 260 4428 riflcemur.
293 4354 428 4414 Clarius:
458 4356 492 4415 st
519 4361 626 4415 tamea
654 4374 787 4415 carneo
834 4357 924 4436 piaco
945 4375 1010 4436 cap.
1031 4356 1087 4429 13
1110 4363 1140 4415 et
1162 4353 1215 4415 lib.
1238 4354 1276 4417 de
1298 4375 1410 4417 resurr.
1436 4361 1509 4421 um*

87 4443 245 4515 patiretur,
269 4449 305 4500 at
321 4448 349 4500 et
365 4460 435 4501 cara
451 4459 487 4500 eo
502 4443 727 4518 clarificemur,
751 4461 787 4502 ac
835 4462 901 4521 cap.
927 4445 991 4512 40„
1017 4442 1181 4546 periodum
1196 4442 1273 4502 hanc
1300 4445 1343 4504 ita
1367 4447 1509 4523 expressit

89 4527 113 4586 si
141 4525 296 4587 diest-:ll
266 4527 473 4587 Haereditatis
501 4528 592 4606 hujus
618 4539 650 4588 et
674 4529 787 4608 gloriae
835 4532 960 4605 Reputo
976 4533 1071 4605 enim,
1093 4533 1257 4606 pannones
1272 4532 1367 4605 halas
1383 4539 1509 4609 ternpus

90 4611 236 4687 coelestis,
253 4634 343 4694 quam
360 4612 498 4674 Christus
509 4615 574 4692 jam
587 4616 730 4695 possidet,
745 4617 787 4675 ita
835 4635 901 4676 uon
927 4635 988 4677 esse
1015 4617 1130 4692 (liquos
1153 4617 1196 4675 ad
1217 4617 1366 4694 ploriam,
1390 4621 1508 4693 ‘suaet‘

90 4699 207 4763 demum
232 4720 299 4762 cum
323 4700 375 4763 illo
396 4709 550 4763 consortes
573 4711 603 4765 et
625 4703 787 4785 participes
834 4722 893 4765 uos
908 4704 1022 4765 haheat
1037 4704 1184 4765 revelari.
