<?xml version="1.0" encoding="UTF-8"?>
<!DOCTYPE html PUBLIC "-//W3C//DTD XHTML 1.0 Transitional//EN"
    "http://www.w3.org/TR/xhtml1/DTD/xhtml1-transitional.dtd">
<html xmlns="http://www.w3.org/1999/xhtml" xml:lang="en" lang="en">
 <head>
  <title>
</title>
<meta http-equiv="Content-Type" content="text/html;charset=utf-8" />
  <meta name='ocr-system' content='tesseract 3.04.00' />
  <meta name='ocr-capabilities' content='ocr_page ocr_carea ocr_par ocr_line ocrx_word'/>
</head>
<body>
  <div class='ocr_page' id='page_1' title='image "./guilielmiestiii00estigoog/guilielmiestiii00estigoog_0142.png"; bbox 0 0 3254 5190; ppageno 0'>
   <div class='ocr_carea' id='block_1_1' title="bbox 451 272 1501 350">
    <p class='ocr_par' dir='ltr' id='par_1_1' title="bbox 451 272 1501 350">
     <span class='ocr_line' id='line_1_1' title="bbox 451 272 1501 350; baseline 0.011 -24"><span class='ocrx_word' id='word_1_1' title='bbox 451 273 612 328; x_wconf 74' lang='lat' dir='ltr'>tristatae</span> <span class='ocrx_word' id='word_1_2' title='bbox 629 273 669 327; x_wconf 81' lang='lat' dir='ltr'>tn</span> <span class='ocrx_word' id='word_1_3' title='bbox 688 272 840 327; x_wconf 74' lang='lat' dir='ltr'>ROMANOS.</span> <span class='ocrx_word' id='word_1_4' title='bbox 875 275 959 329; x_wconf 76' lang='lat' dir='ltr'>vtes</span> <span class='ocrx_word' id='word_1_5' title='bbox 981 277 1020 329; x_wconf 78' lang='grc'>19.</span> <span class='ocrx_word' id='word_1_6' title='bbox 1038 277 1081 328; x_wconf 78' lang='lat' dir='ltr'>to.</span> <span class='ocrx_word' id='word_1_7' title='bbox 1201 293 1210 303; x_wconf 85' lang='lat'><strong>·</strong></span> <span class='ocrx_word' id='word_1_8' title='bbox 1430 285 1501 350; x_wconf 81' lang='lat'>119</span> 
     </span>
    </p>
   </div>
   <div class='ocr_carea' id='block_1_2' title="bbox 59 450 1513 2173">
    <p class='ocr_par' dir='ltr' id='par_1_2' title="bbox 59 450 1513 2173">
     <span class='ocr_line' id='line_1_2' title="bbox 67 450 1502 531; baseline -0.002 -16"><span class='ocrx_word' id='word_1_9' title='bbox 67 450 753 523; x_wconf 70' lang='lat' dir='ltr'>hculcstvelutdoctrinammaximimomenti.</span> <span class='ocrx_word' id='word_1_10' title='bbox 805 472 887 524; x_wconf 90' lang='lat' dir='ltr'>nem,</span> <span class='ocrx_word' id='word_1_11' title='bbox 911 453 1011 524; x_wconf 91' lang='lat' dir='ltr'>multi,</span> <span class='ocrx_word' id='word_1_12' title='bbox 1035 452 1064 511; x_wconf 89' lang='lat' dir='ltr'>id</span> <span class='ocrx_word' id='word_1_13' title='bbox 1089 461 1150 525; x_wconf 90' lang='lat' dir='ltr'>est,</span> <span class='ocrx_word' id='word_1_14' title='bbox 1174 472 1276 512; x_wconf 87' lang='lat' dir='ltr'>omnes</span> <span class='ocrx_word' id='word_1_15' title='bbox 1291 473 1330 513; x_wconf 88' lang='lat' dir='ltr'>ex</span> <span class='ocrx_word' id='word_1_16' title='bbox 1349 473 1385 513; x_wconf 92' lang='lat' dir='ltr'>eo</span> <span class='ocrx_word' id='word_1_17' title='bbox 1401 453 1502 531; x_wconf 87' lang='lat' dir='ltr'>geniti,</span> 
     </span>
     <span class='ocr_line' id='line_1_3' title="bbox 66 539 1504 619; baseline -0.002 -18"><span class='ocrx_word' id='word_1_18' title='bbox 66 540 235 601; x_wconf 72' lang='lat' dir='ltr'>differentia</span> <span class='ocrx_word' id='word_1_19' title='bbox 251 547 354 597; x_wconf 89' lang='lat' dir='ltr'>tamen</span> <span class='ocrx_word' id='word_1_20' title='bbox 370 546 417 598; x_wconf 89' lang='lat' dir='ltr'>est</span> <span class='ocrx_word' id='word_1_21' title='bbox 437 539 513 597; x_wconf 87' lang='lat' dir='ltr'>iuter</span> <span class='ocrx_word' id='word_1_22' title='bbox 537 539 615 597; x_wconf 88' lang='lat' dir='ltr'>hanc</span> <span class='ocrx_word' id='word_1_23' title='bbox 637 548 755 596; x_wconf 90' lang='lat' dir='ltr'>senten·</span> <span class='ocrx_word' id='word_1_24' title='bbox 805 540 956 598; x_wconf 90' lang='lat' dir='ltr'>constituti</span> <span class='ocrx_word' id='word_1_25' title='bbox 972 547 1042 598; x_wconf 92' lang='lat' dir='ltr'>sunt</span> <span class='ocrx_word' id='word_1_26' title='bbox 1055 549 1246 619; x_wconf 83' lang='lat' dir='ltr'>peccatores,</span> <span class='ocrx_word' id='word_1_27' title='bbox 1273 547 1376 618; x_wconf 82' lang='lat' dir='ltr'><strong>utpote</strong></span> <span class='ocrx_word' id='word_1_28' title='bbox 1398 560 1436 598; x_wconf 89' lang='lat' dir='ltr'>ex</span> <span class='ocrx_word' id='word_1_29' title='bbox 1452 540 1504 598; x_wconf 89' lang='lat' dir='ltr'>illa</span> 
     </span>
     <span class='ocr_line' id='line_1_4' title="bbox 65 623 1503 706; baseline -0.001 -19"><span class='ocrx_word' id='word_1_30' title='bbox 65 630 125 687; x_wconf 75' lang='lat' dir='ltr'>tiam</span> <span class='ocrx_word' id='word_1_31' title='bbox 141 635 173 685; x_wconf 91' lang='lat' dir='ltr'>et</span> <span class='ocrx_word' id='word_1_32' title='bbox 184 627 380 705; x_wconf 86' lang='lat' dir='ltr'>superiorem,</span> <span class='ocrx_word' id='word_1_33' title='bbox 397 624 476 703; x_wconf 90' lang='lat' dir='ltr'>quod</span> <span class='ocrx_word' id='word_1_34' title='bbox 488 626 518 683; x_wconf 95' lang='lat' dir='ltr'>in</span> <span class='ocrx_word' id='word_1_35' title='bbox 530 623 581 684; x_wconf 91' lang='lat' dir='ltr'>illa</span> <span class='ocrx_word' id='word_1_36' title='bbox 591 625 755 703; x_wconf 87' lang='lat' dir='ltr'>praecipue</span> <span class='ocrx_word' id='word_1_37' title='bbox 805 628 1043 703; x_wconf 76' lang='lat' dir='ltr'><strong>transgressione</strong></span> <span class='ocrx_word' id='word_1_38' title='bbox 1058 627 1159 685; x_wconf 85' lang='lat' dir='ltr'>infecti</span> <span class='ocrx_word' id='word_1_39' title='bbox 1170 637 1311 702; x_wconf 88' lang='lat' dir='ltr'>peccato,</span> <span class='ocrx_word' id='word_1_40' title='bbox 1328 647 1346 684; x_wconf 88' lang='lat' dir='ltr'>a</span> <span class='ocrx_word' id='word_1_41' title='bbox 1358 646 1419 706; x_wconf 88' lang='lat' dir='ltr'>qun</span> <span class='ocrx_word' id='word_1_42' title='bbox 1432 646 1503 685; x_wconf 87' lang='lat' dir='ltr'>vere</span> 
     </span>
     <span class='ocr_line' id='line_1_5' title="bbox 64 711 1503 790; baseline -0.002 -17"><span class='ocrx_word' id='word_1_43' title='bbox 64 713 284 774; x_wconf 71' lang='lat' dir='ltr'><strong>considerantur</strong></span> <span class='ocrx_word' id='word_1_44' title='bbox 301 711 440 784; x_wconf 84' lang='lat' dir='ltr'>effectus,</span> <span class='ocrx_word' id='word_1_45' title='bbox 462 730 540 770; x_wconf 91' lang='lat' dir='ltr'>mors</span> <span class='ocrx_word' id='word_1_46' title='bbox 562 722 592 770; x_wconf 88' lang='lat' dir='ltr'>et</span> <span class='ocrx_word' id='word_1_47' title='bbox 616 712 697 785; x_wconf 84' lang='lat' dir='ltr'>vita;</span> <span class='ocrx_word' id='word_1_48' title='bbox 725 711 756 768; x_wconf 95' lang='lat' dir='ltr'>in</span> <span class='ocrx_word' id='word_1_49' title='bbox 804 720 979 790; x_wconf 82' lang='lat' dir='ltr'>peccatores</span> <span class='ocrx_word' id='word_1_50' title='bbox 1003 711 1139 771; x_wconf 88' lang='lat' dir='ltr'>dicantur</span> <span class='ocrx_word' id='word_1_51' title='bbox 1162 721 1193 771; x_wconf 93' lang='lat' dir='ltr'>et</span> <span class='ocrx_word' id='word_1_52' title='bbox 1218 713 1294 787; x_wconf 89' lang='lat' dir='ltr'>siut;</span> <span class='ocrx_word' id='word_1_53' title='bbox 1322 713 1364 770; x_wconf 91' lang='lat' dir='ltr'>ita</span> <span class='ocrx_word' id='word_1_54' title='bbox 1393 721 1423 770; x_wconf 91' lang='lat' dir='ltr'>et</span> <span class='ocrx_word' id='word_1_55' title='bbox 1449 732 1503 790; x_wconf 91' lang='lat' dir='ltr'>per</span> 
     </span>
     <span class='ocr_line' id='line_1_6' title="bbox 63 797 1504 879; baseline -0.003 -19"><span class='ocrx_word' id='word_1_56' title='bbox 63 802 109 860; x_wconf 82' lang='lat' dir='ltr'>hsc</span> <span class='ocrx_word' id='word_1_57' title='bbox 122 819 196 858; x_wconf 81' lang='lat' dir='ltr'>vero</span> <span class='ocrx_word' id='word_1_58' title='bbox 212 810 372 879; x_wconf 85' lang='lat' dir='ltr'>peccatum</span> <span class='ocrx_word' id='word_1_59' title='bbox 395 805 426 856; x_wconf 92' lang='lat' dir='ltr'>et</span> <span class='ocrx_word' id='word_1_60' title='bbox 443 797 577 876; x_wconf 87' lang='lat' dir='ltr'>justitia,</span> <span class='ocrx_word' id='word_1_61' title='bbox 600 805 755 876; x_wconf 86' lang='lat' dir='ltr'>peccatum</span> <span class='ocrx_word' id='word_1_62' title='bbox 805 799 893 856; x_wconf 90' lang='lat' dir='ltr'>nnius</span> <span class='ocrx_word' id='word_1_63' title='bbox 916 797 1026 858; x_wconf 82' lang='lat' dir='ltr'>Christi</span> <span class='ocrx_word' id='word_1_64' title='bbox 1047 798 1261 871; x_wconf 84' lang='lat' dir='ltr'>obedientiam,</span> <span class='ocrx_word' id='word_1_65' title='bbox 1286 820 1347 878; x_wconf 92' lang='lat' dir='ltr'>qua</span> <span class='ocrx_word' id='word_1_66' title='bbox 1369 797 1504 857; x_wconf 84' lang='lat' dir='ltr'>obedivit</span> 
     </span>
     <span class='ocr_line' id='line_1_7' title="bbox 62 883 1501 963; baseline 0 -19"><span class='ocrx_word' id='word_1_67' title='bbox 62 902 89 945; x_wconf 88' lang='lat' dir='ltr'>ut</span> <span class='ocrx_word' id='word_1_68' title='bbox 107 905 201 945; x_wconf 82' lang='lat' dir='ltr'>causa</span> <span class='ocrx_word' id='word_1_69' title='bbox 224 885 344 957; x_wconf 89' lang='lat' dir='ltr'>mortis,</span> <span class='ocrx_word' id='word_1_70' title='bbox 364 884 484 959; x_wconf 90' lang='lat' dir='ltr'>justitia</span> <span class='ocrx_word' id='word_1_71' title='bbox 508 893 541 942; x_wconf 91' lang='lat' dir='ltr'>ut</span> <span class='ocrx_word' id='word_1_72' title='bbox 556 902 646 942; x_wconf 90' lang='lat' dir='ltr'>cansa</span> <span class='ocrx_word' id='word_1_73' title='bbox 662 884 753 942; x_wconf 89' lang='lat' dir='ltr'>vitae.</span> <span class='ocrx_word' id='word_1_74' title='bbox 804 884 886 943; x_wconf 87' lang='lat' dir='ltr'>Patri</span> <span class='ocrx_word' id='word_1_75' title='bbox 900 904 997 963; x_wconf 88' lang='lat' dir='ltr'>usque</span> <span class='ocrx_word' id='word_1_76' title='bbox 1013 883 1051 942; x_wconf 91' lang='lat' dir='ltr'>ad</span> <span class='ocrx_word' id='word_1_77' title='bbox 1078 891 1200 944; x_wconf 91' lang='lat' dir='ltr'>mortem</span> <span class='ocrx_word' id='word_1_78' title='bbox 1225 886 1338 955; x_wconf 88' lang='lat' dir='ltr'>crucis,</span> <span class='ocrx_word' id='word_1_79' title='bbox 1356 885 1501 962; x_wconf 86' lang='lat' dir='ltr'>justifica·</span> 
     </span>
     <span class='ocr_line' id='line_1_8' title="bbox 60 969 1502 1050; baseline -0.003 -17"><span class='ocrx_word' id='word_1_80' title='bbox 60 971 170 1033; x_wconf 84' lang='lat' dir='ltr'>Deinde</span> <span class='ocrx_word' id='word_1_81' title='bbox 187 972 264 1050; x_wconf 91' lang='lat' dir='ltr'>qnia</span> <span class='ocrx_word' id='word_1_82' title='bbox 280 970 355 1030; x_wconf 88' lang='lat' dir='ltr'>haec</span> <span class='ocrx_word' id='word_1_83' title='bbox 380 971 582 1049; x_wconf 75' lang='lat' dir='ltr'>interpretatio</span> <span class='ocrx_word' id='word_1_84' title='bbox 607 969 755 1048; x_wconf 88' lang='lat' dir='ltr'>quaedam</span> <span class='ocrx_word' id='word_1_85' title='bbox 806 971 916 1029; x_wconf 93' lang='lat' dir='ltr'>huntur</span> <span class='ocrx_word' id='word_1_86' title='bbox 930 969 1022 1041; x_wconf 90' lang='lat' dir='ltr'>multi,</span> <span class='ocrx_word' id='word_1_87' title='bbox 1039 973 1174 1030; x_wconf 89' lang='lat' dir='ltr'>nimirum</span> <span class='ocrx_word' id='word_1_88' title='bbox 1191 978 1339 1050; x_wconf 82' lang='lat' dir='ltr'>quotquot</span> <span class='ocrx_word' id='word_1_89' title='bbox 1349 970 1502 1049; x_wconf 88' lang='lat' dir='ltr'>perfidem</span> 
     </span>
     <span class='ocr_line' id='line_1_9' title="bbox 60 1055 1112 1138; baseline -0.004 -18"><span class='ocrx_word' id='word_1_90' title='bbox 60 1058 288 1138; x_wconf 85' lang='lat' dir='ltr'>estsuperioris,</span> <span class='ocrx_word' id='word_1_91' title='bbox 300 1066 333 1115; x_wconf 91' lang='lat' dir='ltr'>ut</span> <span class='ocrx_word' id='word_1_92' title='bbox 343 1055 484 1116; x_wconf 75' lang='lat' dir='ltr'>admonet</span> <span class='ocrx_word' id='word_1_93' title='bbox 497 1055 754 1135; x_wconf 86' lang='lat' dir='ltr'>Theophylactus.</span> <span class='ocrx_word' id='word_1_94' title='bbox 806 1077 844 1115; x_wconf 92' lang='lat' dir='ltr'>ex</span> <span class='ocrx_word' id='word_1_95' title='bbox 860 1077 895 1115; x_wconf 90' lang='lat' dir='ltr'>eo</span> <span class='ocrx_word' id='word_1_96' title='bbox 911 1065 1112 1116; x_wconf 81' lang='lat' dir='ltr'>renascentur.</span> 
     </span>
     <span class='ocr_line' id='line_1_10' title="bbox 60 1141 1513 1226; baseline -0.001 -20"><span class='ocrx_word' id='word_1_97' title='bbox 60 1145 127 1206; x_wconf 75' lang='lat' dir='ltr'>h&#39;aru</span> <span class='ocrx_word' id='word_1_98' title='bbox 141 1151 304 1226; x_wconf 85' lang='lat' dir='ltr'>peccatum</span> <span class='ocrx_word' id='word_1_99' title='bbox 328 1141 415 1202; x_wconf 87' lang='lat' dir='ltr'>Adae</span> <span class='ocrx_word' id='word_1_100' title='bbox 438 1144 649 1222; x_wconf 90' lang='lat' dir='ltr'>interpretatur</span> <span class='ocrx_word' id='word_1_101' title='bbox 673 1141 754 1219; x_wconf 90' lang='lat' dir='ltr'>Apo·</span> <span class='ocrx_word' id='word_1_102' title='bbox 848 1144 976 1202; x_wconf 84' lang='lat' dir='ltr'>Rursum</span> <span class='ocrx_word' id='word_1_103' title='bbox 1002 1143 1050 1201; x_wconf 91' lang='lat' dir='ltr'>hic</span> <span class='ocrx_word' id='word_1_104' title='bbox 1077 1143 1160 1204; x_wconf 89' lang='lat' dir='ltr'>locus</span> <span class='ocrx_word' id='word_1_105' title='bbox 1178 1141 1354 1203; x_wconf 82' lang='lat' dir='ltr'>manifestus</span> <span class='ocrx_word' id='word_1_106' title='bbox 1377 1151 1423 1202; x_wconf 89' lang='lat' dir='ltr'>est</span> <span class='ocrx_word' id='word_1_107' title='bbox 1447 1163 1513 1221; x_wconf 90' lang='lat' dir='ltr'>pro.</span> 
     </span>
     <span class='ocr_line' id='line_1_11' title="bbox 60 1226 1087 1308; baseline -0.004 -16"><span class='ocrx_word' id='word_1_108' title='bbox 60 1232 145 1293; x_wconf 83' lang='lat' dir='ltr'>stolus</span> <span class='ocrx_word' id='word_1_109' title='bbox 160 1229 417 1301; x_wconf 85' lang='lat' dir='ltr'>inobedientiam,</span> <span class='ocrx_word' id='word_1_110' title='bbox 436 1238 466 1288; x_wconf 90' lang='lat' dir='ltr'>et</span> <span class='ocrx_word' id='word_1_111' title='bbox 477 1230 625 1308; x_wconf 88' lang='lat' dir='ltr'>justitiam</span> <span class='ocrx_word' id='word_1_112' title='bbox 643 1226 756 1287; x_wconf 83' lang='lat' dir='ltr'>Christi</span> <span class='ocrx_word' id='word_1_113' title='bbox 805 1238 929 1308; x_wconf 89' lang='lat' dir='ltr'>peccato</span> <span class='ocrx_word' id='word_1_114' title='bbox 942 1229 1087 1306; x_wconf 86' lang='lat' dir='ltr'>originali.</span> 
     </span>
     <span class='ocr_line' id='line_1_12' title="bbox 60 1314 1500 1384; baseline -0.003 -7"><span class='ocrx_word' id='word_1_115' title='bbox 60 1318 263 1379; x_wconf 83' lang='lat' dir='ltr'>obedientiam.</span> <span class='ocrx_word' id='word_1_116' title='bbox 292 1314 382 1375; x_wconf 88' lang='lat' dir='ltr'>Unde</span> <span class='ocrx_word' id='word_1_117' title='bbox 408 1326 487 1375; x_wconf 89' lang='lat' dir='ltr'>recte</span> <span class='ocrx_word' id='word_1_118' title='bbox 507 1316 544 1374; x_wconf 88' lang='lat' dir='ltr'>ab</span> <span class='ocrx_word' id='word_1_119' title='bbox 573 1335 607 1374; x_wconf 90' lang='lat' dir='ltr'>eo</span> <span class='ocrx_word' id='word_1_120' title='bbox 631 1315 756 1373; x_wconf 87' lang='lat' dir='ltr'>sumitur</span> <span class='ocrx_word' id='word_1_121' title='bbox 849 1317 928 1374; x_wconf 86' lang='lat' dir='ltr'>Tum</span> <span class='ocrx_word' id='word_1_122' title='bbox 944 1335 983 1374; x_wconf 91' lang='lat' dir='ltr'>ex</span> <span class='ocrx_word' id='word_1_123' title='bbox 998 1335 1032 1373; x_wconf 92' lang='lat' dir='ltr'>eo</span> <span class='ocrx_word' id='word_1_124' title='bbox 1049 1314 1215 1375; x_wconf 87' lang='lat' dir='ltr'>ostenditur</span> <span class='ocrx_word' id='word_1_125' title='bbox 1231 1324 1333 1375; x_wconf 87' lang='lat' dir='ltr'>contra</span> <span class='ocrx_word' id='word_1_126' title='bbox 1348 1315 1500 1384; x_wconf 87' lang='lat' dir='ltr'>sectarios,</span> 
     </span>
     <span class='ocr_line' id='line_1_13' title="bbox 60 1399 1501 1482; baseline -0.005 -17"><span class='ocrx_word' id='word_1_127' title='bbox 60 1405 125 1465; x_wconf 79' lang='lat' dir='ltr'>brec</span> <span class='ocrx_word' id='word_1_128' title='bbox 140 1403 296 1465; x_wconf 85' lang='lat' dir='ltr'>sententia</span> <span class='ocrx_word' id='word_1_129' title='bbox 311 1409 453 1482; x_wconf 87' lang='lat' dir='ltr'>tanquam</span> <span class='ocrx_word' id='word_1_130' title='bbox 466 1402 603 1480; x_wconf 87' lang='lat' dir='ltr'>probatio</span> <span class='ocrx_word' id='word_1_131' title='bbox 615 1410 645 1459; x_wconf 90' lang='lat' dir='ltr'>et</span> <span class='ocrx_word' id='word_1_132' title='bbox 656 1399 753 1460; x_wconf 87' lang='lat' dir='ltr'>decla·</span> <span class='ocrx_word' id='word_1_133' title='bbox 800 1403 950 1479; x_wconf 88' lang='lat' dir='ltr'>justitiam</span> <span class='ocrx_word' id='word_1_134' title='bbox 961 1411 1092 1462; x_wconf 89' lang='lat' dir='ltr'>nostram</span> <span class='ocrx_word' id='word_1_135' title='bbox 1101 1420 1168 1461; x_wconf 87' lang='lat' dir='ltr'>esse</span> <span class='ocrx_word' id='word_1_136' title='bbox 1180 1404 1334 1472; x_wconf 89' lang='lat' dir='ltr'>internam,</span> <span class='ocrx_word' id='word_1_137' title='bbox 1346 1403 1422 1460; x_wconf 92' lang='lat' dir='ltr'>sicut</span> <span class='ocrx_word' id='word_1_138' title='bbox 1433 1420 1501 1479; x_wconf 89' lang='lat' dir='ltr'>pec·</span> 
     </span>
     <span class='ocr_line' id='line_1_14' title="bbox 60 1487 1501 1572; baseline -0.005 -21"><span class='ocrx_word' id='word_1_139' title='bbox 60 1493 125 1551; x_wconf 80' lang='lat' dir='ltr'>ratio</span> <span class='ocrx_word' id='word_1_140' title='bbox 139 1487 296 1572; x_wconf 86' lang='lat' dir='ltr'>quaedam</span> <span class='ocrx_word' id='word_1_141' title='bbox 311 1488 386 1566; x_wconf 90' lang='lat' dir='ltr'>ejus,</span> <span class='ocrx_word' id='word_1_142' title='bbox 402 1488 483 1568; x_wconf 92' lang='lat' dir='ltr'>quod</span> <span class='ocrx_word' id='word_1_143' title='bbox 497 1489 668 1569; x_wconf 86' lang='lat' dir='ltr'>praecessit.</span> <span class='ocrx_word' id='word_1_144' title='bbox 805 1497 902 1547; x_wconf 91' lang='lat' dir='ltr'>catum</span> <span class='ocrx_word' id='word_1_145' title='bbox 917 1497 1049 1547; x_wconf 87' lang='lat' dir='ltr'>nostrum</span> <span class='ocrx_word' id='word_1_146' title='bbox 1065 1491 1211 1548; x_wconf 89' lang='lat' dir='ltr'>internum</span> <span class='ocrx_word' id='word_1_147' title='bbox 1229 1496 1275 1547; x_wconf 87' lang='lat' dir='ltr'>est</span> <span class='ocrx_word' id='word_1_148' title='bbox 1290 1498 1321 1548; x_wconf 88' lang='lat' dir='ltr'>et</span> <span class='ocrx_word' id='word_1_149' title='bbox 1333 1487 1501 1546; x_wconf 87' lang='lat' dir='ltr'>inhaerens.</span> 
     </span>
     <span class='ocr_line' id='line_1_15' title="bbox 96 1572 1499 1654; baseline -0.006 -16"><span class='ocrx_word' id='word_1_150' title='bbox 96 1578 158 1638; x_wconf 73' lang='lat' dir='ltr'>Nec</span> <span class='ocrx_word' id='word_1_151' title='bbox 182 1586 212 1636; x_wconf 90' lang='lat' dir='ltr'>te</span> <span class='ocrx_word' id='word_1_152' title='bbox 234 1583 369 1646; x_wconf 89' lang='lat' dir='ltr'>moveat,</span> <span class='ocrx_word' id='word_1_153' title='bbox 394 1574 472 1654; x_wconf 91' lang='lat' dir='ltr'>quod</span> <span class='ocrx_word' id='word_1_154' title='bbox 486 1595 565 1634; x_wconf 90' lang='lat' dir='ltr'>nunc</span> <span class='ocrx_word' id='word_1_155' title='bbox 580 1572 687 1632; x_wconf 89' lang='lat' dir='ltr'>multos</span> <span class='ocrx_word' id='word_1_156' title='bbox 703 1592 753 1631; x_wconf 88' lang='lat' dir='ltr'>vo·</span> <span class='ocrx_word' id='word_1_157' title='bbox 804 1574 838 1634; x_wconf 88' lang='lat' dir='ltr'>Si</span> <span class='ocrx_word' id='word_1_158' title='bbox 854 1577 932 1633; x_wconf 91' lang='lat' dir='ltr'>enim</span> <span class='ocrx_word' id='word_1_159' title='bbox 949 1594 1019 1634; x_wconf 86' lang='lat' dir='ltr'>vere</span> <span class='ocrx_word' id='word_1_160' title='bbox 1035 1585 1066 1634; x_wconf 90' lang='lat' dir='ltr'>et</span> <span class='ocrx_word' id='word_1_161' title='bbox 1076 1575 1195 1654; x_wconf 89' lang='lat' dir='ltr'>proprie</span> <span class='ocrx_word' id='word_1_162' title='bbox 1207 1583 1380 1654; x_wconf 89' lang='lat' dir='ltr'>peccatores</span> <span class='ocrx_word' id='word_1_163' title='bbox 1392 1573 1499 1632; x_wconf 88' lang='lat' dir='ltr'>consti·</span> 
     </span>
     <span class='ocr_line' id='line_1_16' title="bbox 62 1657 1500 1745; baseline -0.004 -22"><span class='ocrx_word' id='word_1_164' title='bbox 62 1675 115 1738; x_wconf 80' lang='lat' dir='ltr'>cst,</span> <span class='ocrx_word' id='word_1_165' title='bbox 130 1684 212 1745; x_wconf 89' lang='lat' dir='ltr'>quos</span> <span class='ocrx_word' id='word_1_166' title='bbox 227 1662 311 1742; x_wconf 91' lang='lat' dir='ltr'>prius</span> <span class='ocrx_word' id='word_1_167' title='bbox 327 1681 429 1719; x_wconf 89' lang='lat' dir='ltr'>omnes</span> <span class='ocrx_word' id='word_1_168' title='bbox 445 1660 579 1731; x_wconf 84' lang='lat' dir='ltr'>dixerat,</span> <span class='ocrx_word' id='word_1_169' title='bbox 595 1680 651 1720; x_wconf 87' lang='lat' dir='ltr'>nec</span> <span class='ocrx_word' id='word_1_170' title='bbox 666 1659 754 1719; x_wconf 88' lang='lat' dir='ltr'>fallat</span> <span class='ocrx_word' id='word_1_171' title='bbox 802 1671 923 1720; x_wconf 90' lang='lat' dir='ltr'>tuuntur</span> <span class='ocrx_word' id='word_1_172' title='bbox 939 1679 992 1738; x_wconf 89' lang='lat' dir='ltr'>per</span> <span class='ocrx_word' id='word_1_173' title='bbox 1007 1662 1294 1739; x_wconf 85' lang='lat' dir='ltr'>praevaricationem</span> <span class='ocrx_word' id='word_1_174' title='bbox 1308 1659 1404 1732; x_wconf 90' lang='lat' dir='ltr'>Adae,</span> <span class='ocrx_word' id='word_1_175' title='bbox 1420 1657 1500 1739; x_wconf 91' lang='lat' dir='ltr'>quod</span> 
     </span>
     <span class='ocr_line' id='line_1_17' title="bbox 62 1745 1499 1826; baseline -0.003 -17"><span class='ocrx_word' id='word_1_176' title='bbox 62 1750 285 1811; x_wconf 82' lang='lat' dir='ltr'>commentarius</span> <span class='ocrx_word' id='word_1_177' title='bbox 301 1746 487 1807; x_wconf 81' lang='lat' dir='ltr'>Theodorcti</span> <span class='ocrx_word' id='word_1_178' title='bbox 513 1746 657 1806; x_wconf 89' lang='lat' dir='ltr'>dicentis:</span> <span class='ocrx_word' id='word_1_179' title='bbox 686 1745 752 1804; x_wconf 90' lang='lat' dir='ltr'>ideo</span> <span class='ocrx_word' id='word_1_180' title='bbox 804 1749 931 1806; x_wconf 81' lang='lat' dir='ltr'>latentur</span> <span class='ocrx_word' id='word_1_181' title='bbox 942 1746 1114 1819; x_wconf 87' lang='lat' dir='ltr'>adversarii,</span> <span class='ocrx_word' id='word_1_182' title='bbox 1126 1769 1185 1806; x_wconf 92' lang='lat' dir='ltr'>non</span> <span class='ocrx_word' id='word_1_183' title='bbox 1198 1757 1379 1807; x_wconf 85' lang='lat' dir='ltr'>autcmrere</span> <span class='ocrx_word' id='word_1_184' title='bbox 1392 1754 1422 1806; x_wconf 90' lang='lat' dir='ltr'>et</span> <span class='ocrx_word' id='word_1_185' title='bbox 1433 1765 1499 1826; x_wconf 92' lang='lat' dir='ltr'>pro·</span> 
     </span>
     <span class='ocr_line' id='line_1_18' title="bbox 63 1832 1499 1915; baseline -0.005 -17"><span class='ocrx_word' id='word_1_186' title='bbox 63 1839 180 1898; x_wconf 82' lang='lat' dir='ltr'>Paulum</span> <span class='ocrx_word' id='word_1_187' title='bbox 204 1853 295 1894; x_wconf 91' lang='lat' dir='ltr'>usum</span> <span class='ocrx_word' id='word_1_188' title='bbox 316 1834 463 1893; x_wconf 80' lang='lat' dir='ltr'>vocabulo</span> <span class='ocrx_word' id='word_1_189' title='bbox 487 1834 579 1892; x_wconf 78' lang='lat' dir='ltr'>multi</span> <span class='ocrx_word' id='word_1_190' title='bbox 602 1833 691 1892; x_wconf 88' lang='lat' dir='ltr'>etiam</span> <span class='ocrx_word' id='word_1_191' title='bbox 721 1835 753 1891; x_wconf 91' lang='lat' dir='ltr'>in</span> <span class='ocrx_word' id='word_1_192' title='bbox 801 1838 867 1915; x_wconf 93' lang='lat' dir='ltr'>prio</span> <span class='ocrx_word' id='word_1_193' title='bbox 878 1834 953 1911; x_wconf 89' lang='lat' dir='ltr'>justi</span> <span class='ocrx_word' id='word_1_194' title='bbox 975 1836 1196 1906; x_wconf 85' lang='lat' dir='ltr'>constituimur,</span> <span class='ocrx_word' id='word_1_195' title='bbox 1223 1855 1277 1913; x_wconf 91' lang='lat' dir='ltr'>per</span> <span class='ocrx_word' id='word_1_196' title='bbox 1300 1832 1499 1893; x_wconf 89' lang='lat' dir='ltr'>obedientiam</span> 
     </span>
     <span class='ocr_line' id='line_1_19' title="bbox 61 1918 1499 2005; baseline -0.006 -20"><span class='ocrx_word' id='word_1_197' title='bbox 61 1927 141 2005; x_wconf 86' lang='lat' dir='ltr'>priori</span> <span class='ocrx_word' id='word_1_198' title='bbox 154 1930 256 2004; x_wconf 83' lang='lat' dir='ltr'>parte,</span> <span class='ocrx_word' id='word_1_199' title='bbox 272 1918 353 1999; x_wconf 88' lang='lat' dir='ltr'>quod</span> <span class='ocrx_word' id='word_1_200' title='bbox 369 1922 443 1979; x_wconf 86' lang='lat' dir='ltr'>etin</span> <span class='ocrx_word' id='word_1_201' title='bbox 466 1920 552 1979; x_wconf 89' lang='lat' dir='ltr'>Adae</span> <span class='ocrx_word' id='word_1_202' title='bbox 567 1922 692 1999; x_wconf 87' lang='lat' dir='ltr'>posteris</span> <span class='ocrx_word' id='word_1_203' title='bbox 708 1921 750 1978; x_wconf 92' lang='lat' dir='ltr'>in·</span> <span class='ocrx_word' id='word_1_204' title='bbox 802 1921 924 1992; x_wconf 83' lang='lat' dir='ltr'>Christi,</span> <span class='ocrx_word' id='word_1_205' title='bbox 940 1919 993 1980; x_wconf 89' lang='lat' dir='ltr'>sed</span> <span class='ocrx_word' id='word_1_206' title='bbox 1016 1921 1191 2000; x_wconf 84' lang='lat' dir='ltr'>imputative</span> <span class='ocrx_word' id='word_1_207' title='bbox 1212 1929 1339 1993; x_wconf 86' lang='lat' dir='ltr'>tantum,</span> <span class='ocrx_word' id='word_1_208' title='bbox 1364 1928 1397 1978; x_wconf 91' lang='lat' dir='ltr'>ut</span> <span class='ocrx_word' id='word_1_209' title='bbox 1412 1918 1499 1979; x_wconf 90' lang='lat' dir='ltr'>iidem</span> 
     </span>
     <span class='ocr_line' id='line_1_20' title="bbox 59 2005 1497 2087; baseline -0.003 -18"><span class='ocrx_word' id='word_1_210' title='bbox 59 2013 209 2071; x_wconf 70' lang='lat' dir='ltr'>veniuntur</span> <span class='ocrx_word' id='word_1_211' title='bbox 225 2006 331 2086; x_wconf 86' lang='lat' dir='ltr'>aliqui,</span> <span class='ocrx_word' id='word_1_212' title='bbox 348 2007 399 2087; x_wconf 91' lang='lat' dir='ltr'>qui</span> <span class='ocrx_word' id='word_1_213' title='bbox 416 2007 607 2084; x_wconf 83' lang='lat' dir='ltr'>amajoribus</span> <span class='ocrx_word' id='word_1_214' title='bbox 618 2007 752 2085; x_wconf 87' lang='lat' dir='ltr'>peccatis</span> <span class='ocrx_word' id='word_1_215' title='bbox 801 2008 922 2078; x_wconf 87' lang='lat' dir='ltr'>volunt,</span> <span class='ocrx_word' id='word_1_216' title='bbox 943 2026 1041 2086; x_wconf 89' lang='lat' dir='ltr'>neque</span> <span class='ocrx_word' id='word_1_217' title='bbox 1057 2007 1199 2066; x_wconf 88' lang='lat' dir='ltr'>consistet</span> <span class='ocrx_word' id='word_1_218' title='bbox 1219 2008 1294 2067; x_wconf 92' lang='lat' dir='ltr'>haec</span> <span class='ocrx_word' id='word_1_219' title='bbox 1306 2005 1497 2085; x_wconf 89' lang='lat' dir='ltr'>comparatio,</span> 
     </span>
     <span class='ocr_line' id='line_1_21' title="bbox 60 2091 1498 2173; baseline -0.003 -18"><span class='ocrx_word' id='word_1_220' title='bbox 60 2098 139 2158; x_wconf 81' lang='lat' dir='ltr'>alieni</span> <span class='ocrx_word' id='word_1_221' title='bbox 154 2096 279 2166; x_wconf 83' lang='lat' dir='ltr'>fuerint,</span> <span class='ocrx_word' id='word_1_222' title='bbox 295 2101 330 2150; x_wconf 88' lang='lat' dir='ltr'>ut</span> <span class='ocrx_word' id='word_1_223' title='bbox 345 2092 432 2164; x_wconf 90' lang='lat' dir='ltr'>Abel,</span> <span class='ocrx_word' id='word_1_224' title='bbox 448 2092 563 2163; x_wconf 80' lang='lat' dir='ltr'>Enoch,</span> <span class='ocrx_word' id='word_1_225' title='bbox 579 2093 654 2163; x_wconf 87' lang='lat' dir='ltr'>Noe,</span> <span class='ocrx_word' id='word_1_226' title='bbox 677 2093 750 2151; x_wconf 84' lang='lat' dir='ltr'>Mol·</span> <span class='ocrx_word' id='word_1_227' title='bbox 801 2113 890 2173; x_wconf 89' lang='lat' dir='ltr'>quam</span> <span class='ocrx_word' id='word_1_228' title='bbox 919 2093 993 2153; x_wconf 84' lang='lat' dir='ltr'>facit</span> <span class='ocrx_word' id='word_1_229' title='bbox 1017 2094 1195 2172; x_wconf 85' lang='lat' dir='ltr'>Apostolus,</span> <span class='ocrx_word' id='word_1_230' title='bbox 1227 2102 1257 2152; x_wconf 90' lang='lat' dir='ltr'>et</span> <span class='ocrx_word' id='word_1_231' title='bbox 1283 2094 1375 2153; x_wconf 91' lang='lat' dir='ltr'>multo</span> <span class='ocrx_word' id='word_1_232' title='bbox 1401 2091 1498 2152; x_wconf 91' lang='lat' dir='ltr'>miuus</span> 
     </span>
    </p>
   </div>
   <div class='ocr_carea' id='block_1_3' title="bbox 10 2178 1495 2259">
    <p class='ocr_par' dir='ltr' id='par_1_3' title="bbox 10 2178 1495 2259">
     <span class='ocr_line' id='line_1_22' title="bbox 10 2178 1495 2259; baseline -0.003 -17"><span class='ocrx_word' id='word_1_233' title='bbox 10 2234 13 2251; x_wconf 83' lang='lat'>,</span> <span class='ocrx_word' id='word_1_234' title='bbox 59 2183 192 2245; x_wconf 86' lang='lat' dir='ltr'>chisedec</span> <span class='ocrx_word' id='word_1_235' title='bbox 215 2188 248 2239; x_wconf 90' lang='lat' dir='ltr'>et</span> <span class='ocrx_word' id='word_1_236' title='bbox 269 2178 473 2259; x_wconf 83' lang='lat' dir='ltr'>patriarchae,</span> <span class='ocrx_word' id='word_1_237' title='bbox 497 2180 637 2258; x_wconf 91' lang='lat' dir='ltr'>aliique&#39;</span> <span class='ocrx_word' id='word_1_238' title='bbox 630 2200 659 2237; x_wconf 90' lang='lat' dir='ltr'>m</span> <span class='ocrx_word' id='word_1_239' title='bbox 683 2179 751 2256; x_wconf 88' lang='lat' dir='ltr'>lege</span> <span class='ocrx_word' id='word_1_240' title='bbox 801 2180 910 2240; x_wconf 82' lang='lat' dir='ltr'>Christi</span> <span class='ocrx_word' id='word_1_241' title='bbox 920 2180 1041 2259; x_wconf 87' lang='lat' dir='ltr'>justitia</span> <span class='ocrx_word' id='word_1_242' title='bbox 1056 2181 1141 2240; x_wconf 88' lang='lat' dir='ltr'>nobis</span> <span class='ocrx_word' id='word_1_243' title='bbox 1158 2180 1323 2250; x_wconf 89' lang='lat' dir='ltr'>contulerit,</span> <span class='ocrx_word' id='word_1_244' title='bbox 1340 2200 1428 2259; x_wconf 89' lang='lat' dir='ltr'>quam</span> <span class='ocrx_word' id='word_1_245' title='bbox 1444 2178 1495 2237; x_wconf 88' lang='lat' dir='ltr'>ab·</span> 
     </span>
    </p>
   </div>
   <div class='ocr_carea' id='block_1_4' title="bbox 10 2265 1497 2455">
    <p class='ocr_par' dir='ltr' id='par_1_4' title="bbox 58 2265 1497 2436">
     <span class='ocr_line' id='line_1_23' title="bbox 58 2265 1497 2345; baseline -0.004 -14"><span class='ocrx_word' id='word_1_246' title='bbox 58 2270 123 2331; x_wconf 79' lang='lat' dir='ltr'>clari</span> <span class='ocrx_word' id='word_1_247' title='bbox 144 2277 176 2328; x_wconf 84' lang='lat' dir='ltr'>et</span> <span class='ocrx_word' id='word_1_248' title='bbox 203 2267 353 2345; x_wconf 80' lang='lat' dir='ltr'>insignes3</span> <span class='ocrx_word' id='word_1_249' title='bbox 380 2268 465 2345; x_wconf 85' lang='lat' dir='ltr'>quasi</span> <span class='ocrx_word' id='word_1_250' title='bbox 490 2265 585 2337; x_wconf 91' lang='lat' dir='ltr'>dicat,</span> <span class='ocrx_word' id='word_1_251' title='bbox 613 2265 664 2322; x_wconf 90' lang='lat' dir='ltr'>hos</span> <span class='ocrx_word' id='word_1_252' title='bbox 692 2286 750 2324; x_wconf 90' lang='lat' dir='ltr'>uon</span> <span class='ocrx_word' id='word_1_253' title='bbox 800 2266 905 2326; x_wconf 82' lang='lat' dir='ltr'>ntulit</span> <span class='ocrx_word' id='word_1_254' title='bbox 897 2267 1044 2343; x_wconf 79' lang='lat' dir='ltr'>injustitia</span> <span class='ocrx_word' id='word_1_255' title='bbox 1059 2266 1155 2326; x_wconf 85' lang='lat' dir='ltr'>Adae.</span> <span class='ocrx_word' id='word_1_256' title='bbox 1177 2266 1285 2325; x_wconf 88' lang='lat' dir='ltr'>Nam&#39;</span> <span class='ocrx_word' id='word_1_257' title='bbox 1278 2288 1307 2328; x_wconf 88' lang='grc' dir='ltr'>ιιι</span> <span class='ocrx_word' id='word_1_258' title='bbox 1329 2266 1380 2325; x_wconf 89' lang='lat' dir='ltr'>illo</span> <span class='ocrx_word' id='word_1_259' title='bbox 1396 2285 1497 2325; x_wconf 89' lang='lat' dir='ltr'>veram</span> 
     </span>
     <span class='ocr_line' id='line_1_24' title="bbox 10 2311 1497 2455; baseline -0.005 -36.767"><span class='ocrx_word' id='word_1_260' title='bbox 10 2351 266 2455; x_wconf 83' lang='lat' dir='ltr'>comprehendi</span> <span class='ocrx_word' id='word_1_261' title='bbox 283 2353 432 2411; x_wconf 86' lang='lat' dir='ltr'>sententie</span> <span class='ocrx_word' id='word_1_262' title='bbox 445 2311 592 2432; x_wconf 86' lang='lat' dir='ltr'>Apostoli,</span> <span class='ocrx_word' id='word_1_263' title='bbox 608 2353 680 2431; x_wconf 88' lang='lat' dir='ltr'>quia</span> <span class='ocrx_word' id='word_1_264' title='bbox 693 2371 752 2412; x_wconf 90' lang='lat' dir='ltr'>non</span> <span class='ocrx_word' id='word_1_265' title='bbox 801 2363 832 2412; x_wconf 90' lang='lat' dir='ltr'>et</span> <span class='ocrx_word' id='word_1_266' title='bbox 861 2352 1063 2414; x_wconf 88' lang='lat' dir='ltr'>inhaerentem</span> <span class='ocrx_word' id='word_1_267' title='bbox 1093 2354 1243 2412; x_wconf 88' lang='lat' dir='ltr'>amisimus</span> <span class='ocrx_word' id='word_1_268' title='bbox 1268 2354 1432 2431; x_wconf 78' lang='lat' dir='ltr'>justitiam,</span> <span class='ocrx_word' id='word_1_269' title='bbox 1468 2354 1497 2411; x_wconf 91' lang='lat' dir='ltr'>in</span> 
     </span>
    </p>
   </div>
   <div class='ocr_carea' id='block_1_5' title="bbox 10 2436 1498 2521">
    <p class='ocr_par' dir='ltr' id='par_1_5' title="bbox 10 2436 1498 2521">
     <span class='ocr_line' id='line_1_25' title="bbox 10 2436 1498 2521; baseline -0.007 -15"><span class='ocrx_word' id='word_1_270' title='bbox 10 2452 12 2457; x_wconf 86' lang='lat'>&#39;</span> <span class='ocrx_word' id='word_1_271' title='bbox 57 2444 169 2505; x_wconf 79' lang='lat' dir='ltr'>inerunt</span> <span class='ocrx_word' id='word_1_272' title='bbox 184 2442 301 2521; x_wconf 88' lang='lat' dir='ltr'>primae</span> <span class='ocrx_word' id='word_1_273' title='bbox 316 2441 560 2517; x_wconf 81' lang='lat' dir='ltr'>transgressionis</span> <span class='ocrx_word' id='word_1_274' title='bbox 580 2439 750 2498; x_wconf 89' lang='lat' dir='ltr'>imitatores.</span> <span class='ocrx_word' id='word_1_275' title='bbox 801 2439 920 2500; x_wconf 89' lang='lat' dir='ltr'>Christo</span> <span class='ocrx_word' id='word_1_276' title='bbox 936 2459 1146 2520; x_wconf 89' lang='lat' dir='ltr'>recuperamus</span> <span class='ocrx_word' id='word_1_277' title='bbox 1162 2440 1382 2519; x_wconf 84' lang='lat' dir='ltr'>imputativarn,</span> <span class='ocrx_word' id='word_1_278' title='bbox 1399 2436 1498 2512; x_wconf 86' lang='lat' dir='ltr'>idest,</span> 
     </span>
    </p>
   </div>
   <div class='ocr_carea' id='block_1_6' title="bbox 58 2524 1496 2633">
    <p class='ocr_par' dir='ltr' id='par_1_6' title="bbox 58 2524 1496 2633">
     <span class='ocr_line' id='line_1_26' title="bbox 58 2524 1496 2633; baseline -0.006 -42"><span class='ocrx_word' id='word_1_279' title='bbox 58 2534 137 2633; x_wconf 77' lang='lat' dir='ltr'>Quae</span> <span class='ocrx_word' id='word_1_280' title='bbox 157 2546 289 2590; x_wconf 86' lang='lat' dir='ltr'>erronea</span> <span class='ocrx_word' id='word_1_281' title='bbox 305 2534 352 2584; x_wconf 88' lang='lat' dir='ltr'>est</span> <span class='ocrx_word' id='word_1_282' title='bbox 367 2527 530 2605; x_wconf 84' lang='lat' dir='ltr'>expositio,</span> <span class='ocrx_word' id='word_1_283' title='bbox 546 2534 576 2584; x_wconf 90' lang='lat' dir='ltr'>ct</span> <span class='ocrx_word' id='word_1_284' title='bbox 596 2524 750 2599; x_wconf 85' lang='lat' dir='ltr'>refellitur,</span> <span class='ocrx_word' id='word_1_285' title='bbox 799 2527 915 2586; x_wconf 89' lang='lat' dir='ltr'>falsam.</span> <span class='ocrx_word' id='word_1_286' title='bbox 932 2526 1078 2608; x_wconf 90' lang='lat' dir='ltr'>Loquitur</span> <span class='ocrx_word' id='word_1_287' title='bbox 1093 2527 1171 2586; x_wconf 86' lang='lat' dir='ltr'>enirn</span> <span class='ocrx_word' id='word_1_288' title='bbox 1182 2525 1345 2606; x_wconf 87' lang='lat' dir='ltr'>Apostolus</span> <span class='ocrx_word' id='word_1_289' title='bbox 1361 2525 1399 2585; x_wconf 92' lang='lat' dir='ltr'>de</span> <span class='ocrx_word' id='word_1_290' title='bbox 1408 2524 1496 2603; x_wconf 91' lang='lat' dir='ltr'>justi·</span> 
     </span>
    </p>
   </div>
   <div class='ocr_carea' id='block_1_7' title="bbox 10 2604 1498 2698">
    <p class='ocr_par' dir='ltr' id='par_1_7' title="bbox 10 2604 1498 2698">
     <span class='ocr_line' id='line_1_27' title="bbox 10 2604 1498 2698; baseline -0.004 -20"><span class='ocrx_word' id='word_1_291' title='bbox 10 2604 12 2667; x_wconf 74' lang='lat'><em>]</em></span> <span class='ocrx_word' id='word_1_292' title='bbox 57 2621 203 2698; x_wconf 84' lang='lat' dir='ltr'>quianon</span> <span class='ocrx_word' id='word_1_293' title='bbox 227 2612 323 2671; x_wconf 85' lang='lat' dir='ltr'>solnm</span> <span class='ocrx_word' id='word_1_294' title='bbox 346 2610 418 2671; x_wconf 88' lang='lat' dir='ltr'>dicit</span> <span class='ocrx_word' id='word_1_295' title='bbox 440 2611 619 2692; x_wconf 86' lang='lat' dir='ltr'>Apostolus,</span> <span class='ocrx_word' id='word_1_296' title='bbox 643 2611 750 2670; x_wconf 90' lang='lat' dir='ltr'>multos</span> <span class='ocrx_word' id='word_1_297' title='bbox 799 2616 850 2687; x_wconf 88' lang='lat' dir='ltr'>tia,</span> <span class='ocrx_word' id='word_1_298' title='bbox 866 2633 957 2693; x_wconf 88' lang='lat' dir='ltr'>qnam</span> <span class='ocrx_word' id='word_1_299' title='bbox 974 2633 1051 2674; x_wconf 90' lang='lat' dir='ltr'>nunc</span> <span class='ocrx_word' id='word_1_300' title='bbox 1068 2633 1121 2691; x_wconf 90' lang='lat' dir='ltr'>per</span> <span class='ocrx_word' id='word_1_301' title='bbox 1134 2612 1225 2673; x_wconf 87' lang='lat' dir='ltr'>fidem</span> <span class='ocrx_word' id='word_1_302' title='bbox 1244 2614 1420 2692; x_wconf 88' lang='lat' dir='ltr'>accipimus,</span> <span class='ocrx_word' id='word_1_303' title='bbox 1438 2633 1498 2672; x_wconf 92' lang='lat' dir='ltr'>non</span> 
     </span>
    </p>
   </div>
   <div class='ocr_carea' id='block_1_8' title="bbox 57 2698 1536 4428">
    <p class='ocr_par' dir='ltr' id='par_1_8' title="bbox 57 2698 1536 4428">
     <span class='ocr_line' id='line_1_28' title="bbox 58 2698 1498 2780; baseline -0.006 -15"><span class='ocrx_word' id='word_1_304' title='bbox 58 2705 223 2764; x_wconf 75' lang='lat' dir='ltr'>emutatus</span> <span class='ocrx_word' id='word_1_305' title='bbox 240 2718 306 2758; x_wconf 88' lang='lat' dir='ltr'>csse</span> <span class='ocrx_word' id='word_1_306' title='bbox 321 2708 511 2778; x_wconf 86' lang='lat' dir='ltr'>peccatores,</span> <span class='ocrx_word' id='word_1_307' title='bbox 540 2698 591 2759; x_wconf 86' lang='lat' dir='ltr'>sed</span> <span class='ocrx_word' id='word_1_308' title='bbox 616 2706 646 2756; x_wconf 89' lang='lat' dir='ltr'>et</span> <span class='ocrx_word' id='word_1_309' title='bbox 661 2718 752 2777; x_wconf 90' lang='lat' dir='ltr'>supra</span> <span class='ocrx_word' id='word_1_310' title='bbox 801 2702 838 2761; x_wconf 91' lang='lat' dir='ltr'>de</span> <span class='ocrx_word' id='word_1_311' title='bbox 854 2722 890 2760; x_wconf 89' lang='lat' dir='ltr'>ea</span> <span class='ocrx_word' id='word_1_312' title='bbox 901 2701 1040 2778; x_wconf 89' lang='lat' dir='ltr'>justitiae</span> <span class='ocrx_word' id='word_1_313' title='bbox 1062 2699 1261 2779; x_wconf 84' lang='lat' dir='ltr'>perfectione,</span> <span class='ocrx_word' id='word_1_314' title='bbox 1285 2720 1373 2780; x_wconf 90' lang='lat' dir='ltr'>quam</span> <span class='ocrx_word' id='word_1_315' title='bbox 1398 2718 1498 2778; x_wconf 86' lang='lat' dir='ltr'>spera·</span> 
     </span>
     <span class='ocr_line' id='line_1_29' title="bbox 57 2787 1112 2862; baseline -0.006 -12"><span class='ocrx_word' id='word_1_316' title='bbox 57 2791 137 2862; x_wconf 85' lang='lat' dir='ltr'>dixit,</span> <span class='ocrx_word' id='word_1_317' title='bbox 153 2787 266 2849; x_wconf 83' lang='lat' dir='ltr'>multos</span> <span class='ocrx_word' id='word_1_318' title='bbox 283 2804 352 2845; x_wconf 86' lang='lat' dir='ltr'>esse</span> <span class='ocrx_word' id='word_1_319' title='bbox 375 2796 522 2856; x_wconf 89' lang='lat' dir='ltr'>mortuos,</span> <span class='ocrx_word' id='word_1_320' title='bbox 546 2806 613 2844; x_wconf 92' lang='lat' dir='ltr'>cum</span> <span class='ocrx_word' id='word_1_321' title='bbox 635 2794 752 2845; x_wconf 90' lang='lat' dir='ltr'>constet</span> <span class='ocrx_word' id='word_1_322' title='bbox 799 2808 864 2847; x_wconf 89' lang='lat' dir='ltr'>mus</span> <span class='ocrx_word' id='word_1_323' title='bbox 880 2789 909 2846; x_wconf 94' lang='lat' dir='ltr'>iu</span> <span class='ocrx_word' id='word_1_324' title='bbox 926 2789 989 2847; x_wconf 85' lang='lat' dir='ltr'>vita</span> <span class='ocrx_word' id='word_1_325' title='bbox 1004 2788 1112 2845; x_wconf 83' lang='lat' dir='ltr'>futura.</span> 
     </span>
     <span class='ocr_line' id='line_1_30' title="bbox 58 2871 1494 2951; baseline -0.004 -13"><span class='ocrx_word' id='word_1_326' title='bbox 58 2886 172 2937; x_wconf 85' lang='lat' dir='ltr'>nortem</span> <span class='ocrx_word' id='word_1_327' title='bbox 189 2875 230 2935; x_wconf 86' lang='lat' dir='ltr'>ad</span> <span class='ocrx_word' id='word_1_328' title='bbox 247 2891 352 2932; x_wconf 88' lang='lat' dir='ltr'>omnes</span> <span class='ocrx_word' id='word_1_329' title='bbox 367 2875 522 2951; x_wconf 86' lang='lat' dir='ltr'>pertinere.</span> <span class='ocrx_word' id='word_1_330' title='bbox 551 2871 663 2930; x_wconf 89' lang='lat' dir='ltr'>Multos</span> <span class='ocrx_word' id='word_1_331' title='bbox 680 2892 750 2950; x_wconf 87' lang='lat' dir='ltr'>ergo</span> <span class='ocrx_word' id='word_1_332' title='bbox 843 2876 893 2932; x_wconf 78' lang='lat'>20.</span> <span class='ocrx_word' id='word_1_333' title='bbox 917 2875 984 2935; x_wconf 79' lang='lat' dir='ltr'>Lex</span> <span class='ocrx_word' id='word_1_334' title='bbox 998 2882 1106 2933; x_wconf 80' lang='lat' dir='ltr'>autem</span> <span class='ocrx_word' id='word_1_335' title='bbox 1122 2874 1325 2947; x_wconf 78' lang='lat' dir='ltr'>utbiutravit,</span> <span class='ocrx_word' id='word_1_336' title='bbox 1341 2871 1494 2932; x_wconf 69' lang='lat' dir='ltr'>stabun-</span> 
     </span>
     <span class='ocr_line' id='line_1_31' title="bbox 59 2960 1496 3043; baseline -0.004 -20"><span class='ocrx_word' id='word_1_337' title='bbox 59 2963 135 3037; x_wconf 79' lang='lat' dir='ltr'>dicit,</span> <span class='ocrx_word' id='word_1_338' title='bbox 161 2982 242 3043; x_wconf 88' lang='lat' dir='ltr'>quos</span> <span class='ocrx_word' id='word_1_339' title='bbox 265 2968 335 3018; x_wconf 89' lang='lat' dir='ltr'>ante</span> <span class='ocrx_word' id='word_1_340' title='bbox 360 2960 436 3018; x_wconf 88' lang='lat' dir='ltr'>dixit</span> <span class='ocrx_word' id='word_1_341' title='bbox 458 2978 575 3030; x_wconf 88' lang='lat' dir='ltr'>omnes,</span> <span class='ocrx_word' id='word_1_342' title='bbox 603 2966 663 3016; x_wconf 91' lang='lat' dir='ltr'>tum</span> <span class='ocrx_word' id='word_1_343' title='bbox 680 2960 751 3037; x_wconf 90' lang='lat' dir='ltr'>quia</span> <span class='ocrx_word' id='word_1_344' title='bbox 799 2962 890 3020; x_wconf 82' lang='lat' dir='ltr'>daret</span> <span class='ocrx_word' id='word_1_345' title='bbox 905 2961 1063 3020; x_wconf 79' lang='lat' dir='ltr'>delictum.</span> <span class='ocrx_word' id='word_1_346' title='bbox 1076 2960 1123 3019; x_wconf 91' lang='lat' dir='ltr'>Ne</span> <span class='ocrx_word' id='word_1_347' title='bbox 1134 2960 1294 3040; x_wconf 85' lang='lat' dir='ltr'>perlegam</span> <span class='ocrx_word' id='word_1_348' title='bbox 1310 2960 1496 3018; x_wconf 87' lang='lat' dir='ltr'>existimetur</span> 
     </span>
     <span class='ocr_line' id='line_1_32' title="bbox 59 3045 1496 3126; baseline -0.004 -17"><span class='ocrx_word' id='word_1_349' title='bbox 59 3070 151 3109; x_wconf 84' lang='lat' dir='ltr'>omnes</span> <span class='ocrx_word' id='word_1_350' title='bbox 174 3048 313 3106; x_wconf 88' lang='lat' dir='ltr'>homines</span> <span class='ocrx_word' id='word_1_351' title='bbox 342 3065 448 3105; x_wconf 85' lang='lat' dir='ltr'>revera</span> <span class='ocrx_word' id='word_1_352' title='bbox 473 3045 664 3117; x_wconf 90' lang='lat' dir='ltr'>multisunt,</span> <span class='ocrx_word' id='word_1_353' title='bbox 689 3055 751 3103; x_wconf 89' lang='lat' dir='ltr'>tum</span> <span class='ocrx_word' id='word_1_354' title='bbox 799 3048 913 3107; x_wconf 90' lang='lat' dir='ltr'>aboleri</span> <span class='ocrx_word' id='word_1_355' title='bbox 923 3048 1058 3126; x_wconf 90' lang='lat' dir='ltr'>potuisse</span> <span class='ocrx_word' id='word_1_356' title='bbox 1070 3056 1226 3125; x_wconf 88' lang='lat' dir='ltr'>peccatum</span> <span class='ocrx_word' id='word_1_357' title='bbox 1235 3045 1434 3105; x_wconf 88' lang='lat' dir='ltr'>introductum</span> <span class='ocrx_word' id='word_1_358' title='bbox 1442 3065 1496 3124; x_wconf 86' lang='lat' dir='ltr'>per</span> 
     </span>
     <span class='ocr_line' id='line_1_33' title="bbox 59 3131 1496 3216; baseline -0.004 -20"><span class='ocrx_word' id='word_1_359' title='bbox 59 3139 120 3216; x_wconf 84' lang='lat' dir='ltr'>quia</span> <span class='ocrx_word' id='word_1_360' title='bbox 134 3156 197 3196; x_wconf 92' lang='lat' dir='ltr'>nou</span> <span class='ocrx_word' id='word_1_361' title='bbox 213 3152 319 3193; x_wconf 87' lang='lat' dir='ltr'>ornnes</span> <span class='ocrx_word' id='word_1_362' title='bbox 335 3132 473 3192; x_wconf 90' lang='lat' dir='ltr'>absolute</span> <span class='ocrx_word' id='word_1_363' title='bbox 485 3131 694 3211; x_wconf 84' lang='lat' dir='ltr'>perChristurn</span> <span class='ocrx_word' id='word_1_364' title='bbox 703 3133 749 3209; x_wconf 87' lang='lat' dir='ltr'>ju·</span> <span class='ocrx_word' id='word_1_365' title='bbox 799 3134 911 3206; x_wconf 87' lang='lat' dir='ltr'>Adam,</span> <span class='ocrx_word' id='word_1_366' title='bbox 935 3132 1065 3193; x_wconf 88' lang='lat' dir='ltr'>ostendit</span> <span class='ocrx_word' id='word_1_367' title='bbox 1087 3134 1182 3212; x_wconf 87' lang='lat' dir='ltr'>legem</span> <span class='ocrx_word' id='word_1_368' title='bbox 1198 3131 1273 3192; x_wconf 88' lang='lat' dir='ltr'>adeo</span> <span class='ocrx_word' id='word_1_369' title='bbox 1290 3152 1350 3192; x_wconf 92' lang='lat' dir='ltr'>non</span> <span class='ocrx_word' id='word_1_370' title='bbox 1364 3133 1496 3191; x_wconf 83' lang='lat' dir='ltr'>valuisse</span> 
     </span>
     <span class='ocr_line' id='line_1_34' title="bbox 59 3217 1495 3298; baseline -0.005 -15"><span class='ocrx_word' id='word_1_371' title='bbox 59 3224 235 3290; x_wconf 79' lang='lat' dir='ltr'>stificsntur,</span> <span class='ocrx_word' id='word_1_372' title='bbox 257 3218 311 3279; x_wconf 90' lang='lat' dir='ltr'>sed</span> <span class='ocrx_word' id='word_1_373' title='bbox 336 3239 437 3277; x_wconf 89' lang='lat' dir='ltr'>omnes</span> <span class='ocrx_word' id='word_1_374' title='bbox 453 3219 616 3278; x_wconf 90' lang='lat' dir='ltr'>secundum</span> <span class='ocrx_word' id='word_1_375' title='bbox 633 3238 750 3277; x_wconf 90' lang='lat' dir='ltr'>sensum</span> <span class='ocrx_word' id='word_1_376' title='bbox 798 3221 837 3281; x_wconf 92' lang='lat' dir='ltr'>ad</span> <span class='ocrx_word' id='word_1_377' title='bbox 860 3220 1023 3280; x_wconf 89' lang='lat' dir='ltr'>tollendum</span> <span class='ocrx_word' id='word_1_378' title='bbox 1045 3228 1217 3298; x_wconf 87' lang='lat' dir='ltr'>peccatum,</span> <span class='ocrx_word' id='word_1_379' title='bbox 1243 3228 1273 3277; x_wconf 91' lang='lat' dir='ltr'>et</span> <span class='ocrx_word' id='word_1_380' title='bbox 1286 3217 1495 3297; x_wconf 86' lang='lat' dir='ltr'>justificandos</span> 
     </span>
     <span class='ocr_line' id='line_1_35' title="bbox 59 3304 1492 3383; baseline -0.004 -14"><span class='ocrx_word' id='word_1_381' title='bbox 59 3310 137 3369; x_wconf 86' lang='lat' dir='ltr'>nodo</span> <span class='ocrx_word' id='word_1_382' title='bbox 152 3308 278 3367; x_wconf 89' lang='lat' dir='ltr'>dictum.</span> <span class='ocrx_word' id='word_1_383' title='bbox 799 3307 946 3378; x_wconf 91' lang='lat' dir='ltr'>homines,</span> <span class='ocrx_word' id='word_1_384' title='bbox 961 3317 1010 3378; x_wconf 90' lang='lat' dir='ltr'>ut,</span> <span class='ocrx_word' id='word_1_385' title='bbox 1026 3326 1064 3366; x_wconf 87' lang='lat' dir='ltr'>ea</span> <span class='ocrx_word' id='word_1_386' title='bbox 1080 3306 1328 3383; x_wconf 86' lang='lat' dir='ltr'>superveniente,</span> <span class='ocrx_word' id='word_1_387' title='bbox 1344 3306 1415 3363; x_wconf 87' lang='lat' dir='ltr'>facti</span> <span class='ocrx_word' id='word_1_388' title='bbox 1431 3304 1492 3363; x_wconf 87' lang='lat' dir='ltr'>fue-</span> 
     </span>
     <span class='ocr_line' id='line_1_36' title="bbox 92 3390 1497 3471; baseline -0.001 -17"><span class='ocrx_word' id='word_1_389' title='bbox 92 3395 173 3454; x_wconf 76' lang='lat' dir='ltr'>Notu</span> <span class='ocrx_word' id='word_1_390' title='bbox 190 3395 300 3458; x_wconf 83' lang='lat' dir='ltr'>etiarn,</span> <span class='ocrx_word' id='word_1_391' title='bbox 316 3391 493 3471; x_wconf 86' lang='lat' dir='ltr'>Apostolum</span> <span class='ocrx_word' id='word_1_392' title='bbox 510 3392 555 3461; x_wconf 89' lang='lat' dir='ltr'>id,</span> <span class='ocrx_word' id='word_1_393' title='bbox 571 3391 654 3470; x_wconf 88' lang='lat' dir='ltr'>quod</span> <span class='ocrx_word' id='word_1_394' title='bbox 668 3393 749 3470; x_wconf 87' lang='lat' dir='ltr'>prius</span> <span class='ocrx_word' id='word_1_395' title='bbox 799 3396 858 3454; x_wconf 90' lang='lat' dir='ltr'>rint</span> <span class='ocrx_word' id='word_1_396' title='bbox 872 3395 961 3453; x_wconf 88' lang='lat' dir='ltr'>etiam</span> <span class='ocrx_word' id='word_1_397' title='bbox 977 3393 1150 3454; x_wconf 90' lang='lat' dir='ltr'>deteriores.</span> <span class='ocrx_word' id='word_1_398' title='bbox 1174 3390 1265 3471; x_wconf 78' lang='lat' dir='ltr'>Quod</span> <span class='ocrx_word' id='word_1_399' title='bbox 1286 3395 1382 3471; x_wconf 91' lang='lat' dir='ltr'>ipsum</span> <span class='ocrx_word' id='word_1_400' title='bbox 1398 3401 1497 3452; x_wconf 87' lang='lat' dir='ltr'>tamen</span> 
     </span>
     <span class='ocr_line' id='line_1_37' title="bbox 58 3476 1498 3561; baseline -0.004 -19"><span class='ocrx_word' id='word_1_401' title='bbox 58 3492 207 3560; x_wconf 78' lang='lat' dir='ltr'>peccatum</span> <span class='ocrx_word' id='word_1_402' title='bbox 224 3489 257 3538; x_wconf 93' lang='lat' dir='ltr'>et</span> <span class='ocrx_word' id='word_1_403' title='bbox 267 3479 415 3555; x_wconf 87' lang='lat' dir='ltr'>justitiam</span> <span class='ocrx_word' id='word_1_404' title='bbox 432 3478 563 3550; x_wconf 86' lang='lat' dir='ltr'>dixerat,</span> <span class='ocrx_word' id='word_1_405' title='bbox 587 3499 664 3538; x_wconf 88' lang='lat' dir='ltr'>nuuc</span> <span class='ocrx_word' id='word_1_406' title='bbox 688 3480 748 3536; x_wconf 87' lang='lat' dir='ltr'>ino·</span> <span class='ocrx_word' id='word_1_407' title='bbox 799 3481 958 3561; x_wconf 84' lang='lat' dir='ltr'>profecerit</span> <span class='ocrx_word' id='word_1_408' title='bbox 988 3479 1026 3538; x_wconf 88' lang='lat' dir='ltr'>ad</span> <span class='ocrx_word' id='word_1_409' title='bbox 1056 3482 1199 3558; x_wconf 89' lang='lat' dir='ltr'>majorem</span> <span class='ocrx_word' id='word_1_410' title='bbox 1229 3480 1346 3557; x_wconf 89' lang='lat' dir='ltr'>gratiae</span> <span class='ocrx_word' id='word_1_411' title='bbox 1384 3476 1498 3537; x_wconf 82' lang='lat' dir='ltr'>Christi</span> 
     </span>
     <span class='ocr_line' id='line_1_38' title="bbox 58 3563 1536 3647; baseline -0.003 -18"><span class='ocrx_word' id='word_1_412' title='bbox 58 3567 237 3629; x_wconf 82' lang='lat' dir='ltr'>bedicntiam</span> <span class='ocrx_word' id='word_1_413' title='bbox 251 3564 750 3647; x_wconf 77' lang='lat' dir='ltr'>etobedientiarnvocare3eano</span> <span class='ocrx_word' id='word_1_414' title='bbox 799 3566 1100 3628; x_wconf 89' lang='lat' dir='ltr'>commendationem.</span> <span class='ocrx_word' id='word_1_415' title='bbox 1131 3567 1334 3627; x_wconf 82' lang='lat' dir='ltr'>Subiutrauit</span> <span class='ocrx_word' id='word_1_416' title='bbox 1364 3563 1497 3638; x_wconf 82' lang='lat' dir='ltr'>Graece,</span> <span class='ocrx_word' id='word_1_417' title='bbox 1531 3625 1536 3640; x_wconf 71' lang='grc'>,</span> 
     </span>
     <span class='ocr_line' id='line_1_39' title="bbox 57 3650 1498 3736; baseline -0.001 -22"><span class='ocrx_word' id='word_1_418' title='bbox 57 3655 228 3736; x_wconf 75' lang='lat' dir='ltr'>intelligitur</span> <span class='ocrx_word' id='word_1_419' title='bbox 244 3651 283 3712; x_wconf 90' lang='lat' dir='ltr'>de</span> <span class='ocrx_word' id='word_1_420' title='bbox 306 3651 414 3711; x_wconf 88' lang='lat' dir='ltr'>actuali</span> <span class='ocrx_word' id='word_1_421' title='bbox 429 3662 553 3730; x_wconf 91' lang='lat' dir='ltr'>peccato</span> <span class='ocrx_word' id='word_1_422' title='bbox 577 3652 676 3720; x_wconf 88' lang='lat' dir='ltr'>Adae,</span> <span class='ocrx_word' id='word_1_423' title='bbox 702 3653 750 3711; x_wconf 89' lang='lat' dir='ltr'>de·</span> <span class='ocrx_word' id='word_1_424' title='bbox 799 3650 1015 3731; x_wconf 65' lang='lat' dir='ltr'>superequitat.</span> <span class='ocrx_word' id='word_1_425' title='bbox 1029 3652 1120 3731; x_wconf 79' lang='lat' dir='ltr'>Quod</span> <span class='ocrx_word' id='word_1_426' title='bbox 1133 3653 1184 3712; x_wconf 91' lang='lat' dir='ltr'>alii</span> <span class='ocrx_word' id='word_1_427' title='bbox 1197 3660 1328 3726; x_wconf 85' lang='lat' dir='ltr'>vertunt,</span> <span class='ocrx_word' id='word_1_428' title='bbox 1340 3652 1439 3711; x_wconf 81' lang='lat' dir='ltr'>obiter</span> <span class='ocrx_word' id='word_1_429' title='bbox 1451 3655 1498 3712; x_wconf 81' lang='lat' dir='ltr'>iu·</span> 
     </span>
     <span class='ocr_line' id='line_1_40' title="bbox 58 3736 1500 3820; baseline -0.001 -21"><span class='ocrx_word' id='word_1_430' title='bbox 58 3759 109 3820; x_wconf 89' lang='lat' dir='ltr'>que</span> <span class='ocrx_word' id='word_1_431' title='bbox 123 3740 241 3802; x_wconf 78' lang='lat' dir='ltr'>aemuli</span> <span class='ocrx_word' id='word_1_432' title='bbox 251 3739 371 3816; x_wconf 86' lang='lat' dir='ltr'>justitia</span> <span class='ocrx_word' id='word_1_433' title='bbox 383 3736 492 3799; x_wconf 90' lang='lat' dir='ltr'>Christi</span> <span class='ocrx_word' id='word_1_434' title='bbox 510 3739 634 3798; x_wconf 86' lang='lat' dir='ltr'>Paulnru</span> <span class='ocrx_word' id='word_1_435' title='bbox 659 3739 752 3797; x_wconf 87' lang='lat' dir='ltr'>fuisse</span> <span class='ocrx_word' id='word_1_436' title='bbox 800 3744 910 3815; x_wconf 81' lang='lat' dir='ltr'>travit,</span> <span class='ocrx_word' id='word_1_437' title='bbox 927 3741 1029 3800; x_wconf 81' lang='lat' dir='ltr'>subiit.</span> <span class='ocrx_word' id='word_1_438' title='bbox 1046 3740 1128 3799; x_wconf 86' lang='lat' dir='ltr'>Alibi</span> <span class='ocrx_word' id='word_1_439' title='bbox 1144 3741 1174 3799; x_wconf 92' lang='lat' dir='ltr'>in</span> <span class='ocrx_word' id='word_1_440' title='bbox 1189 3739 1299 3799; x_wconf 89' lang='lat' dir='ltr'>malam</span> <span class='ocrx_word' id='word_1_441' title='bbox 1314 3746 1430 3818; x_wconf 90' lang='lat' dir='ltr'>partem</span> <span class='ocrx_word' id='word_1_442' title='bbox 1443 3739 1500 3798; x_wconf 91' lang='lat' dir='ltr'>hoc</span> 
     </span>
     <span class='ocr_line' id='line_1_41' title="bbox 58 3825 1499 3906; baseline -0.001 -18"><span class='ocrx_word' id='word_1_443' title='bbox 58 3825 191 3888; x_wconf 80' lang='lat' dir='ltr'>locutum.</span> <span class='ocrx_word' id='word_1_444' title='bbox 227 3826 363 3886; x_wconf 85' lang='lat' dir='ltr'>Vocatur</span> <span class='ocrx_word' id='word_1_445' title='bbox 379 3834 478 3883; x_wconf 87' lang='lat' dir='ltr'>autern</span> <span class='ocrx_word' id='word_1_446' title='bbox 494 3826 579 3886; x_wconf 84' lang='lat' dir='ltr'>Adae</span> <span class='ocrx_word' id='word_1_447' title='bbox 596 3836 750 3904; x_wconf 87' lang='lat' dir='ltr'>peccatum</span> <span class='ocrx_word' id='word_1_448' title='bbox 800 3829 925 3889; x_wconf 86' lang='lat' dir='ltr'>verbum</span> <span class='ocrx_word' id='word_1_449' title='bbox 941 3828 1094 3906; x_wconf 90' lang='lat' dir='ltr'>accipitur,</span> <span class='ocrx_word' id='word_1_450' title='bbox 1110 3835 1143 3885; x_wconf 92' lang='lat' dir='ltr'>ut</span> <span class='ocrx_word' id='word_1_451' title='bbox 1158 3825 1259 3886; x_wconf 87' lang='lat' dir='ltr'>Galat.</span> <span class='ocrx_word' id='word_1_452' title='bbox 1272 3829 1299 3886; x_wconf 78' lang='lat'>2.</span> <span class='ocrx_word' id='word_1_453' title='bbox 1317 3829 1378 3905; x_wconf 78' lang='lat' dir='ltr'>Qui</span> <span class='ocrx_word' id='word_1_454' title='bbox 1389 3827 1499 3887; x_wconf 81' lang='lat' dir='ltr'>subiu-</span> 
     </span>
     <span class='ocr_line' id='line_1_42' title="bbox 58 3910 1499 3992; baseline 0 -20"><span class='ocrx_word' id='word_1_455' title='bbox 58 3913 272 3981; x_wconf 88' lang='lat' dir='ltr'>inobedientia,</span> <span class='ocrx_word' id='word_1_456' title='bbox 310 3933 369 3970; x_wconf 92' lang='lat' dir='ltr'>non</span> <span class='ocrx_word' id='word_1_457' title='bbox 399 3910 480 3991; x_wconf 86' lang='lat' dir='ltr'>quod</span> <span class='ocrx_word' id='word_1_458' title='bbox 512 3933 550 3973; x_wconf 89' lang='lat' dir='ltr'>ex</span> <span class='ocrx_word' id='word_1_459' title='bbox 581 3923 751 3992; x_wconf 84' lang='lat' dir='ltr'>contemptu</span> <span class='ocrx_word' id='word_1_460' title='bbox 801 3917 959 3976; x_wconf 80' lang='lat' dir='ltr'>troieruut</span> <span class='ocrx_word' id='word_1_461' title='bbox 976 3914 1144 3989; x_wconf 77' lang='lat' dir='ltr'>explorare</span> <span class='ocrx_word' id='word_1_462' title='bbox 1157 3914 1335 3973; x_wconf 79' lang='lat' dir='ltr'>libertatem</span> <span class='ocrx_word' id='word_1_463' title='bbox 1347 3919 1499 3973; x_wconf 80' lang='lat' dir='ltr'>uestram.</span> 
     </span>
     <span class='ocr_line' id='line_1_43' title="bbox 58 3998 1500 4082; baseline -0.001 -20"><span class='ocrx_word' id='word_1_464' title='bbox 58 4002 203 4082; x_wconf 78' lang='lat' dir='ltr'>pneoepti</span> <span class='ocrx_word' id='word_1_465' title='bbox 220 3999 317 4058; x_wconf 86' lang='lat' dir='ltr'>divini</span> <span class='ocrx_word' id='word_1_466' title='bbox 333 4001 523 4077; x_wconf 88' lang='lat' dir='ltr'>processerit,</span> <span class='ocrx_word' id='word_1_467' title='bbox 540 3998 594 4058; x_wconf 91' lang='lat' dir='ltr'>sed</span> <span class='ocrx_word' id='word_1_468' title='bbox 610 4009 750 4078; x_wconf 89' lang='lat' dir='ltr'>usurpato</span> <span class='ocrx_word' id='word_1_469' title='bbox 843 4001 955 4062; x_wconf 89' lang='lat' dir='ltr'>Verum</span> <span class='ocrx_word' id='word_1_470' title='bbox 979 4000 1025 4060; x_wconf 91' lang='lat' dir='ltr'>hic</span> <span class='ocrx_word' id='word_1_471' title='bbox 1037 4022 1096 4060; x_wconf 92' lang='lat' dir='ltr'>non</span> <span class='ocrx_word' id='word_1_472' title='bbox 1109 3999 1193 4060; x_wconf 90' lang='lat' dir='ltr'>aliud</span> <span class='ocrx_word' id='word_1_473' title='bbox 1205 4000 1397 4079; x_wconf 90' lang='lat' dir='ltr'>significatur,</span> <span class='ocrx_word' id='word_1_474' title='bbox 1409 4020 1500 4080; x_wconf 87' lang='lat' dir='ltr'>quam</span> 
     </span>
     <span class='ocr_line' id='line_1_44' title="bbox 60 4084 1499 4169; baseline 0.002 -25"><span class='ocrx_word' id='word_1_475' title='bbox 60 4089 170 4148; x_wconf 87' lang='lat' dir='ltr'>nomine</span> <span class='ocrx_word' id='word_1_476' title='bbox 185 4084 410 4147; x_wconf 85' lang='lat' dir='ltr'>inobedientiae</span> <span class='ocrx_word' id='word_1_477' title='bbox 434 4107 487 4164; x_wconf 88' lang='lat' dir='ltr'>pro</span> <span class='ocrx_word' id='word_1_478' title='bbox 504 4090 751 4166; x_wconf 85' lang='lat' dir='ltr'>transgressione,</span> <span class='ocrx_word' id='word_1_479' title='bbox 800 4096 871 4169; x_wconf 89' lang='lat' dir='ltr'>post</span> <span class='ocrx_word' id='word_1_480' title='bbox 892 4089 1059 4167; x_wconf 88' lang='lat' dir='ltr'>ingressum</span> <span class='ocrx_word' id='word_1_481' title='bbox 1082 4088 1199 4165; x_wconf 89' lang='lat' dir='ltr'>peccati</span> <span class='ocrx_word' id='word_1_482' title='bbox 1223 4089 1252 4146; x_wconf 92' lang='lat' dir='ltr'>in</span> <span class='ocrx_word' id='word_1_483' title='bbox 1275 4084 1432 4160; x_wconf 90' lang='lat' dir='ltr'>mundum,</span> <span class='ocrx_word' id='word_1_484' title='bbox 1456 4089 1499 4147; x_wconf 89' lang='lat' dir='ltr'>in·</span> 
     </span>
     <span class='ocr_line' id='line_1_45' title="bbox 59 4173 1499 4254; baseline 0.003 -22"><span class='ocrx_word' id='word_1_485' title='bbox 59 4192 110 4251; x_wconf 81' lang='lat' dir='ltr'>qua</span> <span class='ocrx_word' id='word_1_486' title='bbox 123 4175 266 4235; x_wconf 88' lang='lat' dir='ltr'>nimirum</span> <span class='ocrx_word' id='word_1_487' title='bbox 284 4180 424 4250; x_wconf 83' lang='lat' dir='ltr'>peccatur</span> <span class='ocrx_word' id='word_1_488' title='bbox 441 4183 544 4233; x_wconf 90' lang='lat' dir='ltr'>contra</span> <span class='ocrx_word' id='word_1_489' title='bbox 560 4174 657 4252; x_wconf 88' lang='lat' dir='ltr'>legem</span> <span class='ocrx_word' id='word_1_490' title='bbox 673 4174 747 4253; x_wconf 91' lang='lat' dir='ltr'>posi·</span> <span class='ocrx_word' id='word_1_491' title='bbox 801 4176 885 4235; x_wconf 91' lang='lat' dir='ltr'>terim</span> <span class='ocrx_word' id='word_1_492' title='bbox 902 4174 973 4233; x_wconf 88' lang='lat' dir='ltr'>dum</span> <span class='ocrx_word' id='word_1_493' title='bbox 995 4175 1108 4254; x_wconf 90' lang='lat' dir='ltr'>gratia,</span> <span class='ocrx_word' id='word_1_494' title='bbox 1134 4174 1249 4254; x_wconf 88' lang='lat' dir='ltr'>peccati</span> <span class='ocrx_word' id='word_1_495' title='bbox 1273 4173 1424 4246; x_wconf 82' lang='lat' dir='ltr'>senatrix,</span> <span class='ocrx_word' id='word_1_496' title='bbox 1450 4194 1499 4236; x_wconf 85' lang='lat' dir='ltr'>ex·</span> 
     </span>
     <span class='ocr_line' id='line_1_46' title="bbox 61 4258 1500 4341; baseline 0.001 -23"><span class='ocrx_word' id='word_1_497' title='bbox 61 4261 140 4320; x_wconf 76' lang='lat' dir='ltr'>tirum</span> <span class='ocrx_word' id='word_1_498' title='bbox 156 4270 251 4340; x_wconf 84' lang='lat' dir='ltr'>atque</span> <span class='ocrx_word' id='word_1_499' title='bbox 268 4279 459 4337; x_wconf 87' lang='lat' dir='ltr'>expressam,</span> <span class='ocrx_word' id='word_1_500' title='bbox 485 4261 582 4340; x_wconf 91' lang='lat' dir='ltr'>qualis</span> <span class='ocrx_word' id='word_1_501' title='bbox 606 4269 670 4319; x_wconf 87' lang='lat' dir='ltr'>erat</span> <span class='ocrx_word' id='word_1_502' title='bbox 686 4261 750 4319; x_wconf 88' lang='lat' dir='ltr'>illa:</span> <span class='ocrx_word' id='word_1_503' title='bbox 802 4271 963 4341; x_wconf 89' lang='lat' dir='ltr'>spectatur,</span> <span class='ocrx_word' id='word_1_504' title='bbox 972 4260 1071 4340; x_wconf 85' lang='lat' dir='ltr'>legem</span> <span class='ocrx_word' id='word_1_505' title='bbox 1079 4260 1303 4339; x_wconf 89' lang='lat' dir='ltr'>subingressam</span> <span class='ocrx_word' id='word_1_506' title='bbox 1314 4258 1414 4320; x_wconf 85' lang='lat' dir='ltr'>fuisse.</span> <span class='ocrx_word' id='word_1_507' title='bbox 1428 4261 1500 4320; x_wconf 88' lang='lat' dir='ltr'>Par-</span> 
     </span>
     <span class='ocr_line' id='line_1_47' title="bbox 63 4346 1500 4428; baseline 0.003 -24"><span class='ocrx_word' id='word_1_508' title='bbox 63 4347 103 4405; x_wconf 84' lang='lat' dir='ltr'>De</span> <span class='ocrx_word' id='word_1_509' title='bbox 116 4350 203 4424; x_wconf 70' lang='lat' dir='ltr'>liquo</span> <span class='ocrx_word' id='word_1_510' title='bbox 220 4349 373 4407; x_wconf 81' lang='lat' dir='ltr'>scientiae</span> <span class='ocrx_word' id='word_1_511' title='bbox 390 4346 464 4404; x_wconf 81' lang='lat' dir='ltr'>boui</span> <span class='ocrx_word' id='word_1_512' title='bbox 485 4355 513 4405; x_wconf 84' lang='lat' dir='ltr'>et</span> <span class='ocrx_word' id='word_1_513' title='bbox 537 4349 613 4406; x_wconf 71' lang='lat' dir='ltr'>rurali</span> <span class='ocrx_word' id='word_1_514' title='bbox 637 4368 675 4406; x_wconf 78' lang='lat' dir='ltr'>ue</span> <span class='ocrx_word' id='word_1_515' title='bbox 699 4368 752 4408; x_wconf 83' lang='lat' dir='ltr'>co·</span> <span class='ocrx_word' id='word_1_516' title='bbox 801 4348 893 4408; x_wconf 88' lang='lat' dir='ltr'>ticula</span> <span class='ocrx_word' id='word_1_517' title='bbox 908 4355 945 4409; x_wconf 81' lang='lat' dir='ltr'>ut</span> <span class='ocrx_word' id='word_1_518' title='bbox 956 4370 974 4408; x_wconf 91' lang='lat' dir='ltr'>a</span> <span class='ocrx_word' id='word_1_519' title='bbox 986 4349 1139 4428; x_wconf 87' lang='lat' dir='ltr'>plerisque</span> <span class='ocrx_word' id='word_1_520' title='bbox 1152 4348 1194 4406; x_wconf 90' lang='lat' dir='ltr'>sic</span> <span class='ocrx_word' id='word_1_521' title='bbox 1208 4347 1378 4425; x_wconf 88' lang='lat' dir='ltr'>exponitur,</span> <span class='ocrx_word' id='word_1_522' title='bbox 1394 4355 1500 4408; x_wconf 86' lang='lat' dir='ltr'>utnon</span> 
     </span>
    </p>
   </div>
   <div class='ocr_carea' id='block_1_9' title="bbox 12 4433 1502 4510">
    <p class='ocr_par' dir='ltr' id='par_1_9' title="bbox 12 4433 1502 4510">
     <span class='ocr_line' id='line_1_48' title="bbox 12 4433 1502 4510; baseline 0.003 -19"><span class='ocrx_word' id='word_1_523' title='bbox 12 4498 14 4503; x_wconf 70' lang='lat'>,</span> <span class='ocrx_word' id='word_1_524' title='bbox 62 4436 163 4496; x_wconf 74' lang='lat' dir='ltr'>medas.</span> <span class='ocrx_word' id='word_1_525' title='bbox 190 4438 233 4495; x_wconf 84' lang='lat' dir='ltr'>In</span> <span class='ocrx_word' id='word_1_526' title='bbox 249 4453 447 4510; x_wconf 65' lang='lat' dir='ltr'>quercumque</span> <span class='ocrx_word' id='word_1_527' title='bbox 472 4439 554 4493; x_wconf 83' lang='lat' dir='ltr'>euim</span> <span class='ocrx_word' id='word_1_528' title='bbox 584 4436 634 4493; x_wconf 80' lang='lat' dir='ltr'>die</span> <span class='ocrx_word' id='word_1_529' title='bbox 651 4455 751 4495; x_wconf 82' lang='lat' dir='ltr'>corne·</span> <span class='ocrx_word' id='word_1_530' title='bbox 802 4436 922 4496; x_wconf 88' lang='lat' dir='ltr'>finalem</span> <span class='ocrx_word' id='word_1_531' title='bbox 949 4456 1069 4498; x_wconf 86' lang='lat' dir='ltr'>oausam</span> <span class='ocrx_word' id='word_1_532' title='bbox 1097 4434 1237 4506; x_wconf 91' lang='lat' dir='ltr'>denotet,</span> <span class='ocrx_word' id='word_1_533' title='bbox 1265 4433 1317 4493; x_wconf 87' lang='lat' dir='ltr'>sed</span> <span class='ocrx_word' id='word_1_534' title='bbox 1346 4444 1502 4509; x_wconf 71' lang='lat' dir='ltr'>eventum,</span> 
     </span>
    </p>
   </div>
   <div class='ocr_carea' id='block_1_10' title="bbox 61 4519 1501 4778">
    <p class='ocr_par' dir='ltr' id='par_1_10' title="bbox 61 4519 1501 4778">
     <span class='ocr_line' id='line_1_49' title="bbox 61 4519 1378 4605; baseline -0.002 -23"><span class='ocrx_word' id='word_1_535' title='bbox 61 4519 131 4582; x_wconf 74' lang='lat' dir='ltr'>«terta</span> <span class='ocrx_word' id='word_1_536' title='bbox 146 4543 184 4584; x_wconf 69' lang='lat' dir='ltr'>cz</span> <span class='ocrx_word' id='word_1_537' title='bbox 199 4542 248 4596; x_wconf 83' lang='lat' dir='ltr'>ec,</span> <span class='ocrx_word' id='word_1_538' title='bbox 266 4528 368 4580; x_wconf 80' lang='lat' dir='ltr'>morte</span> <span class='ocrx_word' id='word_1_539' title='bbox 386 4524 538 4580; x_wconf 79' lang='lat' dir='ltr'>urorieris.</span> <span class='ocrx_word' id='word_1_540' title='bbox 802 4521 951 4604; x_wconf 92' lang='lat' dir='ltr'>quomodo</span> <span class='ocrx_word' id='word_1_541' title='bbox 968 4524 1141 4605; x_wconf 85' lang='lat' dir='ltr'>frequenter</span> <span class='ocrx_word' id='word_1_542' title='bbox 1156 4522 1228 4583; x_wconf 90' lang='lat' dir='ltr'>alibi</span> <span class='ocrx_word' id='word_1_543' title='bbox 1244 4523 1378 4582; x_wconf 87' lang='lat' dir='ltr'>sumitur.</span> 
     </span>
     <span class='ocr_line' id='line_1_50' title="bbox 95 4607 1501 4689; baseline -0.001 -20"><span class='ocrx_word' id='word_1_544' title='bbox 95 4608 205 4672; x_wconf 84' lang='lat' dir='ltr'>Sensus</span> <span class='ocrx_word' id='word_1_545' title='bbox 223 4618 288 4670; x_wconf 83' lang='lat' dir='ltr'>est:</span> <span class='ocrx_word' id='word_1_546' title='bbox 313 4607 399 4667; x_wconf 87' lang='lat' dir='ltr'>Sicut</span> <span class='ocrx_word' id='word_1_547' title='bbox 422 4628 474 4688; x_wconf 92' lang='lat' dir='ltr'>per</span> <span class='ocrx_word' id='word_1_548' title='bbox 495 4610 581 4668; x_wconf 77' lang='lat' dir='ltr'>unius</span> <span class='ocrx_word' id='word_1_549' title='bbox 599 4610 687 4689; x_wconf 89' lang='lat' dir='ltr'>primi</span> <span class='ocrx_word' id='word_1_550' title='bbox 702 4610 752 4668; x_wconf 91' lang='lat' dir='ltr'>ho·</span> <span class='ocrx_word' id='word_1_551' title='bbox 844 4612 894 4670; x_wconf 90' lang='lat' dir='ltr'>Ita</span> <span class='ocrx_word' id='word_1_552' title='bbox 909 4629 1014 4671; x_wconf 89' lang='lat' dir='ltr'>sensus</span> <span class='ocrx_word' id='word_1_553' title='bbox 1029 4619 1088 4671; x_wconf 83' lang='lat' dir='ltr'>est:</span> <span class='ocrx_word' id='word_1_554' title='bbox 1110 4612 1191 4681; x_wconf 88' lang='lat' dir='ltr'>Lex,</span> <span class='ocrx_word' id='word_1_555' title='bbox 1218 4608 1380 4689; x_wconf 89' lang='lat' dir='ltr'>prohibens</span> <span class='ocrx_word' id='word_1_556' title='bbox 1396 4627 1501 4689; x_wconf 82' lang='lat' dir='ltr'>pecca-</span> 
     </span>
     <span class='ocr_line' id='line_1_51' title="bbox 61 4692 1499 4778; baseline 0.001 -26"><span class='ocrx_word' id='word_1_557' title='bbox 61 4696 133 4756; x_wconf 81' lang='lat' dir='ltr'>u&#39;uis</span> <span class='ocrx_word' id='word_1_558' title='bbox 146 4694 397 4765; x_wconf 76' lang='lat' dir='ltr'>inobedimtiam,</span> <span class='ocrx_word' id='word_1_559' title='bbox 413 4694 443 4754; x_wconf 91' lang='lat' dir='ltr'>id</span> <span class='ocrx_word' id='word_1_560' title='bbox 459 4704 514 4768; x_wconf 88' lang='lat' dir='ltr'>est,</span> <span class='ocrx_word' id='word_1_561' title='bbox 542 4698 752 4774; x_wconf 88' lang='lat' dir='ltr'>transgressio·</span> <span class='ocrx_word' id='word_1_562' title='bbox 801 4708 876 4767; x_wconf 91' lang='lat' dir='ltr'>turn,</span> <span class='ocrx_word' id='word_1_563' title='bbox 891 4697 991 4757; x_wconf 91' lang='lat' dir='ltr'>medio</span> <span class='ocrx_word' id='word_1_564' title='bbox 1006 4707 1139 4778; x_wconf 89' lang='lat' dir='ltr'>tempore</span> <span class='ocrx_word' id='word_1_565' title='bbox 1159 4699 1235 4758; x_wconf 91' lang='lat' dir='ltr'>inter</span> <span class='ocrx_word' id='word_1_566' title='bbox 1252 4695 1348 4758; x_wconf 82' lang='lat' dir='ltr'>Adam</span> <span class='ocrx_word' id='word_1_567' title='bbox 1366 4705 1396 4757; x_wconf 89' lang='lat' dir='ltr'>et</span> <span class='ocrx_word' id='word_1_568' title='bbox 1416 4692 1499 4755; x_wconf 85' lang='lat' dir='ltr'>Chri·</span> 
     </span>
    </p>
   </div>
   <div class='ocr_carea' id='block_1_11' title="bbox 0 0 1632 5190">
    <p class='ocr_par' dir='ltr' id='par_1_11' title="bbox 0 0 1632 5190">
     <span class='ocr_line' id='line_1_52' title="bbox 0 0 1632 5190; baseline 0 0"><span class='ocrx_word' id='word_1_569' title='bbox 0 0 1632 5190; x_wconf 95' lang='lat' dir='ltr'> </span> 
     </span>
    </p>
   </div>
  </div>
 </body>
</html>
