3254 5190
415 276 578 331 mem
596 277 613 330 L
631 276 671 330 tn
691 276 878 330 contitutus.
902 275 984 328 till&
1006 278 1122 330 lte-lb.
1419 286 1492 352 405

60 464 79 515 rt
104 451 236 533 proinde
266 450 360 515 lineet
394 450 561 535 sliquendo
593 452 745 525 lomieari,
794 461 914 531 regatur
929 461 960 512 et
975 461 1073 515 metus
1088 454 1225 532 recipiat.
1263 452 1335 514 Jam
1356 473 1396 514 ne
1414 453 1495 516 dim

60 560 131 623 prum
147 534 257 619 sitjrss
270 558 327 621 per
336 556 371 601 se
384 538 497 602 than
794 540 877 619 quis,
899 540 976 599 sicut
989 547 1127 601 ventrem
1150 539 1194 599 its
1208 547 1238 598 et
1253 559 1361 617 corpas
1377 538 1493 601 destru-

85 626 185 706 Igitur
198 622 250 685 bie
268 642 374 689 rursus
395 623 598 709 supplendum
613 625 746 698 verbum,
795 624 905 686 endum
920 645 1002 699 esse,
1017 626 1169 705 sequitur:

59 712 134 795 paule
149 713 185 773 in
199 722 290 792 parto
301 712 508 793 praecedenti,
531 712 672 784 debetm,
695 711 746 771 de·
839 715 888 772 14.
905 712 993 772 Deus
1003 730 1080 772 vcro
1092 712 1307 772 etDomirsum
1318 716 1492 789 manave,

59 801 189 873 mutar,
206 798 385 861 utbibutum
399 807 455 861 est
484 799 644 879 Significat
658 799 746 871 enim,
796 807 825 859 et
839 816 897 858 nos
911 799 1082 859 suscitabit.
1105 794 1373 877 Quemadmodum,
1388 800 1494 881 inquit,

59 904 128 947 mm
141 886 283 967 eorporis
296 903 316 945 a
330 884 400 947 Deo
414 886 580 949 institutm
596 905 657 946 non
672 904 747 957 esse,
795 884 879 945 Deus
899 882 1053 946 Christum
1074 885 1238 945 Dominum
1260 886 1454 946 resuscitavit
1475 907 1495 946 e

59 971 261 1034 obmisere
274 990 312 1032 ee
332 970 452 1034 libidini
472 972 671 1053 obsequetur,
692 968 749 1031 ssd
795 979 891 1032 morte
906 970 944 1031 sd
960 973 1054 1031 vitam
1067 971 1274 1044 immortalem,
1290 971 1334 1030 ita
1348 978 1379 1031 et
1392 980 1495 1032 nostru

59 1066 80 1119 rt
99 1058 219 1121 rurist
243 1055 370 1121 Christo
394 1058 540 1133 Domino,
569 1059 623 1141 qai
648 1058 748 1138 pretio
797 1077 922 1138 corpore
949 1056 1073 1119 donabit
1099 1058 1339 1118 immortalitate:
1369 1069 1404 1118 ut
1429 1059 1496 1138 ipse

59 1146 90 1206 ni
103 1143 266 1225 ungunt·
280 1152 378 1209 ton·
389 1142 538 1207 hominem
552 1145 613 1206 sibi
627 1162 748 1205 servum
796 1144 919 1224 quidem
933 1163 1050 1225 semper
1065 1146 1180 1218 vivant,
1196 1152 1295 1204 cesset
1309 1151 1408 1204 autem
1421 1164 1495 1207 usus

59 1231 238 1312 meipevit.
258 1230 331 1293 bion
344 1232 439 1293 savit
449 1241 550 1293 satem
564 1249 675 1312 eorpus
684 1231 734 1290 Do
796 1231 995 1292 membrorum
1010 1230 1049 1290 ad
1064 1250 1115 1304 ea,
1136 1249 1218 1311 quse
1238 1239 1308 1291 sunt
1326 1230 1416 1309 hujus
1431 1252 1494 1292 cor·

59 1319 140 1392 sino,
162 1319 223 1379 nisi
238 1326 376 1381 senam
388 1320 596 1400 sltetpurum
612 1317 650 1377 sb
666 1319 749 1378 omni
795 1317 948 1398 ruptibilis
962 1320 1057 1379 ritae.
1087 1316 1138 1378 Sic
1152 1318 1237 1378 Rem.
1254 1317 1283 1375 8.
1321 1318 1495 1396 (2111111111-

59 1402 245 1467 munditia
283 1404 367 1487 Quia
390 1425 464 1467 vero
482 1414 577 1466 totum
598 1405 748 1465 hominem
796 1408 877 1465 tavit
890 1408 1006 1467 Jesum
1022 1405 1181 1466 Christum
1196 1422 1217 1463 a
1231 1407 1383 1479 mortuis,
1410 1408 1496 1465 uiui·

58 1488 187 1553 thura·
200 1489 339 1569 redemit,
353 1491 469 1553 idcirco
484 1500 624 1552 ettotam
639 1510 748 1571 corpus
795 1491 902 1568 tiwbit
921 1499 951 1551 st
972 1492 1127 1552 nwrtalia
1147 1508 1285 1567 corpora
1307 1499 1422 1553 uerna.
1459 1491 1496 1551 Id

58 1578 94 1639 ic
104 1576 264 1659 inelltga,
290 1586 432 1641 romtmr
447 1579 583 1640 omnibns
598 1578 748 1652 membris,
796 1586 896 1638 antem
909 1576 1044 1638 facturus
1059 1586 1107 1639 eet
1121 1586 1154 1638 ut
1168 1576 1321 1658 sequitur:

58 1666 137 1727 snm
152 1662 232 1739 illis,
250 1665 363 1745 quibus
377 1664 419 1727 ad
432 1664 571 1727 libidines
586 1664 749 1725 abutuntur
840 1666 903 1726 Per
923 1667 1073 1725 virtualem
1095 1682 1199 1725 mam.
1235 1662 1272 1723 Id
1295 1672 1358 1735 est,
1387 1662 1494 1725 eadem

58 1750 216 1814 t'ornieerii:
246 1770 329 1831 quse
356 1754 415 1814 etsi
443 1752 591 1832 deputate
619 1751 679 1811 sint
709 1749 749 1810 sd
796 1758 1023 1833 potestateque
1032 1749 1186 1813 Christum
1197 1750 1495 1812 Dominumemorte

58 1856 135 1900 stum
162 1836 337 1919 gignendae
361 1839 472 1921 prolis,
497 1860 557 1900 uon
583 1847 685 1898 temen
709 1836 748 1897 sd
797 1838 965 1899 suscitavit
1002 1838 1044 1897 Et
1069 1840 1211 1918 qnoniam
1242 1834 1378 1897 Christus
1404 1839 1493 1898 etiem

58 1924 291 1997 hrnieationem,
316 1944 374 1987 nec
395 1924 435 1987 ed
457 1925 551 1987 ullum
573 1933 673 1985 actem
688 1932 746 1984 tur·
797 1924 882 1984 Deus
898 1932 951 1996 est,
963 1926 1029 2004 ipse
1041 1944 1162 2005 quoqne
1174 1924 1305 2003 seipsum
1318 1925 1495 1999 suscitevit3

58 2030 114 2093 pn
128 2023 163 2073 et
182 2010 395 2073 inordinatum.
796 2010 839 2070 uti
850 2029 884 2070 se
894 2011 1042 2071 iacturum
1058 2010 1081 2072 J
1082 2010 1187 2071 aducis
1203 2010 1395 2089 praedixerat
1404 2010 1494 2072 Jeeu.

87 2096 411 2172 Ostendithieloeus,
426 2098 561 2161 edamin
576 2099 645 2177 ipsa
659 2116 747 2177 oopu-
798 2102 827 2159 2.
857 2099 979 2158 Solvite
1000 2098 1154 2174 templum
1177 2098 1250 2170 hoc,
1279 2105 1308 2156 et
1333 2099 1370 2158 in
1394 2096 1496 2157 tribus

57 2186 159 2247 stione
190 2182 309 2245 cernuli
332 2204 423 2265 pesse
448 2186 593 2264 conjuges
618 2183 748 2244 Domino
798 2183 906 2245 dicbus
921 2183 1063 2245 excitabo
1085 2184 1177 2244 illud.
1215 2183 1310 2243 Porro
1332 2182 1495 2244 reundum

57 2272 179 2347 mire,
202 2272 230 2332 si
243 2290 304 2333 non
326 2269 366 2332 ed
380 2271 615 2352 turpitudinem,
641 2268 695 2330 sed
710 2269 749 2330 ob
798 2277 861 2341 est,
896 2271 1075 2350 Apostolum
1100 2290 1159 2331 nen
1187 2268 1322 2330 similiter
1348 2269 1431 2350 loqui
1457 2270 1496 2330 de

57 2358 135 2420 hem
148 2376 170 2418 e
185 2358 254 2419 Deo
268 2358 455 2431 institutum,
477 2378 554 2438 opus
570 2355 648 2418 illud
663 2376 748 2418 exsr-
797 2365 902 2419 ventre
916 2365 948 2419 et
962 2376 1101 2436 corpere:
1124 2359 1198 2438 quia
1220 2357 1335 2416 ventris
1359 2375 1429 2418 usus
1443 2376 1495 2417 no·

57 2452 143 2506 arne
181 2444 289 2505 Dices:
322 2444 463 2507 Sitetum
478 2463 586 2525 corpus
610 2443 750 2517 Domino,
798 2444 845 2504 bis
859 2445 1041 2517 notissimus,
1057 2445 1110 2523 qui
1125 2452 1170 2504 est
1184 2442 1267 2503 cibos
1281 2445 1417 2525 recipere
1428 2463 1495 2503 con·

57 2532 140 2612 'gitur
151 2538 307 2591 etventer
317 2530 457 2593 Domino.
471 2529 662 2612 Respondso,
672 2529 750 2590 Pau·
798 2530 956 2593 vertendos
973 2533 1005 2591 in
1019 2531 1233 2592 nutrimentum
1247 2530 1339 2590 totius
1354 2531 1496 2609 corporis,

57 2618 111 2679 lun
126 2616 159 2679 id
181 2636 242 2679 non
265 2636 391 2698 usgue:
413 2617 468 2680 sed
490 2616 640 2698 quendam
662 2635 750 2676 nsum
798 2618 979 2691 abolebitur,
996 2617 1119 2679 animali
1134 2618 1200 2677 rita
1214 2625 1367 2678 cessante:
1391 2635 1495 2695 corpe·

57 2705 163 2766 mnis
178 2702 350 2785 significare
372 2705 505 2766 voluisse
518 2704 634 2765 licitum
649 2723 686 2764 ac
700 2722 750 2762 ne·
799 2706 841 2765 ris
856 2714 954 2766 sutem
968 2724 1042 2765 usus
1061 2705 1091 2765 in
1106 2723 1219 2786 genere
1240 2711 1302 2777 eet,
1322 2712 1358 2763 nt
1380 2704 1497 2764 animae

57 2792 228 2864 annnam,
244 2790 367 2873 quando
381 2791 457 2853 dixit
473 2798 582 2853 uenter
597 2793 681 2865 acis,
699 2789 752 2869 qui
799 2792 839 2852 sit
864 2793 1104 2865 instrumentum,
1133 2791 1220 2871 eique
1246 2788 1429 2865 subserviat3
1466 2787 1498 2850 id

56 2890 149 2939 tamen
162 2896 238 2938 usus
250 2876 420 2940 abolendus
431 2880 486 2940 sit:
501 2876 666 2939 iomicaudi
677 2896 750 2936 vero
799 2877 880 2957 qnod
896 2880 987 2939 ctiam
1003 2878 1034 2938 in
1048 2880 1113 2939 vita
1128 2877 1292 2959 spirituali,
1314 2877 1414 2957 qualis
1429 2884 1498 2956 post

56 2973 229 3045 potestatem
240 2965 361 3025 omniuo
373 2964 525 3045 denegare
537 2964 661 3043 corpori,
678 2964 751 3043 quia
798 2967 1046 3026 resurrectionem
1054 2963 1360 3045 exspectatur,locnm
1368 2962 1497 3023 habebit

56 3062 141 3119 btmn
156 3051 274 3111 mire
288 3048 380 3112 debet
393 3048 522 3112 Christo.
845 3054 893 3112 lb.
917 3053 1048 3112 Nescitis
1071 3054 1225 3128 quoniam
1240 3068 1377 3126 corpora
1394 3057 1498 3109 ocrtra

90 3139 134 3199 Et
160 3139 323 3199 Dominus
348 3141 484 3215 corpori.
522 3138 643 3198 Pertern
673 3136 751 3196 hanc
799 3137 940 3197 membra
962 3144 1036 3198 sunt
1052 3139 1189 3199 Christi?
1210 3137 1270 3196 Hic
1287 3136 1352 3214 jam
1376 3155 1497 3215 expres·

56 3224 190 3305 Aquinas
212 3225 256 3285 sie
278 3225 420 3305 exponitr
446 3223 583 3285 Christus
602 3223 751 3284 Dominus
801 3227 862 3284 sius
878 3233 966 3303 urget
985 3223 1154 3302 analogiam
1176 3222 1375 3282 membrorum
1397 3232 1430 3283 et
1451 3242 1497 3282 ca·

56 3310 87 3372 td
109 3311 169 3371 hoc
195 3308 286 3371 datus
306 3319 354 3371 est
376 3311 560 3383 hominibus,
590 3319 623 3369 nt
649 3329 750 3369 eorum
801 3311 869 3390 pitis
884 3311 963 3370 inter
980 3329 1108 3390 corpore
1123 3319 1226 3370 nostra
1240 3308 1449 3383 etChristum3
1466 3315 1500 3367 ut

56 3417 179 3479 mrpors
192 3416 249 3478 per
270 3400 518 3459 resurrectionem
540 3416 615 3458 snae
636 3395 752 3475 gloriae
801 3416 838 3456 ea
863 3398 981 3456 ratione
1009 3396 1129 3469 deceat,
1151 3416 1242 3477 qaam
1269 3397 1308 3456 sit
1333 3395 1500 3475 indignum,

56 3482 234 3545 antemos:
262 3483 426 3544 secundum
455 3483 531 3544 illud
561 3482 693 3562 Philipp.
721 3482 750 3540 3.
801 3503 928 3561 corpora
941 3490 1043 3543 nostra
1065 3481 1264 3543 fornicatione
1279 3483 1500 3542 commaculari.

55 3574 114 3651 ptri
128 3570 323 3649 reformabit
343 3589 459 3647 eorpus
480 3570 670 3631 hostilitatis
690 3586 751 3629 rso·
800 3570 884 3629 Scire
899 3568 1033 3642 debetis,
1050 3571 1166 3649 inquit,
1183 3590 1309 3650 corpere
1321 3579 1421 3629 vestre
1435 3586 1501 3629 osse

55 3666 136 3719 urae
165 3658 403 3735 eontlyuratum
439 3659 568 3735 corpori
596 3657 752 3716 claritatis
802 3654 914 3715 Christi
936 3655 1084 3715 membra:
1108 3665 1261 3736 quatenus
1285 3655 1400 3716 scilicet
1414 3654 1499 3715 Chri·

55 3764 133 3807 nae.
172 3743 238 3803 Alii
260 3750 353 3804 totum
375 3743 447 3819 hoc,
470 3762 584 3821 eorpus
598 3744 751 3814 Domino,
802 3752 866 3801 stus
890 3750 982 3820 caput
1003 3744 1164 3822 mysticum
1188 3754 1250 3817 est,
1278 3763 1338 3803 non
1352 3740 1440 3801 medo
1456 3750 1499 3799 to·

55 3832 259 3893 stDeminus
273 3834 419 3908 corpori,
446 3830 583 3891 referunt
597 3828 636 3889 ad
652 3828 752 3887 ansle-
801 3831 861 3888 tius
877 3829 1033 3901 ecclesiae,
1049 3829 1207 3891 sedetiam
1223 3829 1408 3908 singulorum
1425 3825 1498 3886 fide·

55 3921 130 4000 piem
151 3917 352 3979 membrorum
375 3925 406 3977 et
427 3919 543 3998 cepitis.
581 3917 646 3975 Nos
673 3916 752 3974 enim
802 3916 889 3990 lium3
904 3936 961 3976 uec
976 3915 1247 3976 selamsecundam
1263 3917 1385 3986 animas,
1397 3932 1501 3972 verum

55 4026 109 4067 ron
123 4002 225 4066 solam
240 4002 406 4065 secundum
423 4006 570 4075 animam,
594 4002 648 4062 sed
664 4004 751 4061 etism
802 4003 893 4063 etism
908 4001 1070 4063 secundum
1086 4024 1225 4083 corpora:
1242 4003 1381 4082 queniam
1395 4007 1427 4059 et
1438 4018 1500 4059 cor·

55 4089 216 4155 mudum
239 4110 346 4171 corpus
369 4091 503 4151 membra
520 4109 623 4149 sumus
640 4088 752 4149 Christi
801 4109 859 4168 pus
873 4097 903 4147 et
913 4091 1043 4149 animem
1055 4089 1094 4150 de
1106 4098 1209 4150 nestro
1221 4107 1333 4168 genere
1345 4088 1501 4165 suscipere

55 4181 176 4262 sepitis,
203 4187 234 4238 et
247 4197 303 4258 per
316 4179 374 4239 hoc
390 4179 419 4238 ei
433 4177 560 4256 subjecti
575 4185 668 4256 atque
683 4196 752 4235 con·
801 4175 941 4255 dignatas
956 4185 1011 4236 est.

54 4267 164 4339 'unctis
194 4265 330 4325 vicissim
360 4272 461 4325 sutem
492 4262 633 4325 Christus
666 4263 752 4325 nobis
845 4261 997 4333 Observa,
1024 4261 1152 4322 Paulum
1173 4261 1230 4321 hac
1253 4262 1404 4321 sententia
1422 4280 1501 4319 eom·

54 4354 230 4433 uniendus
253 4361 283 4412 et
305 4350 512 4431 agglutinatus
535 4360 582 4411 est
606 4358 639 4408 ut
661 4357 753 4429 capnt
802 4350 990 4428 prehendere
1017 4351 1105 4408 etism
1132 4368 1196 4420 eos,
1227 4351 1280 4429 qui
1304 4347 1502 4408 fornicatione

54 4440 181 4521 torpori.
205 4438 296 4517 Quae
310 4437 453 4518 analogia
467 4440 570 4498 statim
586 4436 753 4516 explicetur
802 4456 929 4515 corpora
950 4455 1006 4495 sue
1025 4434 1205 4506 foedabant,
1232 4445 1265 4495 ut
1287 4443 1370 4515 petet
1393 4455 1432 4496 ex
1455 4453 1501 4493 se·

54 4523 377 4675 mquliamm
385 4533 495 4672 l:rostra
512 4534 603 4670 vptcat
620 4521 753 4684 ῗοιὲὲιτι
802 4523 975 4669 ἱιιιιιῑιιιὲἱιιιε.
1011 4522 1218 4668 Ιῗᾳυοὺιοοῐο
1233 4522 1427 4671 ἷζᾱὶιοιίἰιὲοο
1443 4520 1503 4666 elel-

110 4613 170 4673 'ti
265 4630 370 4673 sensus
405 4613 476 4671 u'ns
512 4612 635 4672 aises
717 4610 752 4668 ri·
815 4611 857 4688 igi
907 4628 1098 4682 ,nonsonm
1136 4628 1216 4683 ones,
1302 4611 1341 4669 e'
1405 4628 1502 4668 ursos

54 4708 129 4763 num
143 4699 324 4761 attributam
337 4717 405 4760 esse
416 4632 535 4780 cJorpb’ri
547 4705 648 4778 caput,
659 4716 678 4755 a
693 4715 753 4776 quo
804 4694 992 4759 Christianos
1008 4714 1073 4755 esse
1097 4696 1231 4757 membra
1246 4696 1375 4772 Christi,
1398 4701 1503 4776 quate·

101 4797 444 4841 “instituentem
1254 4801 1296 4859 30
