3254 5190
500 284 663 342 muroile
679 287 720 342 Al)
737 287 889 342 somnos.
908 282 1011 339 mis.
1030 287 1074 340 82.
1227 326 1231 331 -
1458 294 1506 361 39

62 464 168 523 hticnc
191 471 226 522 et
247 463 407 523 wtoritate
438 461 552 524 fovent.
582 462 651 522 Hoc
685 463 763 522 euim
853 459 1026 523 Notandum
1046 469 1145 521 autem
1167 461 1324 524 lectionem
1337 462 1474 524 Latinam
1489 482 1509 523 s

62 549 172 628 absque
186 548 283 609 dubio
299 549 421 626 majoris
437 557 502 611 erat
514 549 655 621 malitiae,
670 568 763 627 quam
812 547 926 609 Graeca
942 567 1001 606 nou
1017 547 1135 609 differre
1147 549 1311 611 mutatione
1326 549 1428 629 aliqua
1442 569 1507 609 ver·

62 636 153 716 1ἰίμί
167 635 268 695 solum
291 634 365 696 talia
386 644 618 717 perpetrassent
641 635 720 696 Nam
736 635 761 693 is
810 634 923 705 borum,
947 632 1000 693 sed
1015 641 1128 695 tantum
1145 632 1304 697 additione.
1328 636 1414 696 Haec
1429 636 1507 695 cuim

62 721 107 802 qui
126 720 223 795 facit,
247 720 343 780 semel
365 729 486 802 peccat:
510 724 561 802 qui
583 719 762 781 facientibus
811 719 1052 800 ampliushabet,
1068 721 1390 797 subintellexerunt,
1407 725 1506 799 etqui

64 808 213 880 consentit,
238 805 285 866 bis
300 816 413 888 peccat,
434 807 466 868 in
481 829 522 882 se,
539 816 568 867 et
583 809 613 868 in
628 805 695 881 alio,
712 827 759 865 cu·
811 805 927 866 duobus
949 804 1030 878 locis,
1053 815 1083 865 et
1105 805 1135 863 in
1150 805 1291 866 Romanis
1314 807 1450 868 voculam
1466 814 1504 867 ct.

61 894 105 971 jus
117 902 280 972 peccatum
298 894 521 966 consentiendo,
543 895 593 955 vel
613 893 700 952 ctiam
716 892 760 952 fo·
809 891 960 972 Equidem
972 891 1075 951 addita
1082 892 1210 971 putarim
1221 893 1272 953 vel
1284 894 1322 953 ab
1334 895 1504 974 interprete,

63 978 155 1038 raudo
171 978 251 1039 fucit
266 999 368 1039 snumz
391 999 489 1061 eoque
502 983 605 1060 magis,
630 981 655 1039 si
678 980 760 1038 illum
810 978 860 1037 vel
875 979 975 1057 potins
990 977 1028 1037 ab
1052 979 1110 1038 alio
1133 978 1184 1038 rel
1200 980 1267 1040 aliis
1281 991 1401 1059 postes:
1425 979 1505 1060 quod

62 1076 194 1127 avertero
219 1065 355 1127 debebat
368 1087 387 1125 a
402 1076 536 1146 peccato.
574 1064 664 1146 Quod
687 1085 761 1128 sane
808 1064 922 1144 alioqui
944 1065 1091 1127 sententia
1113 1063 1265 1127 videretur
1290 1066 1506 1129 absurditatem

62 1171 156 1213 eornm
179 1160 264 1225 erat,
294 1154 346 1231 qui
367 1172 401 1213 sc
423 1154 574 1232 sapientes
596 1155 629 1215 iu
649 1152 760 1232 populo
810 1152 977 1211 continere:
994 1170 1059 1211 cum
1075 1149 1158 1230 vulgi
1168 1151 1284 1230 judicio
1298 1155 1420 1231 gravius
1434 1172 1503 1233 pec·

63 1236 285 1318 profitebuntur.
810 1245 878 1295 cent
903 1235 953 1318 qui
968 1235 1090 1311 faciunt,
1120 1256 1207 1317 quam
1233 1239 1282 1320 qui
1310 1239 1504 1299 consentiunt.

98 1323 211 1384 saum
235 1324 364 1385 Latinae
388 1321 525 1384 lectionis
548 1331 608 1385 est:
631 1324 758 1404 philoso·
809 1321 905 1400 Quam
919 1323 1062 1381 rationem
1074 1322 1212 1384 lectionis
1224 1345 1242 1382 a
1254 1326 1403 1385 nonnullis
1416 1327 1505 1385 etiam

62 1410 130 1489 phos
145 1412 203 1470 etsi
215 1408 366 1492 justitiam
382 1410 442 1471 Dei
459 1412 675 1489 cognovissent,
698 1431 758 1469 ma·
808 1407 929 1468 Graccis
945 1409 1124 1483 immutatae,
1147 1411 1209 1469 suis
1224 1411 1255 1470 in
1271 1412 1391 1471 scholiis
1407 1411 1505 1472 adfert

61 1496 119 1555 lida
131 1504 238 1557 umen
254 1516 312 1555 sua
334 1505 512 1557 excaecatos
527 1518 588 1557 non
608 1517 673 1557 eam
688 1506 760 1559 ante
808 1493 1013 1554 Oscumsuius.
1030 1495 1126 1557 Porro
1134 1497 1335 1576 philosophos,
1347 1498 1399 1577 qui
1408 1498 1506 1559 Deum

61 1583 158 1645 oculos
179 1582 335 1655 babuisse,
356 1603 414 1647 uec
435 1584 656 1654 considerasse,
679 1584 759 1663 quod
806 1590 1018 1658 cognoverunt,
1043 1585 1131 1643 etiam
1149 1583 1298 1660 justitiam
1313 1585 1373 1646 Dei
1395 1604 1503 1663 cogno·

61 1671 196 1749 exigente
207 1670 274 1729 Dei
285 1669 407 1748 justitia
417 1677 513 1729 morte
525 1669 607 1751 digni
623 1678 692 1730 sunt
707 1673 760 1749 qui
806 1668 897 1739 visse,
920 1687 980 1748 qua
996 1668 1111 1728 scelera
1134 1691 1193 1729 non
1217 1669 1336 1729 dimittit
1351 1672 1503 1750 impunita,

61 1754 129 1814 talia
143 1757 276 1816 faciunt:
300 1776 357 1815 nec
372 1754 467 1815 solnm
483 1757 535 1835 qui
550 1757 621 1816 talia
636 1755 758 1831 faciunt,
806 1753 901 1834 liquet
916 1773 953 1813 ex
971 1773 1072 1813 eorum
1096 1755 1221 1835 scriptis,
1244 1756 1417 1816 nominatim
1432 1756 1503 1817 Pla·

62 1841 107 1900 scd
122 1852 155 1901 et
170 1843 223 1923 qui
239 1843 432 1901 consentiunt
442 1842 626 1915 facientibus,
643 1844 759 1903 etiamsi
805 1842 891 1913 tonis,
916 1839 1012 1919 quiin
1029 1840 1149 1920 dialogo
1166 1845 1193 1903 9.
1211 1850 1242 1902 et
1259 1845 1306 1901 12.
1325 1842 1362 1901 de
1377 1842 1503 1921 legibus,

61 1927 131 1987 forte
145 1948 204 2011 per
213 1949 248 1988 se
262 1929 320 2007 ipsi
331 1926 476 2008 quaedam
487 1927 559 1988 talia
571 1950 626 1989 uec
637 1928 758 2002 iaciant,
805 1928 929 1986 affirmat
950 1927 1056 2005 impios
1072 1931 1201 1991 maxima
1223 1948 1341 1988 suorum
1359 1930 1502 1989 scelerum

60 2034 110 2074 use
123 2014 229 2076 iacere
244 2013 368 2075 vellent.
574 2020 577 2031 '
804 2021 1011 2092 postmortem
1033 2015 1179 2095 supplicia
1194 2035 1321 2076 manere.

537 2307 695 2391 eleut
737 2306 1013 2396 sitantum.

156 2463 190 2525 l.
219 2457 367 2547 Propter
395 2459 483 2546 quod
497 2451 521 2540 ¹)
549 2456 785 2525 inexcusabilis
812 2478 848 2524 es
876 2479 895 2523 o
923 2459 1021 2523 homo
1050 2461 1163 2543 omnis,
1194 2460 1248 2547 qui
1270 2460 1414 2544 judicas.
1434 2415 1437 2421 ι
1461 2461 1499 2526 In

55 2582 114 2649 quo
142 2565 235 2629 enlm
256 2562 391 2649 judicas
419 2552 609 2646 alterum²)‚
638 2562 780 2649 telpsum
810 2560 1025 2645 condemnas3
1055 2560 1170 2628 eadem
1201 2564 1285 2627 enirn
1315 2564 1385 2648 agis
1413 2583 1498 2652 quae

51 2664 193 2750 judicas.
237 2666 272 2731 2.
300 2663 431 2732 Scimus
461 2666 544 2731 enim
576 2667 728 2753 quoniam
751 2665 913 2753 judicium
941 2662 1005 2730 Dei
1035 2672 1086 2731 est
1114 2665 1293 2732 secundum
1320 2667 1497 2733 veritatem

53 2771 168 2835 ineos
196 2770 254 2856 qui
283 2769 365 2834 talia
393 2779 506 2854 agunt.
563 2771 596 2835 3.
625 2766 804 2835 Existimas
832 2774 942 2835 autem
970 2767 1053 2854 hoc,
1089 2769 1250 2855 oborno,
1288 2772 1341 2857 qui
1366 2768 1499 2856 judicas

54 2891 106 2937 eos
134 2874 194 2961 qui
223 2873 307 2938 talia
333 2879 448 2958 agunt,
476 2880 510 2939 et
538 2872 620 2938 lacis
647 2892 704 2957 ea,
735 2875 812 2960 quia
839 2879 874 2938 tu
903 2872 1040 2956 effugies
1062 2873 1224 2958 Judicium
1252 2874 1341 2939 Dei?
1382 2877 1415 2940 4.
1445 2874 1498 2940 An

53 2976 186 3042 divitias
205 2974 370 3057 bonitatis
391 2977 472 3060 ejus,
500 2982 533 3042 et
555 2978 750 3063 patientiae,
779 2983 812 3042 et
840 2977 1100 3059 longanimitatis
1129 2979 1337 3043 contemnis?
1365 2979 1498 3063 ignoras

53 3082 206 3167 quoniam
235 3078 426 3165 benignitas
447 3080 512 3146 Dei
541 3080 583 3147 ad
609 3079 849 3166 poenitentiam
872 3085 906 3144 te
930 3078 1065 3145 adducit
1078 3070 1127 3161 ³)?
1157 3081 1189 3146 5.
1218 3080 1405 3147 Secundum
1435 3101 1496 3148 au·

53 3190 113 3249 tem
140 3183 304 3251 duritiam
330 3188 433 3268 tuam,
462 3189 497 3248 et
523 3183 743 3270 impoenitens
771 3203 838 3265 cor,
866 3183 1073 3249 thesaurizas
1096 3181 1158 3248 tibi
1181 3186 1262 3249 iram
1284 3185 1317 3249 in
1346 3183 1399 3250 die
1427 3187 1495 3251 irae

53 3296 83 3354 et
107 3288 330 3354 revelationis
352 3286 436 3373 justi
457 3286 576 3372 judicii
602 3287 678 3373 Dei,
708 3288 741 3352 6.
769 3288 824 3374 qui
848 3286 967 3352 reddet
986 3287 1161 3374 unicuique
1185 3287 1365 3354 secundum
1393 3309 1496 3375 opera

52 3381 178 3478 sjm⁸):
210 3393 246 3458 Ἰ.
272 3391 313 3457 iis
341 3391 485 3478 quidem,
514 3392 570 3479 qui
597 3390 777 3461 secundum
802 3390 998 3477 patientiam
1026 3389 1105 3455 boni
1133 3392 1254 3476 operis,
1282 3392 1432 3477 gloriam,
1461 3399 1496 3460 et

52 3495 210 3563 bonorem
239 3503 275 3561 et
301 3495 581 3581 incorruptionem
609 3500 782 3583 quaeruut,
810 3496 913 3560 vitam
941 3499 1130 3561 aeternaruz
1160 3497 1193 3564 8.
1222 3496 1262 3563 iis
1291 3500 1411 3582 autern,
1440 3499 1497 3583 qui

51 3606 122 3666 sut
151 3619 198 3665 ex
226 3599 452 3682 contentione,
480 3604 515 3664 et
542 3600 598 3686 qui
624 3618 690 3665 non
717 3598 932 3685 acquiescunt
952 3598 1096 3682 veritati,
1125 3597 1264 3664 credunt
1292 3605 1403 3665 autem
1431 3601 1495 3665 ini-

51 3704 191 3793 quitati,
218 3703 271 3767 ira
300 3707 335 3768 et
361 3700 557 3789 indignatio.
613 3703 647 3767 9.
677 3699 865 3767 Tribulatio
893 3707 927 3766 et
955 3704 1109 3787 angustia
1135 3702 1168 3766 in
1197 3721 1325 3767 ornnem
1353 3704 1495 3769 animam

52 3806 192 3874 bominis
220 3806 391 3894 operantis
417 3805 550 3892 malum,
577 3804 700 3872 Judaei
723 3795 908 3891 primum⁵)‚
937 3810 971 3870 et
994 3803 1133 3871 Graeci:
1165 3807 1222 3872 10.
1245 3806 1354 3895 gloria
1374 3812 1496 3894 autem,

52 3914 82 3975 et
106 3910 231 3993 bonor,
260 3914 295 3977 et
321 3929 389 3996 pau
417 3911 505 3977 omui
532 3911 684 3999 operanti
703 3905 838 3994 bonurn,
865 3907 997 3975 Judaeo
1020 3910 1171 3995 primunr,
1200 3915 1234 3975 et
1257 3909 1407 3976 Graeco:
1439 3913 1496 3976 11.

50 4034 110 4081 eon
139 4014 231 4081 onim
259 4019 312 4081 ost
338 4014 492 4099 acceptio
518 4033 734 4100 personarum
761 4012 850 4097 apud
876 4013 985 4081 Deum
998 4001 1036 4096 6).
1089 4015 1147 4081 12.
1177 4011 1383 4102 Quicumque
1412 4016 1497 4081 enim

52 4119 117 4184 e‘ne
145 4118 227 4204 lege
253 4123 496 4204 peccaverunt,
524 4118 594 4182 sine
620 4118 696 4202 lege
722 4115 880 4202 peribunt
893 4105 937 4197 ⁷):
966 4123 1000 4182 et
1028 4119 1224 4205 quicumque
1252 4119 1285 4183 in
1312 4119 1387 4203 lege
1414 4138 1496 4206 poc-

53 4228 223 4306 caverunt,
252 4240 314 4309 per
341 4221 450 4309 legem
473 4217 713 4306 judicabuntur
726 4211 763 4305 ⁸).
813 4220 869 4285 13.
897 4222 970 4286 Non
999 4223 1085 4287 eninr
1114 4221 1282 4287 auditores
1309 4222 1393 4307 legis
1415 4224 1499 4307 justi

52 4334 123 4392 suut
152 4324 243 4415 apud
271 4324 399 4411 Deum,
435 4323 493 4389 sed
530 4324 674 4391 factores
709 4323 793 4409 legis
822 4315 1143 4408 Justificabnnturb.
1201 4327 1257 4390 14.
1296 4325 1378 4391 Cum
1413 4326 1498 4392 enirn

53 4426 186 4515 Gentes,
215 4450 302 4518 quae
331 4429 442 4515 legem
469 4449 534 4494 non
562 4425 698 4513 habent,
727 4428 923 4493 naturaliter
945 4448 994 4511 ea,
1023 4450 1107 4515 quae
1135 4429 1219 4516 legis
1247 4436 1333 4516 sunt,
1362 4430 1497 4517 iaciunt,

155 4586 178 4655 ¹)
199 4589 261 4653 cao.
284 4586 308 4651 1,
327 4588 370 4639 ³2.
408 4583 588 4653 bantana,
610 4590 620 4639 1
642 4599 695 4651 seq.
730 4585 837 4653 ³)Luc.
858 4590 998 4650 tuo-9.
1031 4590 1131 4641 tl’etr.
1151 4592 1183 4654 3,
1206 4592 1244 4641 15.
1279 4586 1304 4655 ⁴)
1323 4591 1386 4643 vers
1414 4593 1499 4654 2,16.

57 4658 140 4712 tccr.
159 4661 182 4715 1,
200 4660 226 4712 5.
265 4653 386 4722 ⁸)Veru.
408 4657 447 4709 lt.
482 4658 568 4711 Mattb.
590 4659 630 4720 11,
648 4658 679 4710 tt
701 4670 755 4723 seq.
796 4655 953 4726 ⁶)vers.2.
990 4656 1102 4728 ⁷)Vers.
1124 4660 1163 4711 14.
1181 4671 1234 4727 seq.
1270 4656 1295 4730 8)
1314 4660 1372 4713 Luc.
1394 4661 1499 4726 ¹2,st

10 4742 12 4823 ζ
53 4738 104 4795 η.
135 4724 382 4799 11111111.7,21.
