3254 5190
134 285 206 354 150

130 455 221 528 ribus,
244 456 353 536 quibus
369 455 561 517 Laudensem
585 457 717 517 codicem
733 477 826 517 annu·

131 562 221 601 mero.
256 542 461 620 suffragantur
488 552 519 604 et
544 552 679 618 veteres,
702 544 827 604 Ambro-

131 629 246 700 siaster‚
268 630 473 707 Hieronymus
496 632 526 689 in
550 630 679 710 epistola
701 630 737 689 ad
760 630 828 691 Cte-

132 715 308 792 siphontem,
332 716 519 794 Augustinus
538 738 623 777 serm.
642 719 690 776 12.
707 715 745 775 de
760 738 827 777 ver·

132 801 178 860 bis
193 801 341 881 Apostoli,
365 811 395 861 ot
410 802 476 861 aliis
493 803 568 863 locis
583 811 653 864 ante
669 805 777 878 citatis,
800 816 829 864 et

133 908 169 946 cx
186 907 222 946 eo
239 887 323 948 Beda
339 890 369 948 in
385 889 585 950 collectaneis.

176 974 246 1035 Huc
260 973 449 1036 adscribendi
464 979 587 1036 molum
604 985 632 1036 et
648 977 766 1036 bonum
783 999 828 1037 oc-

135 1062 214 1120 casio
229 1060 288 1119 tuit
311 1082 349 1122 ex
366 1063 453 1121 simili
477 1063 626 1124 sententia
648 1064 738 1142 paulo
761 1074 829 1142 post

134 1154 288 1227 sequente.
312 1153 380 1223 Apo
397 1156 425 1208 et
438 1152 534 1228 facio,
558 1149 674 1210 Graece
697 1142 829 1227 πράσσω

134 1241 165 1292 et
185 1235 273 1309 ποιῶ,
299 1233 377 1293 idem
400 1256 520 1314 prorsus
547 1235 694 1314 Apostolo
718 1238 829 1315 signifi-

134 1328 210 1378 cant.
235 1320 324 1399 Quod
337 1321 407 1380 inde
418 1331 511 1401 patet,
527 1323 597 1401 quia
612 1324 643 1382 in
655 1323 751 1383 altera
764 1343 828 1382 sen·

135 1408 237 1476 tentia,
261 1427 350 1486 quarn
375 1407 447 1479 dixi,
470 1429 608 1489 quaeque
631 1409 721 1488 hujus
745 1431 830 1489 repe-

135 1493 204 1551 titio
220 1503 274 1567 est,
297 1513 333 1553 ca
352 1496 527 1574 transponit.

179 1581 235 1639 Est
255 1587 354 1639 autem
376 1601 495 1641 sensus:
518 1582 586 1640 Non
609 1583 687 1641 enim
709 1581 831 1660 perdicio

136 1664 175 1739 id,
190 1665 271 1747 quod
285 1675 384 1726 mente
395 1667 473 1742 volo,
489 1669 601 1728 scilicet
610 1669 729 1728 mulum.
752 1667 831 1727 Nam

137 1752 206 1811 volo
222 1773 281 1812 non
297 1755 516 1832 concupiscere,
539 1775 577 1814 ne
596 1754 719 1836 quidem
735 1775 831 1826 carne,

62 1868 75 1877 -
136 1837 167 1897 id
183 1847 236 1911 cst,
251 1858 310 1898 non
323 1841 434 1901 sentire
446 1851 544 1901 motus
556 1843 830 1920 concupiscentiae,

138 1923 192 1983 sed
214 1923 245 1984 id
267 1946 326 1984 non
349 1936 480 2006 praesto,
503 1949 561 1988 non
585 1948 737 2009 assequor.
763 1930 831 1988 Fu·

137 2030 204 2070 cere
220 2030 292 2087 erpo
308 2031 339 2072 ae
355 2014 436 2075 dicit
451 2013 490 2087 id,
514 2015 592 2096 quod
608 2014 718 2085 oderat,
735 2016 777 2074 ait
793 2034 831 2073 cx

136 2099 303 2176 Augustino
326 2100 502 2175 Primasius‚
526 2120 593 2161 aon
616 2103 731 2178 affectu
753 2120 831 2161 coa-

136 2187 293 2244 aeutieadi
320 2194 348 2245 ot
373 2189 547 2263 implendi,
571 2188 624 2248 sed
647 2191 715 2265 ipso
741 2195 832 2248 motu

137 2274 386 2348 concupiscendi.
409 2275 523 2335 Sensus
545 2275 595 2334 hic
617 2294 654 2334 ex
679 2276 830 2354 sequenti-

641 282 872 334 cottusurlmus
892 281 922 334 [Ν
942 282 1007 334 CAP.
1026 282 1073 334 tu.

918 458 1056 537 Exponit
1077 466 1174 516 autem
1190 457 1365 536 Apostolus,
1388 456 1471 538 quod
1491 456 1571 517 dixe·

875 553 938 605 rat:
961 544 1044 603 illud
1057 545 1156 621 focio,
1180 564 1218 603 ne
1234 544 1312 603 forte
1328 544 1408 604 male
1424 542 1571 622 intelliga-

877 641 935 690 tur.
957 633 998 690 Et
1014 650 1124 690 sensus
1145 640 1205 690 est:
1230 631 1389 710 Quoniam,
1412 640 1572 691 renovatus

876 738 931 797 per
958 718 1098 796 gratiam,
1130 717 1189 795 legi
1216 717 1385 793 consentio,
1408 737 1489 776 nunc
1514 736 1572 776 uon

876 804 1004 884 emplius
1029 823 1084 882 ego
1107 824 1215 883 operor
1238 803 1358 876 malum,
1383 806 1461 863 sicut
1483 802 1572 863 sacie-

876 891 944 950 bam
967 892 1147 949 constitutus
1170 888 1322 969 sublege,
1344 889 1396 950 sod
1420 898 1574 969 peccatum

877 979 907 1036 in
922 997 969 1036 me
981 976 1122 1035 habitans
1139 974 1215 1035 illud
1228 983 1376 1056 operatur,
1391 975 1491 1046 idest,
1507 996 1573 1035 con·

878 1065 1061 1141 cupiscentia
1084 1062 1156 1122 mihi
1179 1064 1276 1135 insita,
1300 1072 1329 1121 et
1351 1061 1454 1121 sedern
1475 1064 1506 1120 in
1530 1081 1574 1121 me

877 1151 966 1209 fixam
981 1149 1105 1222 habens,
1120 1168 1230 1228 pravos
1245 1157 1343 1208 motus
1357 1150 1386 1207 in
1398 1168 1448 1208 me
1463 1151 1574 1211 excitat

878 1256 937 1295 non
953 1237 1169 1295 consentiente.
1194 1237 1240 1295 lla
1252 1255 1305 1294 cur
1316 1244 1473 1315 peccatum
1488 1254 1573 1295 voce·

878 1323 972 1382 turin
989 1323 1111 1395 renatis,
1127 1323 1302 1400 expositum
1318 1330 1365 1381 est
1381 1321 1420 1380 ad
1436 1320 1512 1381 illud
1528 1341 1572 1380 ca·

879 1410 949 1489 pitis
966 1407 1190 1487 praecedentis:
1207 1410 1280 1468 Nou
1292 1425 1365 1482 erqo
1377 1415 1489 1482 reynel
1500 1425 1573 1485 poo-

879 1502 986 1556 catum
1002 1502 1058 1553 etc.
1082 1495 1176 1554 Recte
1191 1514 1263 1554 vero
1279 1514 1356 1554 nunc
1369 1492 1455 1569 dicit,
1471 1514 1505 1554 se
1515 1512 1573 1553 non

880 1583 996 1662 operari
1011 1589 1107 1639 motus
1123 1580 1189 1640 illos
1211 1582 1482 1659 concupiscentiae,
1505 1581 1573 1660 quis

879 1689 938 1728 non
955 1679 1098 1747 operatur
1113 1675 1145 1725 ut
1158 1668 1256 1741 homo,
1273 1667 1304 1727 id
1320 1675 1373 1740 est,
1397 1687 1436 1727 ex
1452 1668 1572 1745 irnperio

879 1754 931 1815 vel
953 1773 1099 1814 consensu
1120 1756 1253 1815 rationis.
1276 1752 1365 1813 Unde
1388 1755 1455 1833 ipse
1478 1752 1573 1826 homo,

879 1850 1025 1921 quatenus
1037 1841 1135 1912 homo,
1150 1843 1265 1921 patitur
1276 1860 1337 1913 cos,
1351 1860 1412 1900 non
1424 1848 1572 1921 operatur.

923 1927 1062 1987 Notanda
1076 1928 1253 2006 metaphora
1275 1926 1502 1987 inhabitationis
1516 1925 1572 1986 ire·

879 2034 973 2096 quens
1000 2016 1031 2074 in
1058 2015 1150 2073 sacris
1178 2014 1283 2085 literis,
1305 2033 1364 2094 qua
1386 2013 1573 2094 significatur

880 2102 1035 2182 quippiam
1057 2102 1099 2159 ita
1118 2101 1234 2180 jugiter
1260 2099 1367 2161 adesse
1394 2111 1449 2160 ant
1475 2101 1575 2160 inesse

879 2189 977 2259 alicui,
989 2187 1121 2246 utfixnm
1130 2189 1161 2246 in
1173 2207 1208 2246 eo
1221 2185 1401 2247 domicilium
1410 2188 1573 2247 collocasse

879 2273 1026 2336 videatur.
1050 2273 1142 2352 Quod
1153 2274 1282 2333 maxime
1295 2275 1438 2353 competit
1451 2275 1482 2335 iu
1494 2272 1574 2333 lomi·

136 2358 191 2419 bus
207 2360 333 2440 amplius
347 2363 477 2440 patefiet.

183 2447 230 2506 16.
254 2443 291 2508 Si
304 2455 420 2523 cutem,
437 2448 524 2524 quod
534 2449 620 2522 nolo,
636 2448 718 2508 illud
732 2451 830 2524 focio,

879 2372 938 2421 tem
953 2362 1031 2420 hunc
1044 2361 1169 2439 peccati,
1185 2379 1283 2439 quem,
1299 2359 1427 2420 durante
1441 2359 1574 2433 hachts

878 2448 1004 2518 mortali,
1019 2447 1138 2526 penitus
1148 2447 1310 2525 exstirpari
1320 2446 1509 2524 impossibile
1520 2453 1573 2506 est

137 2536 296 2593 consentio
313 2534 384 2609 lapi,
404 2538 558 2612 quoniam
575 2535 659 2595 borco
675 2542 727 2594 cst.
751 2535 831 2605 Sive,
925 2535 972 2593 18.
997 2535 1067 2593 Scio
1089 2537 1184 2607 caim,
1207 2535 1284 2608 quio
1305 2550 1374 2593 noa
1397 2534 1523 2595 dabitat
1540 2535 1574 2591 iu

136 2620 221 2696 quod
244 2620 328 2680 oona
350 2625 397 2680 sit.
421 2622 466 2695 si,
489 2623 600 2702 inquit,
624 2620 704 2700 quod
731 2637 832 2680 mente
879 2641 945 2696 me,
972 2622 1028 2679 troc
1055 2627 1113 2695 est,
1144 2621 1179 2679 iu
1206 2638 1302 2678 corae
1325 2638 1414 2694 mea,
1448 2621 1573 2681 bonum.

136 2727 195 2766 non
222 2707 306 2779 volo,
330 2707 384 2767 sed
407 2708 474 2782 odi,
497 2707 573 2768 illud
596 2728 667 2786 ago,
689 2706 832 2767 videlicet
878 2709 965 2768 Haec
980 2726 1100 2786 quoque
1117 2708 1265 2767 sententia
1281 2708 1471 2784 superiorum
1487 2724 1574 2786 expo·

137 2813 225 2853 carne
241 2795 487 2873 concupiscendo,
506 2797 571 2876 jam
594 2794 747 2854 consentio
763 2796 832 2873 legi,
880 2795 947 2853 sitio
971 2802 1029 2865 est,
1054 2793 1104 2851 ubi
1129 2791 1255 2864 dixerat,
1280 2811 1313 2850 ae
1337 2794 1491 2854 carnalem
1511 2810 1575 2853 esse

136 2880 221 2939 verbi
248 2882 344 2960 gratia
371 2881 499 2942 dicenti:
531 2882 600 2941 Non
630 2883 831 2961 concupisces,
879 2890 908 2940 et
934 2878 1137 2939 venundatum
1162 2878 1218 2939 sub
1245 2888 1385 2959 peccato,
1410 2889 1442 2940 et
1468 2880 1575 2939 malum

137 2976 278 3048 tanquam
293 2968 399 3042 borrae,
422 2970 493 3048 quia
515 2969 656 3029 voluntas
671 2988 747 3041 mea,
771 2986 832 3046 qua
878 2966 988 3039 facere,
1004 2965 1083 3045 quod
1100 2986 1160 3025 non
1175 2966 1248 3039 vult,
1273 2964 1325 3025 sed
1341 2965 1415 3026 odit.
1439 2967 1519 3027 Nam
1535 2964 1574 3025 di·

136 3053 221 3127 nolo,
244 3054 325 3134 quod
351 3054 445 3127 facio,
468 3057 528 3134 legi
555 3062 757 3115 consentanca
778 3063 831 3126 est,
879 3073 963 3114 cens:
986 3056 1022 3113 ia
1037 3072 1097 3127 me,
1113 3056 1170 3113 hoc
1185 3059 1238 3127 cst,
1260 3055 1297 3112 ia
1312 3071 1409 3113 corae
1424 3072 1510 3128 mco,
1525 3051 1575 3112 de·

136 3161 215 3220 quae
229 3142 304 3217 vult,
326 3163 373 3201 me
395 3142 452 3203 hoc
471 3143 560 3202 nolle.
583 3143 689 3223 Itaque
706 3160 830 3200 consen·
879 3140 973 3200 clarat
996 3159 1036 3200 se*
1051 3159 1087 3198 ea
1110 3141 1210 3199 omnia
1233 3136 1345 3199 dixisse
1369 3139 1407 3200 de
1424 3161 1460 3201 se
1476 3158 1575 3200 secun·

136 3228 177 3286 tio
200 3229 273 3307 legi,
296 3249 356 3289 non
382 3230 477 3289 solum
504 3230 658 3289 intellectu
679 3227 830 3307 judicans,
879 3227 949 3286 dum
966 3246 1092 3295 caurum,
1116 3234 1147 3286 et
1161 3247 1219 3286 nou
1236 3225 1383 3286 absoluta.

134 3314 216 3396 quod
230 3315 310 3375 bona
325 3317 371 3388 sit,
386 3338 489 3377 verum
505 3318 596 3376 etiam
611 3317 767 3375 voluntate
782 3334 829 3373 me
920 3314 1050 3375 Sensus:
1067 3313 1148 3372 Novi
1163 3333 1217 3392 per
1232 3315 1458 3392 experientiam,
1475 3314 1506 3373 in
1521 3330 1575 3382 me,

134 3405 161 3464 ei
177 3403 373 3464 conformans.
398 3404 487 3483 Quod
508 3405 612 3482 utique
635 3410 680 3462 cst
703 3402 829 3461 hominis
878 3408 1029 3480 quatenns
1047 3422 1115 3460 caro
1137 3419 1212 3471 sum,
1235 3399 1265 3458 id
1288 3408 1336 3458 est
1352 3399 1495 3469 carnalis,
1517 3418 1574 3458 oon

129 3491 207 3568 justi
231 3511 266 3550 ac
287 3500 387 3550 mente
413 3493 559 3551 renovati.
583 3489 678 3569 quue
701 3488 828 3567 amplius
877 3486 1012 3546 habitare
1028 3488 1147 3561 bonum,
1171 3486 1226 3546 sed
1241 3486 1360 3546 mulum.

133 3576 265 3637 ostendit
281 3596 411 3655 sequens
428 3579 577 3656 pericope.
920 3573 1011 3652 Quod
1027 3596 1099 3654 ergo
1111 3574 1228 3633 Paulus
1241 3573 1313 3634 alibi
1329 3594 1384 3633 nos
1397 3584 1427 3632 et
1442 3573 1574 3633 membra

177 3666 225 3722 17.
250 3666 343 3724 Nunc
355 3672 464 3723 autem
475 3669 544 3737 jum
557 3684 623 3723 arra
641 3682 695 3738 apo
713 3681 828 3738 operor
875 3670 977 3719 nostra
992 3672 1082 3720 vocat
1097 3661 1210 3740 templa
1224 3660 1354 3740 Spiritus
1372 3660 1483 3732 sancti,
1505 3666 1540 3719 nt
1555 3662 1570 3717 1

130 3751 222 3825 illud,
238 3750 292 3809 scd
303 3751 388 3824 quod
403 3751 529 3810 habitat
540 3755 575 3811 in
587 3771 636 3810 mc
649 3757 825 3826 peccatum.
875 3745 943 3806 Cor.
961 3748 989 3805 3.
1007 3756 1039 3806 et
1055 3750 1093 3819 6.,
1116 3755 1145 3806 et
1169 3745 1271 3807 icor.
1289 3751 1326 3818 6,
1350 3766 1410 3806 non
1433 3756 1484 3805 est
1507 3746 1573 3807 huic

130 3836 264 3897 Graece:
289 3838 382 3896 Nunc
406 3846 511 3898 autem
531 3857 599 3898 noa
615 3839 755 3913 amplius
771 3855 825 3912 eoo
875 3833 940 3894 loco
971 3835 1169 3905 contrarium,
1209 3830 1462 3913 quemadmodum
1496 3833 1573 3894 bene

129 3931 186 3982 etc.
210 3924 279 3984 Hoc
295 3932 374 3982 certe
391 3924 476 3983 homo
493 3927 547 3985 sub
564 3925 633 4004 lage
649 3924 825 3983 constitutus
873 3918 1006 3981 ostendit
1014 3920 1262 3999 Augustiuuslib.
1278 3925 1304 3979 1.
1318 3919 1356 3979 de
1367 3927 1452 3998 nupt.
1465 3929 1497 3980 et
1507 3938 1573 3979 con·

128 4018 159 4068 et
170 4009 266 4071 adhuc
277 4011 408 4069 dominio
421 4014 537 4091 peccati
554 4012 710 4090 subjectus
727 4009 825 4068 (licere
873 4027 940 4087 cup.
965 4026 1028 4086 cap.
1053 4008 1103 4066 31.
1133 4007 1213 4065 Num
1236 4009 1266 4065 in
1289 4026 1380 4066 carne
1407 4014 1522 4077 nostra,
1544 4003 1580 4064 id·

127 4117 187 4156 non
202 4108 309 4176 potest.
336 4097 422 4157 Talis
438 4100 515 4159 enim
537 4120 597 4159 uon
613 4097 707 4158 solum
724 4116 824 4166 carne,
873 4104 925 4170 est,
942 4095 973 4153 in
984 4094 1157 4173 nobisipsis
1174 4093 1337 4152 secundum
1349 4094 1571 4170 corruptionem

127 4182 180 4242 aed
197 4187 286 4244 etiam
302 4192 402 4244 monto
417 4205 452 4243 ac
468 4186 630 4259 voluntate,
654 4195 684 4243 et
699 4182 824 4263 proinde
871 4182 1031 4251 carnalem,
1045 4178 1082 4239 de
1095 4179 1412 4258 quaDominusJoan.
1425 4182 1469 4240 3.:
1482 4178 1573 4258 Quod

126 4271 310 4349 simpliciter,
334 4282 475 4350 oporatur
490 4272 608 4344 malurn,
631 4280 666 4329 ut
680 4270 757 4329 bene
773 4268 823 4327 ob·
870 4277 984 4328 actum
1007 4274 1050 4328 cat
1072 4286 1109 4327 cc
1132 4285 1242 4341 carne,
1266 4284 1340 4325 caro
1365 4273 1418 4341 cst,
1444 4286 1504 4326 non
1521 4265 1571 4325 lra-

125 4360 259 4418 servavit
273 4360 404 4437 August.
420 4358 470 4418 lib.
487 4365 511 4417 1.
525 4360 563 4418 de
579 4357 691 4439 nuptiis
709 4364 739 4415 et
754 4374 822 4415 con·
869 4354 953 4426 litet,
971 4356 1029 4412 imo
1041 4374 1097 4414 nec
1108 4354 1259 4413 invenitur
1271 4352 1399 4428 bonum3
1415 4354 1572 4413 invenitur

124 4444 284 4521 cupiscent.
309 4465 374 4523 cap.
399 4445 448 4505 29.
473 4446 542 4524 Quo
565 4453 723 4523 practerea
744 4441 821 4514 lacit,
870 4451 969 4501 autom
987 4439 1147 4499 athabitat
1160 4439 1270 4498 bonurn
1283 4440 1313 4499 in
1326 4450 1570 4518 corporenostro,

123 4530 212 4607 quod,
235 4541 270 4592 nt
285 4530 356 4604 dixi,
380 4531 540 4591 secundum
558 4530 704 4591 Graecam
720 4527 821 4588 lectio·
870 4537 1022 4607 quatenus
1032 4526 1165 4585 membra
1173 4525 1305 4604 corporis
1314 4523 1442 4586 adbona
1451 4523 1570 4605 agenda

121 4635 198 4690 nem,
221 4640 240 4679 a
256 4638 316 4700 qua
330 4619 438 4678 Latina
456 4619 554 4678 versio
578 4637 670 4677 sensu
686 4637 745 4674 non
761 4616 820 4675 dis·
867 4623 1023 4675 moventur
1044 4633 1062 4671 a
1081 4620 1182 4671 rnsnte
1204 4620 1350 4672 renovat-s
1374 4631 1432 4691 per
1456 4611 1569 4673 inhabi-

121 4714 230 4786 crepat,
254 4706 380 4767 dicitur:
402 4704 495 4767 Nurac
510 4723 578 4766 noa
594 4703 741 4781 amplius.
866 4710 978 4762 tantem
994 4700 1142 4781 Spiritum
1164 4708 1307 4772 sanctum,
1332 4699 1413 4761 siout
1434 4706 1466 4759 et
1480 4717 1558 4782 prae·
