3254 5190
382 288 601 343 1111111111
619 286 768 342 neumas.
785 285 869 340 VERS.
888 287 913 339 9.
933 287 972 338 111.
990 287 1030 338 11.
1048 287 1086 338 tt.
1424 290 1495 357 10⁵1

57 468 166 529 Graece
182 473 214 526 11
228 466 365 547 Syrisce,
381 469 417 524 in
432 465 590 525 mnndum
605 467 752 524 intravit.
800 465 827 523 si
850 461 946 521 dicas:
971 462 1049 520 siout
1071 460 1169 520 Adam
1185 461 1288 521 nocuit
1300 459 1433 520 humano
1449 479 1498 537 ge·

56 555 155 632 Pergit
180 552 344 612 ostendere
366 551 599 632 magnitudinem
623 551 753 610 caritatis
800 550 871 622 ueri,
888 549 931 607 ita
947 546 1085 608 Christus
1099 549 1219 627 profuit.

56 639 161 700 Christi
174 659 252 719 erga
268 638 411 698 homines.
430 637 466 696 Id
486 658 565 697 nunc
580 639 653 697 11111
667 656 752 717 repe·
844 635 1038 715 Quapropter
1053 635 1103 694 alii
1120 643 1244 694 censent
1255 635 1418 693 orationem
1432 652 1499 692 esse

55 738 190 787 11111111
204 728 305 805 ipsam
317 724 355 783 ab
367 724 468 784 altiori
477 725 633 804 principio,
644 743 753 803 nempe
800 719 1007 793 inabsolutam,
1023 731 1057 780 ut
1071 721 1118 780 cui
1134 722 1214 781 desit
1228 720 1323 779 altera
1337 739 1406 799 pars
1419 739 1497 779 com·

55 835 89 873 ex
108 832 155 883 eo,
168 811 256 892 quod
271 812 434 870 humanum
446 831 539 890 genus
554 813 584 870 in
596 818 753 890 peccatum
801 808 973 889 parationis,
985 808 1043 867 hoc
1054 815 1106 866 111
1118 807 1206 866 simili
1217 806 1306 866 modo
1316 805 1497 885 supplenda:

54 912 82 959 et
101 907 234 959 mortem
259 899 498 976 transgressione
515 899 604 976 primi
620 898 754 977 parentis
801 898 878 955 sicut
892 914 945 974 per
957 914 1048 953 unum
1059 894 1209 953 homiuem
1221 901 1386 972 peccatum,
1403 900 1434 952 et
1445 912 1499 971 per

54 985 210 1067 11111111
225 983 754 1059 1111,1111111111110111111111-
801 987 957 1062 peccatum
972 1001 1051 1040 mors
1066 981 1192 1040 intravit
1214 982 1244 1039 in
1267 977 1426 1050 mundum,
1455 980 1498 1039 sic

53 1072 170 1153 digeret
186 1080 363 1152 reparatore
379 1071 417 1130 ad
436 1072 584 1148 justitiam
605 1081 634 1129 et
649 1071 753 1127 vitam.
801 1089 855 1148 per
870 1088 961 1126 uuum
975 1068 1142 1135 hominem,
1158 1065 1301 1126 videlicet
1328 1063 1496 1138 Christum,

54 1159 146 1238 Igitur
160 1159 214 1217 bie
226 1159 293 1238 jam
309 1155 394 1216 nobis
410 1159 509 1235 aperit
523 1166 553 1215 et
564 1158 686 1236 exponit
697 1156 753 1214 ori·
798 1155 931 1235 justitia,
959 1163 990 1214 et
1001 1174 1054 1233 per
1066 1154 1213 1230 justitiam
1229 1154 1292 1212 vite
1308 1155 1339 1211 in
1354 1149 1498 1211 mundum

55 1245 182 1324 ginalem
199 1263 324 1304 causam
340 1245 540 1323 corruptionis
555 1243 677 1303 humani
703 1261 752 1320 ge·
801 1242 933 1302 intravit.

55 1332 139 1391 aeris.
164 1321 753 1407 11111111111111,(1111111111,
844 1329 888 1386 At
902 1347 974 1386 vero
991 1326 1156 1404 Oajetanus
1180 1333 1272 1404 negat
1293 1332 1409 1385 textum
1432 1342 1499 1384 esse

56 1426 186 1494 propter
202 1419 273 1490 boc,
289 1417 351 1475 vim
364 1416 477 1475 habere
492 1414 613 1476 videtur
627 1413 755 1475 voculae
802 1433 948 1487 mancum,
965 1413 1018 1473 sed
1035 1414 1212 1473 1111111111
1228 1413 1306 1471 hanc
1318 1419 1411 1471 totam
1424 1411 1500 1470 dicit

57 1505 201 1577 causalis,
227 1523 266 1563 11
290 1503 317 1560 11
341 1500 472 1562 diceret:
498 1522 568 1560 111
596 1503 676 1562 11111
702 1521 756 1580 por
802 1520 869 1561 esse
885 1520 1070 1580 suspensam,
1086 1503 1129 1559 ita
1143 1510 1177 1575 ut
1191 1499 1317 1558 alterum
1332 1497 1497 1558 membrum

57 1611 143 1650 unum
157 1591 330 1661 bominem,
357 1596 427 1663 eto,
453 1597 486 1648 ut
507 1589 546 1647 sit
568 1588 755 1647 confirmatio
803 1589 1048 1667 comparationis,
1065 1585 1270 1647 intercedente
1286 1584 1375 1663 longo
1390 1585 1499 1664 hyper·

59 1679 130 1754 ejus,
160 1676 248 1756 quod
278 1676 418 1755 proxime
447 1675 539 1734 dixit:
571 1677 633 1735 Per
663 1693 755 1750 quem
802 1676 889 1746 bato,
921 1674 1073 1733 differatur
1099 1692 1198 1753 usque
1224 1671 1261 1731 ad
1290 1691 1358 1730 eum
1381 1671 1499 1731 locum:

60 1765 214 1825 canatum
246 1763 539 1822 reconciliationem
570 1764 755 1837 accepimus.
803 1764 908 1839 191111
919 1764 998 1821 sicut
1009 1781 1066 1838 per
1077 1765 1175 1821 unius
1186 1759 1348 1833 delictum,
1364 1767 1418 1818 etc.
1432 1758 1500 1819 Illic

60 1849 90 1908 ld
106 1851 187 1910 enim
202 1850 329 1928 probat:
346 1850 420 1927 qnia
435 1850 511 1907 sicut
526 1867 580 1926 per
595 1848 692 1908 Adam
709 1867 755 1906 su·
803 1852 896 1921 enim,
913 1849 1006 1927 priori
1022 1848 1157 1907 membro
1174 1846 1211 1906 de
1226 1845 1324 1905 Adam
1339 1851 1500 1925 resumpto,

59 1955 119 1996 mus
133 1938 165 1996 iu
180 1944 342 2015 peccatum
360 1935 455 2013 lapsi,
481 1934 523 1993 111
539 1954 593 2013 per
607 1933 755 1996 Christum
802 1935 938 1995 redditur
953 1935 1080 1995 alterum
1095 1934 1134 1993 de
1156 1932 1284 1993 Christo.
1316 1932 1499 2013 Quanquam

59 2021 93 2080 ad
103 2024 258 2101 justitiam
271 2021 398 2082 reducti.
803 2022 834 2081 id
849 2029 919 2081 aute
934 2019 1114 2100 cajetanum
1132 2021 1221 2079 etiam
1236 2019 1424 2096 Augustinus
1451 2017 1500 2078 ob·

803 2110 935 2169 servavit
950 2117 979 2166 11
995 2107 1150 2167 admonuit
1165 2108 1195 2165 in
1220 2106 1410 2186 expositione
1432 2124 1499 2185 pro·

93 2143 188 2204 Porro
206 2143 390 2202 senteutiam
404 2142 499 2215 hauc,
520 2141 671 2221 adjunctis
689 2161 755 2201 var·
859 2196 865 2210 ,
883 2196 890 2209 ,
934 2196 940 2209 ,

802 2203 957 2274 posrtrems
975 2196 1024 2255 29.

59 2229 100 2288 bis
121 2229 340 2310 sequentibus,
366 2228 397 2288 in
424 2247 457 2288 se
484 2231 552 2307 ipsa
577 2228 755 2308 completam

58 2335 135 2386 esse,
161 2315 289 2396 quidam
313 2314 434 2387 volunt,
457 2313 618 2376 reddentes
635 2334 702 2375 sam
717 2315 756 2375 ad

57 2401 129 2461 bunc
143 2401 289 2463 modum:
316 2403 394 2461 sicut
416 2420 583 2481 perunum
607 2400 756 2462 hominem

57 2498 213 2568 peecatum
230 2488 356 2548 intravit
372 2489 402 2546 in
418 2486 578 2560 mundum,
595 2488 639 2547 sic
655 2497 687 2548 et
701 2508 756 2568 per

57 2586 212 2654 peccatum
229 2594 318 2644 mors,
335 2583 400 2645 etc,
416 2582 450 2632 ut
465 2575 506 2633 sit
517 2576 700 2652 comparatio
711 2577 754 2635 iu·

56 2681 173 2740 gressm
190 2661 313 2742 peccati
329 2680 489 2739 perunum
511 2660 662 2720 homiuem
687 2682 753 2721 curn

57 2748 192 2827 mgresau
208 2749 315 2807 mortis
330 2766 386 2826 per
400 2756 562 2826 peccatum.
581 2744 691 2825 Qualis
708 2755 755 2807 est

57 2832 183 2906 locutio,
207 2852 302 2914 quum
317 2831 443 2893 dicimus
460 2834 492 2893 in
508 2833 644 2894 oratione
660 2834 753 2894 domi·

56 2920 131 2981 nica:
147 2922 230 2984 Fiat
245 2920 398 2980 voluutas
413 2927 471 2980 tna
478 2964 489 2994 ,
511 2923 640 2980 1111111
656 2921 753 2995 coelo,

56 3014 81 3065 et
94 3010 129 3068 ia
144 3014 254 3083 erro,
280 3005 312 3067 id
327 3015 388 3079 111,
415 3007 460 3065 111
476 3014 507 3066 11
522 3009 552 3066 11
567 3016 656 3067 terra.
680 3008 754 3086 Sug-

57 3095 130 3173 gerit
152 3094 238 3154 hanc
260 3092 471 3172 complementi
494 3093 640 3152 rationem
666 3094 754 3152 11111·

57 3199 125 3254 mus,
142 3189 177 3242 et
192 3179 303 3254 probat
319 3177 503 3259 Gaignaeus.

95 3291 198 3353 Aliter
213 3291 417 3372 Stapuleusis.
441 3290 517 3350 Vult
533 3312 609 3351 1111
624 3294 754 3371 particu-

58 3377 110 3439 lam
126 3388 157 3440 et
173 3380 310 3439 secundo
327 3377 391 3437 loco
407 3379 588 3456 superfluam
604 3398 686 3451 esse,
710 3380 753 3439 di·

59 3467 156 3546 aitque
182 3468 214 3525 in
238 3464 389 3525 nonnullis
413 3463 537 3524 Graecis
561 3486 620 3524 non
644 3466 754 3526 haberi.

58 3549 185 3613 Proinde
200 3554 247 3612 sic
262 3554 370 3611 vertit:
397 3553 485 3613 Sicut
504 3571 564 3627 per
578 3572 681 3612 unum
697 3555 754 3613 ho·

60 3643 173 3699 minem
187 3646 358 3715 peccatum
373 3641 408 3698 in
424 3638 581 3697 mundum
605 3641 753 3714 introvit,

61 3731 85 3782 et
100 3744 160 3801 per
171 3732 340 3802 peccatum
356 3742 453 3798 more,
470 3728 754 3786 111111111111-

61 3817 153 3872 mines
170 3830 257 3872 mors
269 3813 468 3888 pertransiit.

97 3922 211 3985 Veram
223 3943 262 3984 ea
274 3923 384 3984 Graeci
396 3924 565 4004 cujuspiam
576 3925 754 4005 exemplaris

61 4006 144 4072 lectio
155 4030 215 4071 nec
225 4031 244 4070 a
255 4011 291 4070 R.
302 4010 458 4090 Stephano
475 4019 521 4070 est
532 4020 683 4086 annotata,
698 4032 754 4072 uec

63 4095 146 4157 alium
161 4097 238 4177 legi,
267 4098 320 4176 qui
342 4098 518 4169 meminerit
554 4097 676 4158 Deinde
697 4119 754 4159 nec

62 4183 124 4244 uiti
136 4184 312 4264 probabiles
338 4191 410 4242 sunt
431 4184 490 4243 hae
506 4186 751 4257 constructiones,

62 4272 124 4347 quia
138 4279 249 4333 111111
264 4271 451 4349 comparatio
467 4270 540 4329 facit
555 4270 593 4329 ad
610 4291 753 4350 praesens

61 4354 228 4417 institutum.
252 4357 331 4415 Nam
347 4365 381 4415 ut
396 4356 511 4415 dictum
526 4366 585 4429 est,
610 4367 640 4418 et
656 4377 693 4420 ex
708 4378 752 4417 se·

63 4444 216 4520 quentibus
230 4451 324 4523 patet,
350 4443 480 4502 intendit
495 4443 660 4521 Apostolus
676 4464 752 4503 com·

62 4547 155 4605 parare
179 4532 312 4612 primum
338 4529 486 4589 hominem
512 4550 580 4588 curn
607 4531 752 4604 secundo,

847 2279 937 2359 Quod
960 2281 999 2340 ad
1034 2277 1219 2339 intellectum
1241 2281 1414 2358 praesentis
1440 2278 1500 2338 loci

803 2369 927 2438 attinet,
943 2367 1086 2446 Pelagius
1102 2368 1131 2424 in
1148 2385 1202 2426 suo
1219 2367 1446 2438 commentario,
1470 2373 1502 2426 et

804 2473 949 2533 sequaces
976 2455 1059 2533 ejus,
1086 2471 1147 2531 quo
1171 2453 1317 2530 originale
1340 2461 1499 2531 peccatum

803 2539 1015 2614 excluderent,
1041 2540 1230 2618 interpretati
1246 2547 1329 2612 sunt,
1344 2546 1500 2618 peccatum

803 2629 835 2687 in
850 2627 992 2688 muudum
1015 2628 1142 2687 intrasse
1166 2645 1220 2707 per
1241 2645 1334 2686 unum
1351 2624 1500 2684 hominem

801 2714 898 2774 11111
914 2723 944 2773 11
956 2711 1105 2794 exemplo,
1121 2716 1195 2793 quia
1207 2715 1336 2792 primum
1349 2711 1499 2771 hominem

802 2811 979 2881 peccantem
1001 2801 1113 2880 posteri
1137 2803 1204 2880 ejus
1226 2798 1381 2879 peccando
1405 2800 1502 2858 secuti

802 2896 887 2961 sunt,
918 2897 949 2946 et
976 2887 1146 2966 exemplum
1173 2889 1238 2965 ejus
1265 2885 1350 2946 velut
1375 2886 1500 2945 formam

802 2976 988 3054 propositam
1003 2975 1120 3033 imitati.
1144 2974 1181 3033 Id
1195 2975 1292 3052 ipsum
1307 2974 1380 3033 satis
1395 2980 1501 3050 aperte

803 3062 894 3120 docet
908 3060 1123 3120 Theodoretus
1142 3062 1172 3121 in
1196 3080 1298 3118 comm.
1323 3060 1416 3137 hujus
1430 3058 1500 3128 loci,

803 3148 980 3207 itademum
997 3147 1200 3226 subjungens:
1217 3150 1291 3208 Non
1303 3150 1388 3206 enim
1399 3163 1500 3221 prop·

802 3243 851 3294 ter
856 3237 957 3311 primi
967 3237 1113 3310 parentis
1123 3242 1300 3310 peccatum,
1309 3234 1361 3293 sed
1368 3239 1502 3308 propter

803 3341 895 3381 suum
925 3325 1143 3396 unusquisqne
1174 3321 1333 3380 decretum
1362 3322 1500 3394 11111111.

804 3408 895 3487 Quod
911 3416 939 3467 et
955 3409 1066 3486 repetit
1081 3408 1113 3467 in
1130 3406 1252 3486 dialogo
1269 3411 1305 3480 3,
1322 3408 1375 3486 qui
1391 3405 1502 3465 dicitur

804 3494 986 3574 impatibilis.
1002 3495 1048 3554 Ac
1069 3495 1158 3553 nimis
1178 3503 1291 3555 temere
1306 3495 1396 3553 etiam
1411 3492 1501 3551 Eras-

802 3601 869 3640 mus
884 3583 916 3640 in
941 3581 1090 3658 ejusmodi
1105 3599 1224 3640 sensum
1240 3579 1415 3660 propendet,
1442 3588 1501 3638 tam

804 3670 834 3726 in
861 3667 1056 3747 paraphrasi,
1079 3687 1169 3747 quam
1194 3670 1225 3727 11
1248 3666 1501 3737 annotationibus,

804 3753 984 3832 Origenem,
1010 3762 1045 3812 ut
1061 3763 1200 3833 apparet,
1216 3763 1352 3815 autorem
1369 3760 1499 3813 secutus.

803 3839 953 3918 Quamvis
970 3841 1047 3899 enim
1064 3839 1211 3920 Origenes
1228 3843 1260 3900 in
1272 3861 1326 3900 suo
1354 3858 1500 3901 commen·

802 3929 878 3987 tario
905 3928 1009 3985 varius
1026 3936 1073 3985 est
1088 3936 1118 3986 et
1140 3927 1288 3997 lubricus,
1312 3929 1501 4005 potissimum

802 4022 902 4072 tamen
920 4014 1093 4072 immoratur
1109 4015 1141 4073 in
1157 4012 1337 4092 explicanda
1353 4024 1384 4072 ct
1410 4031 1501 4088 exag-

802 4099 935 4179 geranda
950 4091 1071 4179 peccati
1089 4100 1276 4169 imitatione,
1299 4109 1331 4157 et
1346 4098 1384 4159 de
1402 4119 1438 4158 ea
1453 4117 1501 4155 ac·

802 4194 888 4245 cusat
904 4207 1016 4248 ommes
1040 4188 1159 4266 antiqui
1186 4184 1298 4245 saeculi
1322 4187 1436 4264 justos,
1463 4182 1501 4240 ab

802 4272 881 4332 Abel
896 4292 992 4352 usqne
1009 4273 1048 4332 ad
1063 4273 1225 4332 Abraham.

845 4359 955 4418 Verum
971 4359 1001 4419 S.
1014 4362 1206 4437 Augustinus,
1223 4357 1365 4417 adversus
1380 4357 1500 4436 Pelagi-

801 4466 874 4505 anos
886 4445 1050 4525 disputans,
1074 4445 1231 4506 contendit
1246 4465 1281 4504 ac
1296 4444 1398 4503 multis
1409 4445 1500 4503 ratio·

801 4533 887 4591 nibus
904 4533 1052 4606 ostendit,
1079 4534 1158 4592 hunc
1174 4534 1271 4592 locum
1287 4553 1348 4591 111
1362 4533 1500 4609 recipere

62 4612 157 4688 idest,
187 4615 291 4679 Adam
318 4635 383 4674 cum
409 4616 544 4688 Clnisto,
572 4617 689 4677 scilicet
715 4638 753 4678 ea
801 4618 892 4678 aliem
907 4621 1192 4699 interpretationem,
1208 4619 1349 4700 quamde
1363 4620 1500 4696 ingressu

62 4704 284 4786 oompantieue,
299 4720 377 4781 quae
392 4704 426 4762 fit
441 4722 497 4783 per
511 4704 702 4782 antithesim
717 4713 751 4764 ut
799 4708 917 4785 peccati
933 4725 988 4786 per
1003 4707 1267 4789 propagationem,
1291 4725 1348 4768 uec
1363 4706 1424 4768 uisi
1447 4703 1500 4766 ab·
