3254 5190
127 264 150 331 2
655 256 866 311 mounsmuu
883 253 1044 310 mrsromr

127 434 361 493 communionem
392 452 464 492 suae
495 432 649 512 religionis
672 432 828 493 admittere
875 433 931 492 hus
961 453 1037 492 unus
1068 442 1167 493 essent
1197 434 1340 514 populus,
1372 431 1574 490 attribuebant

127 528 269 599 tanquam
302 520 471 599 proselytos
506 529 536 580 et
570 519 750 578 adscititios:
788 521 828 578 ita
876 519 1004 594 Judaei,
1029 539 1082 578 sua
1099 542 1218 601 quoque
1237 523 1341 581 merita
1360 521 1444 579 velut
1463 518 1501 576 ad
1523 537 1574 575 cu·

127 605 496 667 ChristianiJudaizantes
509 606 547 666 ab
556 606 719 685 Evangelii
731 608 829 684 gratia
876 605 986 664 mulum
1011 605 1164 682 addentes,
1188 608 1267 688 quod
1292 606 1488 685 amajoribus
1512 605 1576 662 suis

126 714 162 753 ac
178 715 231 773 spe
249 694 352 753 salutis
372 694 518 752 neminem
536 692 736 752 excludebant
756 713 826 772 gen·
877 693 996 750 minime
1027 691 1259 770 degenerarent,
1289 703 1393 773 utpote
1425 687 1577 750 retinendi

126 780 225 855 tilem,
259 780 346 839 mode
381 780 584 839 circumcisum
617 800 652 838 ac
685 781 828 858 legalium
877 779 973 838 cultus
1011 798 1047 837 ac
1078 779 1152 859 legia
1184 780 1389 841 observandae
1420 777 1576 838 studiosis·

127 866 328 926 Mosaicorum
350 867 566 926 observantem.
610 865 698 925 Unde
727 875 757 924 et
784 865 828 923 illi
877 866 958 940 simi3
983 863 1066 943 digni
1087 867 1213 945 proinde
1237 868 1343 948 quibus
1365 868 1463 945 potius
1487 882 1577 943 quarn

128 953 212 1012 Petri
227 953 457 1032 reprehensores
477 952 629 1011 dicebant:
653 955 758 1031 Quare
774 956 827 1012 in·
877 952 943 1010 aliis
965 951 1084 1031 populis
1107 955 1269 1032 Evangelii
1300 955 1425 1031 gratiam
1448 972 1483 1009 ac
1507 972 1575 1029 pro·

127 1040 286 1099 troistiod
298 1039 784 1115 viroaprocputiumbobeatcs?
798 1038 827 1098 id
878 1039 968 1096 missa
990 1038 1072 1099 Deus
1103 1040 1238 1100 offerret:
1269 1037 1514 1119 quemadmodum
1547 1042 1579 1094 ct

128 1134 174 1186 est
195 1127 428 1186 incircumcisos:
456 1146 516 1186 non
543 1127 647 1204 utique
669 1127 827 1206 reprehen·
874 1125 938 1203 jam
962 1124 1131 1199 obtulisset,
1161 1125 1279 1185 Christo
1302 1127 1361 1185 filio
1386 1128 1451 1203 ejus
1473 1125 1577 1182 Evau-

127 1215 202 1286 snri,
233 1215 258 1273 si
280 1215 408 1292 gentiles
437 1211 481 1271 illi
504 1213 670 1272 circumcisi
692 1213 828 1272 fuissent.
877 1210 985 1289 gelium
1008 1231 1093 1270 suum
1115 1211 1256 1285 Judaeis,
1280 1235 1339 1272 non
1361 1211 1499 1292 gentibus
1524 1229 1573 1268 an-

128 1298 219 1379 Quod
241 1319 315 1359 vero
339 1298 451 1359 dixisse
480 1320 545 1358 curn
568 1299 764 1359 admiratione
787 1300 827 1359 le·
879 1299 1047 1358 nunciante.

128 1395 253 1468 guntur:
276 1387 364 1461 Ergo
385 1393 414 1444 et
434 1386 581 1462 pentibus
596 1389 829 1461 poeaitentiam
921 1383 1057 1444 Gentiles
1080 1393 1190 1458 contra,
1209 1406 1282 1466 qnos
1305 1385 1456 1464 apostolus
1480 1381 1576 1442 Grae·

128 1473 330 1533 deditDcus?
344 1474 386 1532 sic
399 1472 541 1551 intellige,
554 1474 693 1551 gentibus
702 1475 732 1533 in
744 1493 828 1553 prae·
878 1490 928 1530 cos
940 1471 1081 1551 appellat,
1100 1491 1181 1530 suam
1194 1472 1352 1532 Graeciam
1365 1470 1577 1550 philosophiae

127 1561 209 1641 putio
233 1558 429 1620 manentibus.
464 1560 532 1619 Hoc
557 1561 635 1618 enim
657 1561 830 1640 mysterium
878 1567 1040 1638 parentem,
1063 1559 1230 1637 sapientiae
1249 1561 1450 1637 virtutumque
1470 1555 1578 1615 studiis

128 1648 210 1727 prius
240 1647 423 1725 incognitum
466 1665 501 1705 ac
538 1646 595 1705 sibi
624 1646 714 1706 valde
744 1668 828 1727 para·
879 1645 1024 1704 excultam
1048 1665 1082 1704 ac
1101 1643 1231 1703 nobilem
1254 1645 1484 1724 praedicabant:
1508 1663 1576 1722 spe·

130 1733 248 1805 dorum,
271 1734 362 1793 Petro
383 1733 536 1805 visionem,
559 1734 711 1813 quaesibi
733 1735 831 1793 fuerat
878 1733 993 1792 cialiter
1014 1733 1142 1791 Romani
1172 1733 1263 1790 multa
1287 1753 1304 1791 a
1327 1732 1490 1810 majoribus
1514 1732 1578 1790 suis

129 1819 254 1880 caelitus
270 1828 399 1893 ostensa,
415 1829 562 1893 narrante,
576 1821 641 1897 jam
655 1819 830 1881 didicerant.
877 1840 937 1880 non
961 1820 1057 1881 solum
1077 1818 1202 1891 fortiter,
1224 1838 1329 1879 verum
1353 1821 1439 1879 etiam
1463 1827 1577 1896 tempe·

172 1907 267 1985 Igitur
299 1906 360 1966 hae
385 1906 609 1967 Judaizantinm
643 1907 830 1967 distinctione
877 1914 978 1966 ranter
1002 1915 1031 1965 et
1049 1907 1132 1982 juste
1154 1905 1247 1980 iacta,
1283 1905 1389 1985 quibus
1420 1906 1578 1984 imperium

129 1994 355 2074 praetermissa:
372 1993 490 2072 qnando
507 2014 563 2053 nec
574 2002 699 2073 apparet
711 1977 829 2054 omnino
879 2000 909 2053 et
924 1992 1048 2070 gloriam
1064 1993 1259 2050 immortalem
1275 2013 1347 2052 suae
1364 1996 1446 2071 genti
1468 2010 1576 2072 peper-

130 2080 284 2152 Judaeos,
317 2081 367 2160 qui
389 2080 504 2138 Romae
528 2088 627 2152 erant,
656 2081 831 2160 pertrahere
878 2082 981 2153 issent,
1004 2079 1281 2138 commemorabant
1329 2079 1488 2139 Caeterum
1513 2076 1576 2137 ido·

130 2166 262 2227 voluisse
285 2165 420 2244 gentiles,
444 2167 495 2245 qui
517 2167 547 2225 in
564 2164 712 2226 Christum
736 2167 828 2228 credi·
877 2166 1014 2225 lolatriae
1037 2166 1149 2223 crimen
1172 2167 1214 2223 ita
1236 2166 1411 2243 rejiciebant
1430 2164 1577 2239 Gentiles,

119 2251 245 2324 derant,
268 2251 307 2312 ad
326 2251 479 2312 Moesicae
499 2252 573 2330 legis
592 2254 831 2314 observationem
879 2262 911 2312 ut
930 2253 1115 2332 ignorantiae
1132 2249 1333 2330 deputandum
1352 2251 1493 2325 dicerent,
1517 2273 1579 2312 non

132 2333 243 2419 (neque
273 2339 351 2398 enim
381 2339 411 2397 in
442 2338 497 2396 hac
528 2339 655 2416 epistola
676 2340 737 2399 tale
760 2339 830 2421 qnid
879 2337 1021 2399 malitiae.
1066 2337 1131 2397 Nec
1155 2347 1254 2396 tamen
1284 2339 1372 2397 etiam
1395 2342 1472 2398 inter
1494 2340 1578 2416 ipsos

131 2445 257 2505 nsquam
279 2420 486 2504 significatur):
516 2424 590 2485 illud
610 2428 710 2505 potius
733 2425 831 2487 dicen·
880 2425 1028 2496 defuisse,
1053 2425 1104 2504 qui
1127 2443 1216 2482 unum
1239 2444 1342 2483 verum
1364 2425 1477 2496 Deum,
1500 2425 1576 2483 iuvi·

132 2511 218 2584 dum,
261 2512 449 2571 occasionem
484 2510 573 2588 hujus
608 2511 646 2571 ad
681 2512 832 2573 Romanos
880 2512 1004 2584 sibilem,
1027 2519 1188 2584 aeternum,
1209 2512 1439 2590 omnipotentem
1458 2530 1495 2569 ex
1515 2515 1577 2590 opi-

135 2597 279 2677 epistolae
296 2596 473 2657 scribendae
487 2605 586 2656 natam
603 2597 696 2658 fuisse
711 2619 750 2659 ex
765 2620 831 2659 con·
880 2599 946 2658 ficio
970 2596 1071 2656 mnndi
1094 2597 1314 2676 cognovissent.
1338 2597 1464 2656 Judaois
1489 2606 1578 2673 certe,

133 2685 276 2755 tentione,
306 2702 382 2762 quae
404 2683 517 2741 Rornae
544 2684 620 2742 inter
635 2683 779 2747 ..Iudaeos
802 2693 833 2745 et
880 2687 930 2765 qui
952 2691 995 2742 tot
1017 2683 1078 2743 Dei
1098 2682 1250 2742 beneficiis
1282 2684 1407 2761 ingrati,
1437 2685 1524 2742 toties
1548 2687 1579 2744 in

133 2769 271 2850 gentiles,
293 2776 435 2848 utrosque
452 2767 565 2840 fideles,
588 2769 711 2831 suborta
726 2770 832 2844 fuerat,
881 2770 1120 2850 superstitionem
1147 2767 1289 2828 falsorum
1313 2770 1443 2828 Deorum
1467 2769 1579 2848 relapsi

132 2864 166 2914 nt
188 2855 287 2914 dicere
310 2874 475 2935 coeperam,
500 2854 672 2917 demeritis
696 2866 727 2917 et
744 2859 832 2935 justi·
879 2856 1021 2929 fuissent,
1054 2855 1184 2934 deniqne
1218 2855 1358 2914 Messium
1391 2857 1450 2915 Dei
1484 2856 1580 2916 filiurn

132 2939 280 3012 ficatione,
297 2939 366 2999 dum
383 2941 495 3001 scilicet
509 2943 627 3022 utrique
643 2943 705 3002 suis
720 2945 834 3024 meritis
879 2943 1053 3023 promissum
1083 2963 1119 3001 ac
1145 2942 1281 3013 missurn,
1316 2942 1393 3002 male
1423 2952 1579 3021 acceptum

133 3027 295 3105 Evangelii
316 3028 442 3105 gratiam
465 3037 647 3106 arrogarent.
880 3030 1050 3109 turpissima
1071 3038 1164 3088 morte
1187 3027 1451 3101 condemnassent,
1485 3029 1578 3088 multo

176 3113 299 3172 Etenim
321 3111 435 3173 Judaei
457 3109 522 3193 (qui
543 3115 662 3195 quidem
684 3122 777 3185 erant,
799 3121 832 3172 ut
881 3136 944 3176 sese
964 3114 1112 3194 digniores
1133 3134 1207 3186 esse,
1228 3114 1335 3194 quibus
1354 3116 1514 3194 Evangelii
1533 3119 1579 3175 sui

134 3197 213 3273 dixi,
245 3200 442 3259 contentionis
470 3196 601 3275 autores)
619 3199 777 3280 jactabant
799 3220 832 3260 se
880 3203 1006 3282 gratiam
1029 3201 1112 3261 Deus
1135 3200 1298 3260 exhiberet.

123 3283 195 3349 ¹Dei
228 3284 370 3365 populum
404 3306 472 3345 esse
505 3286 654 3362 quondam
688 3285 831 3361 electum,
923 3285 1094 3348 Istiusmodi
1134 3288 1225 3365 igitur
1265 3287 1459 3346 altercatione
1501 3289 1579 3348 inter

134 3369 281 3432 Gentibus
305 3373 337 3432 in
364 3372 532 3432 idololatria
547 3372 711 3447 derelictis;
734 3374 832 3452 legem
880 3374 996 3444 fideles,
1025 3375 1076 3452 qui
1097 3373 1211 3433 Romae
1241 3382 1327 3432 eraut
1357 3382 1462 3433 exorta
1494 3383 1523 3433 et
1548 3379 1578 3435 in

134 3477 200 3517 cum
217 3458 340 3536 judiciis
371 3468 402 3518 et
428 3461 622 3520 caeremoniis
644 3480 663 3519 a
684 3459 752 3519 Deo
776 3461 832 3519 sibi
881 3460 945 3521 dies
967 3457 1126 3539 gliscente,
1156 3457 1267 3518 Paulus
1297 3481 1352 3538 pro
1376 3480 1498 3519 munere
1522 3483 1576 3521 suo

133 3543 248 3616 datam,
279 3566 339 3604 non
369 3545 443 3620 illis;
478 3545 667 3605 Patriarchas
699 3567 768 3606 suos
797 3567 832 3605 ac
880 3547 1044 3627 apostolico
1074 3544 1285 3605 occurrendum
1308 3554 1406 3619 ratus,
1437 3546 1513 3605 hanc
1538 3547 1577 3607 ad

132 3631 294 3710 prophetas
318 3631 377 3691 Dei
397 3631 566 3704 familiares,
588 3633 740 3692 ethorum
767 3652 828 3691 ora·
880 3653 931 3694 eos
950 3634 1037 3693 mittit
1056 3632 1228 3712 epistolam,
1249 3652 1308 3712 qua
1326 3634 1451 3712 primum
1468 3635 1576 3693 utrius·

133 3717 201 3776 cula
223 3716 279 3776 sibi
303 3717 428 3795 tradita3
455 3717 584 3799 denique
605 3719 666 3779 Dei
687 3720 831 3798 promissa
880 3740 938 3800 que
968 3721 1060 3799 partis
1090 3719 1197 3779 fastum
1228 3718 1381 3798 deprimit,
1413 3720 1577 3781 ostendens

134 3811 164 3863 et
187 3811 277 3883 pacta
292 3823 400 3864 secum
423 3806 512 3878 inita,
540 3807 669 3865 maxime
699 3805 737 3864 de
765 3807 829 3863 mit·
880 3826 990 3880 omues,
1012 3807 1184 3885 priusquam
1207 3804 1312 3864 aDeo
1335 3815 1514 3864 vocarentur
1537 3806 1576 3865 ad

131 3889 223 3949 tendo
253 3891 364 3950 Messia
397 3890 560 3963 salvatore,
596 3890 759 3971 eodemque
793 3912 830 3950 ex
878 3891 965 3951 fidem
994 3891 1117 3965 Ghristi,
1145 3891 1238 3951 fuisse
1268 3894 1400 3970 peccatis
1440 3893 1576 3952 subditos

131 3977 204 4055 ipsis
228 3979 387 4049 nascituro,
411 3979 460 4058 qui
478 3979 542 4055 jam
560 3980 668 4038 missus
688 3977 727 4036 ad
749 3979 830 4057 ipsos
879 3987 909 4038 et
931 3999 950 4037 a
971 3998 1043 4040 vera
1061 3980 1178 4056 justitia
1194 3978 1325 4053 alienos3
1349 3978 1476 4059 ideoque
1499 3981 1576 4039 nihil

131 4070 161 4122 et
192 4082 232 4122 ex
262 4065 334 4143 ipsis
365 4072 451 4123 natus
482 4073 568 4124 esset.
615 4064 702 4143 Quae
732 4065 830 4123 omnia
877 4064 997 4138 habere,
1016 4065 1054 4124 de
1070 4086 1126 4146 quo
1141 4063 1190 4124 vel
1206 4064 1291 4123 alteri
1308 4065 1451 4125 adversus
1461 4066 1575 4128 alteros

131 4156 269 4230 tanquam
293 4149 448 4230 praeclara
470 4150 508 4210 de
529 4150 588 4210 illis
609 4153 698 4211 etiam
717 4150 829 4210 Paulus
877 4171 943 4212 sese
959 4152 1122 4223 venditent,
1145 4151 1196 4209 vcl
1211 4152 1329 4230 utrique
1341 4151 1461 4230 gloriari
1475 4174 1575 4212 coram

130 4236 194 4314 ipse
211 4247 419 4297 commemorat
433 4239 558 4317 sparsim
574 4238 604 4297 in
625 4236 680 4295 hac
696 4236 829 4317 epistola,
877 4238 943 4298 Deo
967 4240 1095 4318 possint,
1118 4246 1259 4317 tanquam
1283 4237 1320 4297 de
1344 4238 1443 4319 aliquo
1467 4243 1572 4299 merito

129 4330 163 4380 ut
178 4321 252 4400 Gap.
269 4323 296 4381 3.
316 4328 342 4384 9.
362 4328 409 4382 11.
428 4325 522 4383 et15.
540 4321 762 4402 Propterquod
785 4321 828 4383 di·
877 4327 990 4403 gratiae
1014 4334 1043 4384 et
1066 4325 1169 4385 salutis
1192 4323 1310 4384 oblatae
1336 4346 1389 4403 per
1413 4325 1573 4386 Christum.

130 4409 350 4489 citaliquoties:
364 4412 494 4472 Judaeo
507 4413 688 4486 praesumet
699 4409 827 4486 Graeco,
877 4412 973 4471 Docet
996 4413 1095 4492 itaque
1117 4412 1275 4490 gratuitum
1296 4412 1353 4470 Dei
1373 4413 1481 4471 donum
1505 4434 1574 4474 esse

58 4547 64 4562 ,
129 4495 271 4555 videlicet
319 4496 505 4559 Judaeorum
551 4515 623 4574 prae
667 4495 829 4575 gentilibus
872 4499 1130 4577 justificationem:
1153 4499 1210 4557 hoc
1229 4507 1281 4569 cst,
1306 4521 1365 4558 non
1387 4521 1443 4579 per
1466 4499 1573 4577 legem,

128 4584 368 4661 praerogativam
404 4583 548 4645 indicans.
612 4583 698 4642 Haec
732 4592 829 4644 autem
876 4593 928 4645 aut
957 4606 995 4646 ex
1028 4584 1090 4644 ullo
1121 4605 1243 4664 operum
1272 4587 1388 4661 merito,
1419 4586 1573 4665 dignitate,

129 4669 228 4729 omnia
242 4671 356 4731 meritis
371 4690 490 4732 suornm
509 4668 663 4747 majorum,
685 4689 749 4730 curn
765 4672 829 4752 qui·
876 4680 1031 4752 respectu,
1054 4671 1106 4732 sed
1129 4672 1221 4750 gratis
1244 4672 1409 4750 perfidem
1433 4674 1464 4733 in
1486 4672 1572 4734 Ghri·
