3254 5190
467 272 1099 343 uuroala'ao‘uoumos.·omo··uaso.
1444 294 1528 364 351·

109 460 202 527 Haec
217 462 342 548 quoquo
359 470 430 546 pars
445 448 583 545 tpprirne
598 448 773 547 quadratio
820 454 940 527 Graeca·
952 482 1015 525 vox
1031 455 1216 542 ἀκεραίους,
1244 463 1273 524 id
1285 472 1351 538 est,
1375 464 1519 545 integros,

68 550 353 633 Pscudcs'postolos'
376 550 445 612 illos
475 550 625 627 iudaeos,
651 561 785 634 propter·
819 555 1018 633 incorruptos,
1049 570 1086 611 ae
1101 550 1221 612 sidicat
1236 551 1417 631 Apostolus:
1448 552 1520 613 fler·

71 658 145 719 quos
160 638 205 699 alt
219 634 325 699 teor.
342 634 398 697 11.
420 640 539 715 limae,
556 656 597 699 nc
612 642 692 699 sicut
706 658 772 702 scr·
818 648 889 700 v'ate
902 658 961 698 res
977 634 1069 719 puros
1081 644 1113 696 ct
1124 638 1257 718 integros
1268 638 1306 697 ab
1319 638 1519 713 admittendo,

68 742 149 801 pens
167 724 297 787 rreum
324 722 456 787 sedauit·
477 728 598 786 amatia
619 744 695 804 ma,
725 730 772 787 ita
819 725 901 807 qued
916 726 1027 785 malum
1042 732 1102 797 eat,
1127 745 1163 786 ac
1186 724 1360 786 nominatim
1383 725 1422 785 ab
1437 726 1518 786 omui
1580 786 1584 793 ,

72 819 326 889 corrumpantur
339 820 447 873 tensam
461 814 573 889 ecurt,
594 822 651 873 etc.
678 813 772 895 Atqui
819 811 990 892 corruptela
1021 811 1189 887 doctrinae,
1228 828 1321 893 quam
1351 819 1520 892 suggerant

73 888 347 983 ἰιι11111111,,111ςί1Ι
366 896 442 962 llaec
457 886 563 961 e‘ad'em
590 908 771 980 competunt,
818 899 889 960 falsi
904 898 1053 980 magistris
1080 916 1159 977 quos
1179 900 1282 961 meum
1306 900 1393 959 vobis
1415 898 1519 960 obser·

73 986 162 1067 quous
182 986 218 1047 iu
240 976 416 1047 liameticcs
439 988 544 1047 nestri·
560 988 689 1062 metult,
719 988 773 1068 qui
819 985 934 1047 vandus
950 1002 1025 1047 esse.

74 1060 449 1153 perlslaudilequautiam,
468 1074 695 1147 assentationes,
708 1078 773 1134 ma·
861 1073 972 1134 Verum
998 1072 1094 1151 magis
1116 1071 1219 1151 placet
1244 1073 1408 1150 simplices.
1447 1072 1518 1133 Non

76 1156 181 1239 gnifica¹
194 1160 353 1241 promissa,
367 1174 483 1239 perque
497 1160 635 1240 speciosa
650 1162 772 1245 nomina
819 1162 897 1220 cuim
919 1158 994 1219 dicit
1007 1158 1182 1238 Apostolus,
1212 1177 1232 1217 a
1252 1159 1347 1231 malo,
1376 1156 1459 1240 quod
1472 1156 1529 1218 di··

77 1244 152 1307 uerbi
165 1242 246 1329 Dei,
267 1254 363 1327 purae
378 1244 531 1306 docrinae
554 1253 586 1307 et
600 1248 771 1308 securitatis
819 1245 946 1307 cendum
961 1254 1041 1320 erat,
1056 1247 1082 1305 si
1096 1245 1280 1323 signiticaret
1294 1249 1447 1322 maceras,
1463 1248 1519 1306 im·

78 1332 289 1413 conscientiae,
316 1330 466 1413 decipiunt
489 1333 643 1415 simplices
666 1341 697 1394 ct
711 1335 771 1411 'im-
819 1339 1004 1409 um'mptas3
1027 1330 1098 1403 sed,
1120 1332 1164 1391 osi
1178 1332 1308 1393 malam.
1344 1334 1395 1396 Sic
1409 1341 1441 1394 st
1454 1332 1518 1393 Do·

80 1422 192 1498 peritos.
817 1419 915 1480 minus
930 1417 1072 1480 admonet
1085 1418 1192 1479 Mettis.
1211 1422 1258 1479 10.
1276 1419 1395 1482 diceus:
1409 1422 1520 1483 saeta

113 1510 162 1568 19.
192 1505 636 1567 Vestmcuimobsdtcattatu
645 1520 771 1567 omum
816 1506 990 1583 prudentes
1004 1509 1085 1567 utut
1105 1514 1282 1583 serpentes,
1313 1515 1344 1568 et
1361 1508 1520 1584 simplices

82 1593 173 1653 locum
188 1590 428 1669 diuulpatu'ast.
467 1591 557 1672 Quod
578 1592 628 1653 hic
650 1592 770 1672 legitur,
817 1584 983 1670 (ἀκέραιοι)
997 1596 1077 1654 sicut
1091 1593 1263 1655 columboe.
1287 1595 1366 1655 Nam
1381 1602 1413 1656 st
1426 1594 1518 1655 Erus·

10 1713 13 1725 ·
82 1684 249 1743 mammam
263 1680 368 1765 ¹docum
384 1678 557 1755 meatuum
572 1686 626 1756 cst,
653 1678 769 1741 Graece
817 1698 882 1739 mus
905 1698 941 1740 eo
964 1680 1029 1741 loco
1043 1680 1144 1740 ,vortit
1165 1683 1337 1759 simplices,
1364 1682 1445 1763 quud
1471 1690 1519 1743 est

21 1814 26 1845 ,
81 1774 184 1829 tantum
199 1774 259 1844 om,
275 1764 321 1827 ad
335 1784 443 1827 omues
454 1770 611 1843 perventa
649 1765 711 1827 Sed
726 1768 769 1827 in-
817 1767 942 1841 iuncxii,
969 1767 1086 1829 scilicet
1099 1786 1182 1828 more
1195 1768 1382 1848 placidorum
1402 1771 1517 1829 auima-

21 1890 25 1901 ·
82 1848 182 1935 terpres
203 1862 359 1935 &panesa
385 1854 496 1927 voluit,
522 1856 567 1916 ad
588 1872 711 1930 omues,
738 1853 768 1915 id
815 1854 889 1915 lium
902 1872 963 1913 nou
976 1853 1153 1915 habentium
1168 1873 1290 1930 cornua,
1305 1856 1415 1937 quibus
1426 1854 1527 1916 effen·-

10 1950 26 1999 ·..'
82 1950 130 2016 sat,
143 1942 181 2003 im
196 1940 452 2005 maeotidarum.
484 1940 598 2005 Sensus
614 1943 692 2002 cuim
708 1950 768 2002 est:
816 1940 889 2001 dant
916 1949 969 2000 aut
998 1950 1143 2002 noceant
1180 1941 1257 2002 Inde
1286 1945 1367 2006 euim
1398 1951 1526 2024 sumpta·

83 2026 146 2091 lam
179 2032 289 2091 sesua
325 2026 447 2112 quidem
484 2027 670 2103 obedientia,
707 2048 769 2109 qua
815 2027 973 2089 translatio
989 2027 1098 2089 Graeci
1110 2028 1249 2089 vocabuli
1265 2020 1411 2107 ἀκέραιοι,
1427 2030 1516 2110 qussi

10 2142 12 2163 =
81 2114 670 2197 promptissimerscepistisEvangelium
682 2113 767 2176 Olari-
815 2114 911 2188 dicas,
937 2118 1006 2175 sinc
1028 2114 1183 2175 cornibus.
1220 2116 1257 2176 In
1279 2134 1369 2196 quem
1392 2134 1515 2179 sensum

80 2200 211 2267 stisobis
227 2204 452 2276 annuntiatum,
477 2202 620 2263 latissime
635 2220 768 2284 quaqua·
815 2203 906 2262 etiam
928 2199 1038 2262 Gracci
1061 2209 1310 2265 commentatores
1333 2205 1413 2265 huno
1434 2206 1523 2285 ape--

17 2326 22 2333 -
80 2286 187 2353 semum
202 2284 362 2369 divulgata
377 2296 434 2362 est,
449 2290 537 2349 ctiam
552 2287 591 2349 ad
606 2290 767 2352 remotlora
814 2289 884 2349 stoli
895 2288 994 2347 locum
1005 2295 1170 2368 exponunt.
1190 2290 1313 2370 Estque
1323 2290 1418 2351 simile
1430 2308 1516 2371 pras·

79 2376 140 2439 locs.
169 2376 242 2437 Hac
257 2373 432 2437 laudatione
453 2375 623 2457 praemollit
637 2376 767 2437 dmoni·
814 2383 933 2456 ccptum
956 2374 1037 2454 apud
1058 2375 1184 2435 eundem
1209 2375 1307 2437 lOor.
1323 2378 1372 2436 14.
1410 2378 1516 2438 Nolite

79 2464 178 2525 iousm
189 2470 385 2545 sequentem,
409 2480 470 2543 qua
492 2472 594 2524 cautos
614 2463 681 2524 vult
702 2460 767 2524 red·
811 2465 909 2539 pueri
923 2461 1007 2539 effici
1028 2462 1183 2536 secubat,
1214 2463 1268 2522 scd
1289 2464 1417 2524 nudius
1433 2472 1515 2539 pa'r-

12 2572 17 2607 .
79 2548 141 2615 dora
153 2548 319 2622 Romanos,
332 2546 564 2611 neseducantur
578 2548 616 2610 ab
633 2552 678 2624 iis,
693 2568 768 2631 quos
817 2550 885 2611 ostii
907 2555 1017 2623 estote,
1041 2556 1076 2607 ut
1098 2550 1159 2610 siut
1172 2548 1269 2609 'iidem
1295 2551 1451 2629 simplices
1470 2550 1516 2609 ad

78 2634 273 2719 superioribus
289 2634 389 2697 verbis
403 2633 571 2716 descripsit,
616 2633 766 2698 Obedicu·
815 2638 954 2712 molum,
971 2643 1003 2695 et
1016 2636 1146 2696 malitia
1157 2638 1301 2713 paruuli.

77 2723 136 2785 tan
148 2722 242 2785 modo
264 2720 330 2801 jam
346 2720 500 2803 explicato
515 2724 627 2803 passim
642 2729 769 2804 usurpat
858 2726 909 2785 20.
932 2724 1020 2783 Deus
1034 2731 1142 2783 autem
1153 2726 1244 2800 pacis
1259 2729 1403 2785 conterat
1418 2728 1524 2788 Saia-¹

78 2808 250 2891 Apostolum
271 2815 307 2868 ut
320 2806 411 2889 hujus
426 2809 516 2889 epist
532 2829 597 2892 cap.
616 2814 648 2886 1,
672 2811 721 2871 10.
738 2816 769 2870 et
816 2829 893 2871 nam
901 2809 1520 2886 mopeottcsvcsttcvctccttcr.(traeece

79 2898 117 2959 lt.
133 2906 166 2958 st
179 2898 200 2957 1
214 2892 286 2957 cor.
302 2898 331 2957 9.
815 2902 954 2958 conteret
968 2898 1126 2957 Seianam
1148 2897 1204 2959 ascl>
1219 2898 1316 2974 pedes
1338 2906 1458 2961 amisos
1476 2899 1516 2958 tu

111 2984 244 3047 (111υάεο
274 2983 375 3057 tuitus·
398 2982 435 3042 iu
464 2982 560 3043 uoltu.
597 2983 640 3043 In
667 2982 766 3057 vobis,
815 2984 911 3045 breul.
941 2982 1053 3044 Latina
1067 3002 1193 3067 quoque
1215 2984 1361 3045 nonnulla
1380 2984 1467 3047 Mes.
1484 2992 1517 3043 et

76 3088 173 3147 uaeas
194 3060 233 3128 τὸ
256 3056 308 3145 ἐφ’
330 3060 411 3144 ὑμῖν.
447 3068 556 3130 Latine
576 3069 635 3130 dici
650 3075 766 3149 potesta
815 3072 845 3130 in
870 3070 919 3130 his
945 3068 1107 3130 Laudcnse
1133 3071 1302 3151 exemplar,
1331 3073 1516 3153 suffragante

77 3156 150 3231 mco
163 3174 223 3217 aas
236 3158 361 3215 attinet.
395 3152 524 3234 Propter
538 3156 632 3237 quod,
660 3156 766 3234 inquit,
815 3157 906 3216 etiam
922 3157 1080 3228 Primasio,
1096 3164 1127 3217 et
1132 3158 1225 3234 juxta
1235 3157 1353 3218 codices
1364 3159 1513 3239 antiquio·

78 3240 232 3323 etgaudeo
248 3258 323 3301 saue
337 3240 376 3301 de
390 3239 487 3313 vobis,
507 3262 542 3302 ac
555 3244 651 3304 vestri
666 3260 765 3303 causa
813 3262 860 3304 res
877 3242 1012 3303 Ambros.
1030 3251 1279 3315 commentatore,
1302 3245 1404 3323 legunt
1419 3262 1513 3307 enun-

77 3326 142 3389 lltm
166 3328 222 3389 illa
246 3336 350 3387 vesus
373 3326 444 3387 fidei
469 3329 674 3411 promptitudo
706 3337 766 3387 tam
813 3329 919 3389 tiatira
931 3322 1078 3391 conteret.
1101 3328 1222 3409 Quibus
1235 3338 1266 3390 ot
1276 3330 1403 3410 Syriaca
1414 3322 1522 3392 versio¹

78 3414 246 3495 parulgata
259 3416 366 3474 merito
382 3414 483 3493 nimi
494 3414 598 3494 gaudii
609 3416 765 3476 materiam
813 3416 970 3476 consentit.
991 3415 1091 3494 Igitur
1104 3415 1198 3476 verba
1210 3425 1278 3479 sunt
1288 3416 1340 3477 vel
1356 3418 1434 3479 bene
1445 3436 1512 3499 pre·

79 3500 138 3562 nlo
149 3498 288 3583 praebet
311 3500 382 3562 dam
397 3502 533 3580 sequitur
548 3501 726 3562 admonitio:
813 3504 916 3576 cantia,
932 3504 1010 3562 deut
1023 3510 1054 3561 et
1064 3502 1276 3565 Theodoretus
1286 3504 1444 3579 intellexit,
1463 3503 1523 3566 vel

110 3588 170 3649 Sed
187 3584 264 3649 oola
285 3602 343 3647 uos
364 3590 522 3664 sapientes
537 3607 598 3649 cssc
613 3592 649 3650 ta
671 3589 764 3660 bono,
812 3590 891 3649 bene
904 3587 1060 3669 sperantis.
1083 3590 1176 3664 Deus,
1191 3591 1387 3671 inquit,pacis
1401 3600 1514 3667 auctor,

10 3710 12 3717 ·
82 3679 101 3731 et
111 3674 269 3751 simplices
282 3676 319 3734 iu
333 3674 429 3735 malo.
452 3672 584 3735 Graece:
613 3676 693 3737 Volo
708 3694 764 3735 uu·
813 3685 950 3736 satanam
960 3676 1264 3755 perministrossucs,
1277 3696 1409 3738 errorum
1419 3679 1514 3759 magi·

81 3764 129 3819 itm
148 3778 207 3823 uos
227 3763 384 3837 sapientes
405 3760 532 3837 quidem
554 3780 615 3822 cssc
637 3762 680 3821 ud
708 3762 765 3822 bo·
813 3771 898 3835 stros,
915 3762 1057 3824 calcaneo
1071 3770 1173 3825 restro
1185 3763 1383 3839 insidiantem,
1398 3764 1455 3825 hoc
1469 3774 1515 3825 cst

10 3894 12 3901 .
82 3864 161 3923 num,
180 3847 341 3925 simplices
354 3854 461 3907 autem
476 3847 520 3906 ad
534 3849 667 3910 mulum.
690 3848 764 3909 Sen—
814 3849 854 3909 ad
862 3850 981 3928 lapsum
992 3846 1230 3912 etdeieetionem
1241 3871 1260 3911 a
1271 3851 1421 3913 rectafide
1433 3850 1513 3913 solli·

81 3949 118 3992 sus
131 3942 192 3995 ests
207 3932 271 3996 Sed
281 3933 361 4009 volo,
376 3942 407 3995 et
418 3931 457 3993 ad
471 3932 529 3995 hoc
542 3954 598 3995 vos
613 3934 765 4008 adhortor,
815 3937 974 4010 citantem,
991 3937 1078 3998 brevl
1093 3946 1229 3999 conterat
1246 3939 1303 3998 sub
1318 3937 1448 4018 pedibus
1461 3954 1515 3999 vo·

81 4028 105 4078 ut
116 4022 182 4083 sitis
198 4021 352 4101 sapientes
375 4018 496 4101 quidem
513 4030 544 4082 et
559 4020 765 4101 intelligentes
814 4025 892 4099 stris,
905 4022 937 4083 id
952 4030 999 4083 eet
1014 4025 1074 4083 cito
1088 4026 1246 4086 victoriam
1258 4025 1297 4086 de
1313 4043 1349 4084 eo
1360 4025 1448 4085 vobis
1463 4027 1513 4087 trt-

80 4123 163 4167 rsrum
176 4106 340 4182 bonarum,
367 4106 483 4168 scilicet
496 4117 531 4168 ut
553 4127 605 4167 eas
622 4107 761 4189 quemad·
814 4110 894 4183 buat,
903 4110 1058 4171 exstinctis
1065 4114 1185 4192 penitus
1192 4113 1269 4172 luter
1276 4130 1332 4171 vos
1339 4112 1513 4191 opinionum

80 4190 183 4255 uodum
198 4198 318 4275 oportet
339 4193 457 4255 faciatis
473 4194 671 4275 (significatur
686 4196 765 4255 cuim
813 4196 954 4257 dissidiis.
997 4197 1086 4277 Quod
1103 4199 1200 4278 ipsum
1214 4200 1303 4259 etiam
1318 4195 1404 4259 brevi
1419 4198 1513 4259 factu·

80 4280 175 4342 notitia
188 4280 340 4363 practica,
367 4299 446 4361 quae
460 4281 649 4359 prudentiam
663 4282 764 4362 requi·
813 4304 878 4345 rum
894 4282 1017 4343 confido.
1055 4284 1172 4346 Alludit
1186 4285 1352 4365 Apostolus
1375 4287 1413 4347 ad
1436 4285 1512 4347 illud

78 4364 128 4441 rit).
156 4366 208 4427 Ad
222 4364 305 4428 mala
326 4384 400 4429 vero
423 4367 572 4447 simplices
597 4374 628 4430 et
642 4368 765 4445 innoxii,
814 4368 890 4431 Gen.
907 4373 934 4432 3.
959 4368 1070 4431 dictum
1096 4374 1245 4451 serpenti:
1274 4373 1351 4450 Ipsa
1373 4380 1515 4434 conterat

78 4450 173 4528 idest,
198 4472 299 4515 rorum
313 4452 459 4515 malorum
474 4454 658 4534 agendarum
673 4456 765 4535 impe·
813 4463 1034 4534 caputiatum,
1060 4456 1112 4519 vel
1134 4458 1298 4520 secundum
1313 4459 1446 4521 Gnaeos
1463 4478 1511 4522 co·

76 4540 128 4601 iti:
150 4538 303 4623 quomodo
319 4536 456 4601 Chr-latus
479 4539 588 4601 dicitur
601 4542 767 4603 nescivisse
813 4542 910 4618 dices,
940 4546 1007 4623 ipsc
1036 4551 1192 4623 conteret,
1222 4544 1377 4619 hebraice,
1406 4550 1512 4624 ipsum

74 4634 221 4705 mustum
244 4622 268 4687 '2
286 4624 356 4686 Gor.
379 4626 408 4687 5.
440 4628 606 4705 Simplices
621 4630 766 4689 Erasmus
814 4638 971 4693 coatcrct:
991 4649 1101 4713 nempe
1115 4652 1218 4693 semen
1232 4632 1376 4695 mulieris.
1414 4634 1513 4714 Quem

75 4714 156 4777 suot
167 4714 320 4779 sessos.
355 4712 437 4775 Nam
457 4714 491 4774 id
514 4715 606 4776 etiam
619 4714 768 4796 siginificat
813 4716 986 4799 Scripturas
1000 4717 1115 4795 locum,
1141 4720 1199 4782 ctsl
1219 4722 1342 4803 proprie
1361 4723 1512 4803 pertinen·
