3254 5190
99 280 174 351 554
613 276 1023 333 corucurrmmmrmr.

95 450 183 511 rialia
195 448 305 511 debent
316 449 452 530 intelligi,
469 453 607 531 quumvis
619 454 789 532 spiritualia
837 462 881 515 cst
895 470 1010 530 corpur
1024 471 1148 527 mcum,
1172 452 1297 513 verbum
1316 458 1367 513 est
1386 448 1519 513 idemsu

96 537 178 597 dictu
192 546 315 616 propter
336 538 598 617 significationem
624 540 788 601 secundum
837 541 910 612 lere,
927 539 1008 620 quod
1024 540 1182 619 significat.
1206 538 1307 617 Quem
1319 536 1407 597 vorbi
1421 542 1464 597 srt
1476 536 1519 617 sip

96 624 127 684 id
154 623 234 703 qnod
263 625 294 684 in
320 623 516 703 sequentibus
541 633 683 691 testatur.
713 626 789 687 hoec
837 627 1037 687 nificationem
1066 645 1122 686 nec
1156 628 1188 686 iu
1220 626 1378 705 Scriptura
1408 621 1519 701 reperiet

95 711 193 770 omnia
207 712 238 769 in
254 711 349 789 figura
363 712 457 771 nostri
471 708 552 770 facta
567 731 641 773 esse.
665 714 708 772 Et
722 713 787 793 qni·
836 732 982 791 usquam,
1009 732 1065 772 nec
1090 713 1278 791 grammatici
1305 708 1439 770 tradunt
1473 706 1519 771 del

95 796 161 855 dem
176 805 269 875 petra,
285 796 433 878 quomodo
445 797 610 877 spiritualis
622 800 713 859 tuerit
728 800 787 879 sig·
836 798 931 859 sicubi
947 799 1148 877 repugnantia
1162 805 1209 857 ost
1221 799 1299 857 inter
1315 795 1486 874 subjectum
1499 806 1519 855 rt

93 882 273 954 uifloutione,
289 885 429 945 continuo
446 883 587 945 declaret.
837 883 1040 964 praedicatum
1055 885 1175 964 proprie
1189 893 1324 964 sumptu,
1347 900 1472 943 necesse
1485 889 1519 941 st

134 971 233 1029 Petro
261 978 368 1029 autem
398 978 467 1030 crat
496 971 647 1032 Christus.
685 972 787 1049 Hujus
836 972 867 1031 in
892 971 988 1031 altaro
1015 991 1117 1032 eorum
1144 971 1403 1050 improprietatem
1430 986 1519 1047 agnos

92 1058 234 1116 enuntiati
249 1057 418 1136 subjectum
432 1078 470 1117 an
484 1065 572 1135 petra
588 1058 635 1130 sit,
651 1056 785 1118 aanri·
836 1076 919 1132 cere;
942 1065 976 1116 ut
989 1059 1016 1117 si
1030 1056 1180 1117 bominem
1196 1055 1349 1136 stupidum
1371 1073 1461 1115 voces
1474 1054 1519 1115 esi

92 1150 172 1215 stus,
187 1142 267 1202 haud
283 1142 394 1222 liquet,
412 1165 450 1201 ue
466 1141 589 1222 quidem
605 1165 643 1204 ex
659 1142 784 1204 Graeco.
835 1164 907 1204 num
922 1151 975 1204 eut
988 1143 1129 1222 stipitem.
1168 1143 1279 1224 ltaque
1295 1143 1322 1202 si
1337 1135 1451 1221 (petre)
1465 1160 1519 1201 con·

91 1228 169 1289 Num
198 1229 258 1288 utri
281 1249 321 1288 ue
351 1230 545 1310 praeponitur
573 1231 735 1291 articulus:
765 1221 784 1307 ἡ
835 1239 966 1291 struatur
986 1249 1026 1291 cx
1041 1238 1127 1310 parte
1143 1229 1286 1308 subjecti,
1308 1246 1421 1289 sensus
1444 1246 1519 1289 eum

92 1306 234 1392 dintrpu
250 1248 285 1393 ἓν
302 1308 319 1374 ὁ
336 1307 472 1394 χριστός.
495 1313 586 1377 Certe
600 1337 661 1378 non
677 1319 785 1397 impro·
835 1317 970 1377 tiationis
1000 1316 1184 1395 apostolicae
1212 1318 1286 1375 erit:
1321 1312 1405 1374 illius
1432 1322 1518 1392 petes

90 1400 190 1463 babile
205 1410 258 1474 est,
274 1422 377 1464 vocem
389 1403 531 1464 Christus
545 1403 676 1482 subjecti
687 1404 785 1463 locum
835 1404 1037 1482 significatum
1051 1412 1116 1463 erut
1131 1400 1279 1476 Christus,
1294 1402 1370 1471 sive,
1386 1397 1463 1480 quod
1476 1420 1517 1481 μ

91 1495 206 1561 tenere,
233 1498 267 1548 ut
290 1487 362 1549 ordo
386 1498 416 1549 et
438 1508 544 1551 sensus
570 1491 623 1549 sit:
649 1491 786 1551 Christus
834 1498 951 1569 petram
977 1488 1218 1568 significabatur,
1245 1494 1293 1549 est
1319 1485 1470 1548 Christus:
1492 1494 1516 1548 ut

91 1584 155 1634 erat
178 1575 230 1635 illa
251 1584 351 1657 petra,
375 1574 481 1647 idest,
504 1574 639 1637 Christus
659 1586 724 1637 orat
736 1594 786 1637 res
834 1578 972 1637 nimirum
988 1572 1100 1655 (petra)
1116 1596 1169 1655 pro
1186 1594 1289 1654 repet
1304 1572 1513 1653 ipsumsignit·

91 1680 145 1740 per
160 1660 242 1721 illam
263 1670 380 1743 petram
395 1662 588 1742 spiritualiter
608 1684 644 1724 ac
657 1666 786 1743 mystico
835 1659 1515 1745 catapouatur,retentapropriasiguificstioos

91 1748 268 1827 significata
302 1747 411 1829 Neque
426 1750 505 1809 enim
520 1749 674 1810 insolitum
690 1761 740 1811 sat
753 1750 785 1810 in
835 1749 920 1810 verbi
943 1749 1126 1829 copulantis:
1149 1746 1299 1828 quomodo
1322 1744 1514 1826 exponenda

91 1846 237 1908 sermono,
249 1835 597 1915 subjectietprsedicati,
611 1837 784 1897 etiamsub·
835 1845 882 1895 eat
896 1835 971 1896 illud
985 1835 1080 1917 Apoa
1099 1834 1148 1894 17.
1185 1838 1299 1911 Aquae
1321 1834 1441 1893 mulsae
1457 1838 1515 1894 rust

90 1922 303 1995 stautivornm,
327 1921 462 1982 ordinem
481 1923 598 1985 inverti,
636 1922 786 2004 Exempla
833 1925 949 2000 populi
971 1924 1082 1995 multi,
1107 1930 1140 1981 et
1160 1921 1221 1981 alia
1240 1919 1420 1999 hujusmodi.
1454 1916 1514 1981 (ln

90 2013 160 2067 sunt
174 2008 263 2071 Joan.
278 2015 305 2071 1.
329 2010 416 2069 Deus
431 2017 502 2069 erut
515 2012 656 2085 verbum,
673 2018 703 2070 et
718 2029 783 2090 cap.
835 2019 938 2071 autem
954 2011 1031 2070 inter
1046 2016 1182 2070 extreme
1197 2007 1287 2086 hujus
1302 2006 1512 2087 propositioni:

90 2097 118 2155 4.
141 2096 281 2171 Spiritus
292 2104 338 2157 ert
347 2096 445 2171 Deua,
462 2104 494 2156 et
507 2097 618 2159 Paulm.
631 2100 681 2181 94.
696 2099 785 2157 Deus
835 2100 904 2159 Hoc
926 2105 971 2158 cst
992 2114 1107 2173 corpus
1128 2113 1247 2166 meum,
1269 2093 1358 2154 nulla
1372 2096 1412 2153 sit
1426 2112 1513 2173 ropup

88 2200 225 2258 mopsus
235 2185 404 2245 Dominus.
426 2183 514 2263 Quae
527 2183 726 2245 rectoordine
739 2183 784 2243 sic
835 2185 937 2245 nantia
960 2180 1044 2259 (nam
1066 2181 1252 2261 operatorius
1274 2189 1321 2241 est
1340 2178 1450 2241 Christi
1468 2196 1512 2239 su·

89 2268 208 2330 efferes:
220 2270 354 2333 Verbum
365 2278 431 2331 erat
441 2270 535 2329 Dens.
558 2271 644 2332 Deus
656 2280 701 2331 ost
712 2270 782 2349 Spi-
834 2267 909 2347 mo):
925 2288 1114 2350 nequaquam
1131 2287 1320 2348 oousequens
1336 2274 1392 2337 est,
1406 2264 1445 2325 sd
1458 2284 1510 2327 cor

87 2354 169 2415 ritus.
191 2358 339 2421 Dominus
354 2358 498 2419 ettDaus
514 2378 647 2438 mugnus.
672 2356 783 2417 Coufir·
834 2356 962 2417 similem
984 2355 1105 2416 modum
1129 2372 1166 2414 ea
1187 2354 1282 2415 rerba
1303 2360 1388 2415 recte
1411 2352 1512 2432 expui

87 2452 184 2502 matur
199 2452 300 2505 autem
315 2445 391 2505 heac
412 2445 549 2525 syntaxis
572 2465 610 2505 ox
625 2465 679 2513 eo,
702 2443 784 2523 quod
834 2443 894 2503 Sed
916 2445 974 2503 hac
997 2441 1035 2501 de
1050 2462 1083 2501 re
1097 2442 1189 2501 latins
1205 2442 1336 2520 egimus,
1358 2450 1390 2500 et
1411 2458 1448 2499 ex
1462 2458 1512 2521 prr

87 2529 198 2590 Petrus
222 2530 288 2592 Act
314 2534 344 2593 4.
371 2532 461 2591 simili
486 2550 576 2592 seusu
603 2531 640 2592 de
663 2529 783 2592 Christo
833 2532 922 2599 fesso,
938 2528 977 2589 ed
993 2528 1214 2588 distinctionem
1231 2530 1259 2587 8.
1282 2526 1334 2588 lib.
1349 2528 1380 2586 4.
1395 2534 1513 2599 sentent,

89 2615 180 2675 dixit:
206 2618 269 2678 Hic
283 2624 328 2679 ast
342 2618 442 2692 lupis,
468 2619 524 2694 qui
539 2619 726 2694 reprobatus
740 2626 785 2678 cst
832 2636 936 2677 rursus
959 2613 1075 2694 aliquid
1097 2614 1208 2674 dicturi
1229 2613 1270 2674 ed
1296 2632 1375 2672 vers.
1399 2613 1447 2674 24.
1461 2630 1512 2692 rep

89 2712 144 2761 etc.
178 2702 325 2784 Plerique
347 2711 448 2763 tamen
470 2703 603 2764 ordinem
626 2705 784 2764 verborum
833 2705 969 2784 proxime
984 2721 1049 2781 seq.

91 2797 263 2867 sequentes,
277 2809 382 2851 vocem
394 2800 488 2867 petra
500 2792 628 2869 subjecti
643 2792 710 2850 loco
726 2798 783 2851 sta·
877 2789 1040 2850 Caeterum
1063 2806 1124 2866 qua
1146 2787 1264 2846 ratione
1288 2794 1378 2865 petra
1404 2807 1424 2847 a
1443 2784 1513 2845 ltus

91 2884 185 2935 tuuut
220 2877 279 2937 Pro
297 2878 408 2957 quibus
421 2877 525 2938 tacere
541 2877 668 2937 fortasse
683 2877 785 2937 vides·
833 2896 977 2956 percussa
992 2875 1140 2934 Christum
1155 2872 1390 2952 significaverit,
1411 2874 1515 2933 nocui

92 2974 141 3021 tur
155 2963 285 3023 verbum·
291 2966 449 3045 praeteriti
461 2966 602 3043 temporis
618 2972 703 3024 crat:
719 2984 784 3023 cnm
834 2964 953 3024 difficile
963 2961 1128 3022 declarare.
1152 2958 1292 3020 Christus
1307 2961 1387 3021 enim
1397 2968 1431 3020 ut
1444 2966 1515 3039 paor

90 3049 203 3129 alioqui
216 3048 375 3112 dieendum
396 3049 551 3112 videretur
572 3054 604 3111 in
624 3052 785 3131 praesenti,
833 3051 1002 3110 firmissima
1013 3057 1105 3108 totam
1118 3048 1246 3107 sustinet
1257 3044 1514 3120 ecclesiam3idn

92 3134 227 3197 Christus
242 3146 289 3197 est
302 3146 403 3218 petra,
428 3137 535 3210 idest,
558 3158 606 3199 res
634 3158 689 3217 por
704 3138 785 3199 illam
834 3157 893 3216 qne
908 3154 1070 3216 percussus
1086 3143 1119 3193 et
1134 3135 1250 3194 occism
1266 3152 1285 3192 a
1300 3132 1439 3205 Judaeis,
1456 3144 1514 3213 qno·

90 3232 208 3301 petrum
217 3224 400 3305 significata,
415 3224 564 3306 quomodo
576 3225 685 3285 Petrus
699 3224 784 3297 dixit,
833 3244 898 3283 rum
924 3224 1048 3304 figurem
1071 3221 1173 3281 Moses
1195 3219 1338 3299 gerebat,
1364 3216 1514 3281 exurunt

91 3307 242 3369 Christum
264 3330 334 3371 esse
356 3310 486 3390 lapidem
509 3313 697 3392 angularem,
725 3331 786 3370 non
834 3330 927 3391 uquas
942 3308 1108 3369 uberrimus
1123 3309 1304 3387 gratiarum,
1326 3307 1438 3388 quibus
1451 3302 1512 3367 selu·

90 3395 192 3455 luisse.
239 3394 420 3479 Quanquam
450 3419 506 3459 nec
535 3400 594 3458 huc
623 3399 784 3459 convincit.
832 3398 925 3458 briter
951 3396 1099 3456 reficimur
1121 3396 1150 3454 iu
1178 3395 1269 3473 hujus
1293 3395 1379 3454 vitae
1400 3392 1513 3461 deserta

90 3481 168 3541 Nam
184 3492 306 3563 propter
322 3486 570 3565 significationem
586 3487 657 3546 olim
676 3486 785 3544 lactem
834 3488 1015 3564 quicumque
1037 3480 1189 3542 tendimus
1210 3479 1251 3540 ed
1274 3488 1387 3541 terram
1409 3478 1513 3561 pronb·

90 3576 249 3649 utrumque
275 3570 336 3632 dici
360 3574 473 3652 potuit,
500 3582 529 3633 et
551 3582 667 3652 petram
690 3572 785 3632 tuisse
832 3573 924 3631 sionis
939 3569 1125 3649 spiritualem
1148 3587 1202 3629 seu
1224 3570 1403 3646 mysticam,
1424 3566 1455 3627 id
1473 3570 1513 3635 st,

90 3654 251 3729 Christum,
274 3659 348 3737 quia
362 3657 513 3719 Christum
530 3658 732 3738 significabat:
754 3664 785 3717 ot
833 3656 1139 3736 patriamcoelestem.
1157 3654 1512 3734 Jemverosicutpetrrs

90 3740 240 3804 Christum
255 3744 349 3805 fuisso
363 3757 493 3824 petrem,
514 3748 586 3826 quia
602 3766 655 3825 por
669 3753 784 3824 petram
832 3743 997 3825 Apostolus
1013 3742 1165 3803 Christum
1181 3740 1275 3814 dixit,
1298 3742 1343 3801 ita
1364 3741 1512 3821 dicerspt·

88 3829 319 3907 significabatur.
343 3834 422 3891 Nam
436 3842 467 3891 et
478 3834 615 3893 loannes
626 3853 686 3892 non
698 3832 783 3904 dixit,
833 3833 895 3904 tuit,
910 3830 1022 3892 nubem
1038 3837 1070 3889 et
1087 3848 1170 3889 mare
1188 3846 1255 3889 esse
1278 3828 1513 3909 baptismum,st

89 3915 221 3979 Verbum
244 3938 311 3979 esse
327 3919 440 3991 Deum,
463 3919 517 3980 sed
540 3920 649 3979 luisse:
664 3928 697 3978 nt
718 3919 784 3997 ejus
831 3939 940 3979 monna
955 3936 1023 3977 esse
1038 3936 1146 3995 corpus
1161 3916 1299 3986 Domini,
1323 3923 1356 3976 et
1368 3908 1513 3995 aquarn&

88 4004 272 4081 significaret
293 4006 512 4066 aeternitatem.
548 4006 659 4085 Itequs
677 4024 783 4085 parum
832 4013 917 4083 petra
932 4004 1127 4084 sangninem
1143 4004 1256 4063 scilicet
1268 4022 1323 4081 per
1335 4000 1511 4081 significatis·

88 4088 188 4163 refert,
199 4100 300 4153 utrum
311 4091 445 4153 ordinem
458 4092 507 4152 lric
518 4112 693 4174 sequamur:
706 4100 782 4151 utrs·
832 4111 909 4151 nem.
933 4092 1048 4152 Verum
1063 4090 1140 4150 heec
1153 4091 1307 4151 insinuare
1327 4109 1419 4169 quam
1433 4082 1512 4169 οηιὶ·

87 4195 148 4258 que
179 4180 257 4240 euim
288 4181 468 4239 constructio
495 4179 574 4240 redit
598 4180 629 4239 in
658 4178 783 4240 eundem
831 4200 913 4240 mere
926 4178 1040 4251 meluit,
1056 4176 1269 4257 interpretibus
1285 4174 1514 4237 enucleandum·

89 4281 218 4325 sensnm.
832 4267 874 4326 lin
895 4284 978 4327 usus.

130 4350 255 4412 Utrovis
277 4362 377 4413 autem
398 4351 487 4413 modo
513 4352 689 4413 ordinentur
701 4353 784 4430 Apo-
875 4287 904 4411 bl.
919 4352 982 4415 Sed
996 4370 1065 4413 non
1079 4354 1115 4410 iu
1135 4349 1286 4427 pluribus
1310 4368 1424 4411 conon
1437 4348 1513 4409 uas

88 4436 158 4498 stoli
176 4439 283 4512 verbs,
304 4460 364 4500 non
388 4448 435 4499 est
458 4439 699 4510 existimo-udum,
714 4446 784 4499 crat
831 4440 987 4516 placitum
1014 4446 1057 4500 est
1083 4439 1161 4498 Deo.
1201 4436 1338 4517 Negatio
1365 4433 1513 4499 moundn

87 4544 142 4607 pro
155 4526 356 4603 munificuhct
378 4529 506 4605 positum
528 4546 611 4596 esse,
635 4525 716 4606 quod
731 4545 783 4587 vo·
831 4546 950 4587 sensum
974 4527 1129 4606 seqnitur:
1153 4522 1206 4585 sed
1221 4523 1253 4584 in
1272 4524 1412 4603 pluribus
1429 4534 1513 4585 eor·

87 4610 411 4692 ὶιιιιῑβιιιιιιιιιιοιιῐιιίἱι
433 4622 467 4673 ut
481 4613 538 4673 hoc
561 4613 698 4693 exemplo
713 4630 782 4674 sua·
832 4634 892 4674 uon
906 4614 963 4674 fuit
980 4611 1199 4693 beneplacitum
1213 4611 1298 4671 Deo:
1325 4610 1512 4675 necuim*

88 4698 181 4765 deant
202 4700 293 4765 emm
307 4700 340 4763 in
362 4699 424 4763 illis
439 4697 549 4763 Christi
568 4699 687 4763 verbis:
711 4700 781 4763 Hoc
830 4701 862 4762 id
876 4710 931 4775 est,
942 4700 1064 4782 plurimi
1073 4718 1178 4762 sorum
1188 4696 1256 4761 Deo
1268 4718 1331 4762 nou
1340 4694 1509 4783 plerum
