3254 5190
402 258 566 314 murenas
581 259 622 313 AD
640 258 791 314 numos.
808 259 892 315 tuns.
914 263 952 315 12.
1348 269 1423 337 109

75 438 121 507 rit,
148 443 308 517 peccatam
325 446 356 495 ct
369 455 448 495 mors
465 437 599 514 ingressa
613 436 677 496 fue·
726 439 770 498 Et
783 440 876 499 itoin
889 440 1148 499 omaeehomines
1159 445 1422 515 morspec-trona-

87 521 245 584 mnndum.
259 523 345 583 Haec
357 523 437 582 enim
449 521 608 583 multorum
619 524 676 582 Pa·
726 527 772 582 iit.
794 523 910 584 Eadem
927 533 972 584 eat
988 526 1194 604 interpretatio
1210 526 1244 585 B.
1261 525 1422 605 Augustini

75 610 221 670 ententia
243 618 304 681 est,
332 609 499 690 eademque
522 611 678 690 scripturis
727 611 757 670 in
773 610 948 671 Euchiridio
964 631 1029 690 cap.
1047 614 1099 673 26.
1115 622 1145 672 ot
1159 613 1226 673 aliis
1242 612 1315 671 locis
1338 614 1422 672 innu-

75 716 114 771 ιι,
131 704 167 755 nt
181 695 393 756 Ecclesiastici
409 697 476 756 lia:
503 701 531 756 A
546 698 678 756 muliere
726 699 827 772 meris3
850 697 983 777 deniqne
1000 699 1132 758 omnium
1148 700 1272 760 Petrum
1287 697 1424 758 orthodo-

75 803 99 842 n
114 784 246 859 {actum
262 791 305 842 est
313 786 436 859 pcccati
444 827 454 856 ,
471 790 500 841 et
512 802 572 858 per
587 784 677 842 illam
726 804 840 843 xoium.
864 783 955 863 Quod
972 785 1050 843 enim
1063 783 1208 863 Origenes
1223 783 1365 847 mnndum
1379 786 1422 844 in·

75 873 269 929 rmorimur.
294 870 335 928 Et
350 870 430 929 Psal.
449 871 515 930 50.:
539 871 581 930 In
601 889 677 946 pec·
726 877 905 950 terpretatur
920 871 1035 942 locum,
1059 872 1089 929 in
1104 892 1162 952 quo
1178 872 1317 934 habitant
1330 871 1423 931 homi·

75 960 217 1033 »acepit
239 976 288 1016 me
311 966 413 1016 mater
434 975 513 1016 meo.
536 955 625 1016 Unde
648 966 677 1015 et
726 977 788 1026 nes,
811 958 863 1017 vel
878 967 1025 1017 terrenam
1040 957 1118 1017 hanc
1134 968 1164 1018 et
1178 957 1361 1037 corporalem
1379 959 1420 1017 vi·

75 1065 94 1102 r
109 1044 339 1123 corrrrptionem
355 1051 478 1103 naturae
492 1042 546 1102 filii
567 1043 676 1101 Herae
711 1053 796 1114 ·,tam
811 1046 909 1104 minus
932 1043 1062 1124 quadrat
1076 1065 1143 1104 cum
1158 1045 1308 1106 sententia
1325 1043 1422 1105 Pauli

75 1150 121 1190 nr.
768 1129 930 1190 Peccatum
959 1131 1105 1210 accipitur
1133 1132 1330 1211 generaliter,
1369 1129 1423 1191 sed

75 1215 240 1296 pendetur,
257 1214 287 1274 id
303 1215 379 1274 nihil
396 1215 532 1286 obstare,
548 1236 605 1296 qno
622 1217 676 1274 mi·
724 1235 845 1296 proprie
857 1226 966 1288 tamen
981 1225 1016 1277 ut
1027 1218 1177 1296 sigmfieet
1189 1218 1219 1278 1d
1230 1238 1327 1290 omne,
1342 1215 1424 1297 quod

74 1322 222 1364 eranum
239 1303 398 1362 hominem
412 1322 485 1362 vere
500 1302 612 1362 dictum
628 1305 675 1362 sit.
724 1323 828 1363 reram
848 1303 954 1384 culpae
986 1306 1131 1365 rationem
1164 1305 1271 1378 habet,
1298 1305 1424 1364 eivenit

74 1392 114 1451 rir
131 1392 163 1450 in
186 1390 381 1469 generatione
401 1389 599 1468 principalior
622 1400 674 1461 est,
725 1390 893 1463 actuale,
869 1410 935 1451 aive
951 1389 1124 1457 habituale.
1152 1394 1218 1453 sive
1233 1390 1308 1473 qnid
1322 1390 1422 1464 alind3

74 1478 160 1537 unvis
171 1476 307 1537 mulieris
319 1475 358 1535 ad
370 1475 575 1556 generandum
588 1485 677 1555 egeat
725 1477 778 1537 sed
794 1477 842 1536 hie
853 1478 1015 1538 verificatio
1026 1478 1059 1538 fit
1070 1477 1108 1539 de
1118 1488 1254 1559 peccato,
1266 1476 1347 1560 quod
1355 1497 1422 1559 pro·

74 1566 136 1637 tio,
152 1584 223 1624 cnm
239 1583 276 1622 ea
291 1571 390 1623 tamen
405 1571 450 1624 est
464 1582 526 1623 una
542 1583 621 1633 caro,
638 1565 676 1622 si·
725 1572 860 1642 pagatnr,
876 1565 907 1624 id
922 1573 975 1636 est,
990 1563 1028 1625 de
1044 1578 1167 1646 peccato
1183 1566 1331 1646 originali
1354 1563 1423 1625 Hoc

74 1653 195 1732 riptnm
212 1658 272 1711 est:
300 1651 407 1710 Erunt
433 1650 497 1710 duo
519 1653 555 1711 in
579 1669 675 1710 earne
724 1662 823 1710 autem
838 1672 898 1711 non
917 1659 963 1711 est
986 1653 1051 1732 ipsa
1073 1653 1199 1713 actualia
1220 1652 1307 1713 Adae
1326 1663 1421 1713 trans·

74 1738 151 1799 Gen.
176 1741 205 1797 2.
229 1739 280 1799 Sic
302 1740 413 1817 quippe
435 1736 526 1798 etde
548 1739 674 1817 posteris
724 1739 856 1816 gressio,
872 1758 951 1819 quae
964 1760 1023 1799 nou
1040 1741 1098 1799 nisi
1113 1741 1144 1800 in
1160 1741 1211 1802 illo
1227 1760 1295 1801 esse
1310 1741 1423 1823 potnit,

74 1846 114 1887 ae
131 1825 206 1885 dicit
223 1824 477 1906 ApostolusHeb
491 1829 553 1884 11..
568 1827 741 1901 Pomp-e
725 1827 798 1885 etin
814 1845 850 1886 eo
866 1824 967 1885 deleta
981 1824 1039 1886 fuit
1053 1846 1109 1906 per
1123 1829 1354 1908 poenitentiam,
1369 1828 1423 1890 sed

74 1912 128 1973 rod
150 1921 181 1972 et
205 1913 247 1973 ab
269 1933 354 1987 nno,
379 1912 493 1972 scrhcet
504 1912 674 1982 Abraham
723 1913 912 1994 peccaturus
904 1933 935 1972 ιιι
951 1934 1011 1994 quo
1028 1922 1059 1973 et
1074 1934 1140 1976 cum
1156 1935 1218 1995 qno
1234 1916 1386 1995 singuli
1359 1936 1424 1997 ejus

74 2007 135 2058 ent.
160 1998 230 2078 Quo
245 2009 347 2061 tamen
358 1998 424 2059 loco
437 2007 554 2059 constat
562 2000 675 2068 Sarum
724 2001 836 2080 posteri
852 2011 1024 2060 nascuntur.
1048 1996 1139 2082 Quod
1164 2004 1221 2063 etsi
1246 2005 1337 2064 Adue
1348 2023 1424 2080 pec·

77 2091 273 2147 virtutem
261 2107 297 2146 ιιι
324 2089 528 2163 conceptione
549 2088 676 2146 serninie
725 2089 901 2160 cotemnit,
917 2086 947 2146 id
963 2095 1026 2158 est,
1053 2088 1291 2166 ejusvolnntate
1305 2090 1425 2165 laetum,

73 2177 102 2248 t,
119 2194 184 2233 non
200 2174 329 2235 excludi.
359 2171 435 2233 Cum
463 2191 534 2251 ergo
560 2172 675 2243 dicitur,
725 2173 853 2253 ideoque
869 2181 899 2233 et
914 2176 1037 2249 origine
1052 2194 1166 2250 unum,
1186 2180 1424 2254 propagatione

73 2279 150 2321 ocem
166 2261 346 2335 hominem,
372 2263 429 2318 etsi
454 2259 544 2319 Hera
565 2280 621 2320 nec
637 2260 675 2316 si·
725 2269 828 2321 tamen
843 2263 1043 2337 transfusum
1056 2262 1202 2322 omnibus
1214 2266 1310 2342 ineat,
1322 2283 1424 2345 quem·

73 2356 149 2418 rtur,
179 2368 236 2407 uec
251 2346 531 2427 comprehenditur,
557 2367 617 2406 non
633 2354 676 2404 ta·
725 2345 884 2407 admodum
899 2345 1033 2425 loquitur
1055 2367 1090 2408 ac
1113 2347 1216 2409 definit
1241 2350 1424 2411 Tridentino

73 2433 250 2495 excluditur.
278 2433 472 2513 Significatur
494 2434 573 2493 enim
598 2451 676 2492 unns
727 2432 862 2514 synodus
878 2454 942 2493 can.
960 2438 987 2495 3.
1012 2432 1102 2494 Unde
1117 2444 1147 2494 et
1160 2438 1351 2516 Augustinus
1372 2436 1424 2497 lib.

78 2523 361 2601 utestprincipium
373 2520 584 2599 generationis,
596 2517 677 2599 quod
728 2526 754 2581 1.
771 2528 888 2580 retract.
906 2539 970 2599 cap.
989 2520 1053 2579 13.:
1077 2522 1167 2582 illud
1174 2567 1184 2598 ,
1212 2524 1324 2603 inquit,
1340 2524 1425 2600 quod

73 2628 116 2668 on
132 2609 234 2687 potuit
254 2607 367 2688 absque
386 2607 519 2666 muliere.
545 2608 616 2686 Qua
639 2605 677 2665 de
726 2613 762 2668 in
774 2607 924 2683 parvulis
939 2606 1058 2667 dicitur
1075 2610 1234 2685 originale
1246 2618 1423 2685 peccatum,

80 2694 277 2773 Augustinus
301 2697 332 2752 in
354 2692 451 2753 altero
467 2713 559 2772 opere
574 2702 677 2754 contra
727 2713 797 2756 cum
824 2694 928 2754 adhuc
943 2712 1010 2754 non
1024 2701 1161 2755 utantur
1176 2695 1274 2756 libero
1290 2698 1424 2758 crbdrio

73 2799 142 2850 rum,
159 2783 273 2840 citautc
289 2779 389 2840 Beda:
410 2781 487 2839 Ideo
498 2798 560 2854 per
573 2799 678 2841 unum
727 2782 921 2857 voluntatis,
938 2798 1006 2840 non
1022 2780 1157 2841 absurde
1178 2791 1312 2843 vocetur
1328 2789 1424 2845 etiem

73 2885 148 2942 ιιιιι,
168 2869 280 2948 inquit,
295 2876 461 2943 peccatum
483 2870 620 2927 introvit
641 2869 677 2924 in
729 2869 966 2942 uoluntarium,
996 2871 1091 2945 qnia,
1120 2871 1271 2946 exprimi
1286 2871 1424 2933 hominis

73 2955 149 3029 nm,
167 2957 246 3030 quio
259 2973 320 3028 per
335 2971 440 3013 eernen
463 2956 678 3028 generationis
725 2955 813 3014 mulo
828 2954 994 3014 voluntate
1010 2962 1227 3031 contractum,
1240 2957 1365 3033 factum
1381 2965 1425 3017 eet

72 3042 126 3117 sit,
142 3039 230 3117 quod
246 3059 266 3099 o
282 3043 353 3100 viro
369 3043 527 3116 incipiens
541 3042 678 3116 concipit
727 3040 866 3118 quodum
880 3041 975 3101 modo
987 3042 1245 3103 haereditarium.
1261 3043 1347 3104 Haec
1363 3044 1423 3104 An·

72 3145 127 3186 nu.
159 3129 229 3206 Quo
251 3145 339 3186 more
362 3130 450 3188 nosci
472 3128 595 3202 noluit,
623 3127 678 3203 qui
726 3127 871 3207 guntinus.

72 3218 144 3274 eine
158 3220 289 3289 peccato
305 3221 347 3274 eet
363 3221 458 3274 notus
470 3231 508 3273 ex
520 3217 677 3291 foemina.
769 3214 877 3272 Utrum
893 3221 989 3272 autem
1005 3213 1082 3274 illud
1096 3223 1251 3293 peecatum
1266 3217 1306 3275 sit
1317 3238 1423 3278 concn-

78 3299 211 3360 enndem
234 3302 359 3378 August.
386 3301 437 3360 lib.
463 3304 489 3357 1.
512 3299 550 3360 de
569 3300 677 3380 baptis.
726 3300 879 3380 piscentia,
905 3320 973 3359 cum
996 3320 1057 3380 quo
1083 3303 1246 3376 nascimur,
1273 3311 1306 3361 nt
1332 3305 1425 3364 sentit

72 3385 90 3445 t
108 3406 176 3466 cap.
196 3390 243 3446 16.
262 3395 292 3445 et
304 3387 463 3465 Hugonem
476 3395 591 3464 quaest.
607 3388 677 3446 132.
726 3387 837 3467 passim
853 3386 1047 3465 Augustinus,
1063 3395 1093 3446 et
1104 3407 1172 3448 eum
1183 3400 1302 3448 secutus
1314 3389 1424 3450 Petrus

72 3472 78 3532 l
105 3491 188 3532 nunc
223 3492 340 3532 sensum
366 3472 507 3552 Apostoli
534 3473 677 3533 dicamus.
726 3470 920 3547 Lombardus,
937 3471 1049 3552 aliique
1061 3473 1150 3547 docti,
1164 3492 1204 3534 an
1215 3475 1367 3555 originalis
1374 3478 1421 3555 ju·

85 3559 205 3638 inquit,
218 3577 278 3635 per
293 3579 396 3618 unum
411 3560 581 3635 hominem,
599 3558 677 3620 scili·
727 3560 826 3619 stitiae
840 3558 985 3637 privatio,
1008 3568 1042 3619 ut
1055 3561 1121 3620 vult
1135 3560 1311 3635 Anselmns,
1335 3583 1423 3643 quern

72 3646 207 3718 nuum,
223 3648 276 3724 qui
300 3655 363 3705 erat
384 3647 476 3705 totins
490 3647 613 3706 humani
629 3665 677 3725 ge·
726 3645 812 3705 multi
828 3655 993 3724 sequnntur
1008 3646 1193 3722 scholastici,
1208 3667 1247 3708 an
1261 3648 1423 3729 veroquid

72 3751 184 3813 parens
200 3752 236 3792 ac
252 3733 427 3812 principium
444 3753 462 3791 a
477 3734 544 3793 Dee
569 3733 676 3792 consti·
727 3732 818 3801 aliud,
835 3730 1004 3811 disputatur
1019 3754 1038 3793 a
1053 3733 1234 3814 Theologis,
1251 3743 1284 3806 et,
1304 3736 1424 3796 anobis

86 3826 256 3895 peccatum
271 3822 307 3877 in
323 3819 482 3879 mnndum
491 3866 500 3895 ,
518 3819 547 3879 id
564 3828 624 3890 est,
648 3820 678 3878 in
727 3819 964 3901 disputatnmlest
972 3821 1001 3879 in
1012 3825 1039 3881 2.
1048 3820 1099 3880 lib.
1112 3830 1187 3882 sent
1195 3820 1265 3881 dist.
1274 3823 1324 3881 30.
1333 3821 1424 3883 Certe

71 3926 149 3967 raum
164 3925 260 3984 genus
273 3905 445 3977 humanum,
462 3910 676 3986 introvitpro·
727 3904 906 3965 Tridentino
937 3906 1093 3986 Synodus,
1123 3909 1185 3968 etsi
1217 3911 1423 3989 quaestionem

71 3995 157 4063 ione,
174 3993 245 4072 quia
260 3994 400 4052 nimirum
417 3993 468 4052 ille
485 4014 561 4054 nnus
577 4003 608 4053 et
620 3994 678 4073 pri·
726 3991 803 4051 hane
818 4013 878 4052 non
893 3991 1075 4066 definiverit,
1103 3995 1134 4054 in
1150 4013 1186 4052 eo
1201 4003 1316 4068 tamen,
1343 3995 1424 4075 quod

72 4100 152 4153 omo,
169 4080 407 4159 praevaricando
422 4079 481 4139 Dei
496 4079 677 4149 mundatum,
727 4077 815 4138 docet
830 4098 892 4137 can.
915 4081 944 4140 ὅ.
967 4081 1236 4160 concupiscentiam
1260 4081 1291 4140 in
1311 4083 1424 4142 renatis

84 4187 172 4228 snam
186 4167 391 4246 posteritatem
407 4175 531 4245 peccato
548 4165 680 4227 reddidit
727 4184 786 4225 non
803 4184 872 4226 esse
887 4174 1052 4246 peceatum,
1067 4165 1140 4226 iacit
1153 4166 1298 4246 intelligi,
1313 4187 1378 4228 eam
1393 4170 1424 4228 in

71 4255 150 4326 iam,
168 4261 263 4334 atque
277 4253 308 4312 in
324 4273 357 4314 se
372 4262 515 4333 tanquam
532 4254 560 4313 in
576 4252 678 4312 radice
726 4273 786 4312 non
797 4253 907 4312 renatis
915 4272 981 4313 esse
994 4262 1159 4332 peccatum,
1172 4273 1227 4313 nec
1238 4253 1321 4313 aliud
1334 4274 1423 4335 quam

71 4342 105 4403 it
727 4338 883 4418 originale.

71 4428 161 4491 ndum
187 4428 365 4507 exponimus
388 4429 560 4487 universnm
582 4446 677 4506 genus
769 4426 793 4487 J
794 4446 842 4486 am
858 4425 939 4504 quod
956 4426 1013 4487 hoc
1027 4426 1094 4487 loco
1106 4429 1357 4505 peccatinornine,
1373 4446 1423 4488 ne-

71 4536 144 4588 rum,
156 4514 189 4575 id
201 4522 255 4579 est.
272 4533 374 4575 omnes
386 4514 523 4575 homines
532 4534 570 4574 ex
578 4512 677 4575 Adam
727 4533 786 4593 qne
800 4531 899 4592 poena
913 4514 1046 4594 peccati,
1069 4533 1168 4593 neque
1183 4522 1283 4575 reatus
1298 4515 1423 4595 peccati,

71 4606 137 4665 iter
150 4612 346 4683 propagatos.
363 4602 412 4661 Sic
423 4604 501 4661 enim
510 4601 677 4681 Apostolus
726 4599 757 4659 id
779 4607 840 4672 est,
866 4600 1011 4679 obligatio
1034 4601 1073 4661 ad
1100 4620 1227 4681 poenam
1243 4621 1281 4662 ex
1297 4609 1423 4680 peccato

71 4710 122 4755 nm
138 4691 284 4770 exponit,
305 4706 396 4770 quum
419 4689 518 4748 statim
542 4686 677 4766 subjicitz
727 4694 799 4760 orta,
814 4684 1151 4768 utquidamputaront,
1166 4687 1339 4750 cedrenum
1351 4707 1421 4770 pec·
