3254 5190
504 292 668 350 muratas
683 294 895 352 lta-sosanna
930 294 1014 350 snas
1032 298 1057 349 4.
1076 296 1101 348 ⁵.
1462 301 1535 369 itt

86 469 141 528 dot
153 470 282 529 somene
296 470 396 544 Deus,
409 477 448 530 ut
456 474 562 544 justas
571 473 617 531 att
626 471 720 533 bomo
730 491 792 548 per
839 471 956 546 Graeci,
982 478 1014 531 et
1026 472 1105 532 inter
1119 471 1244 531 Latinos
1259 469 1351 550 Engo
1367 469 1537 530 Wowdnns

86 558 199 616 nm
838 568 930 640 atque
948 558 1108 619 Hervaeus
1122 558 1212 618 finem
1232 559 1470 636 interpretantur
1484 558 1537 616 im·

124 642 247 703 Sensus
258 641 354 720 igitur
368 649 431 702 est:
447 640 631 721 Ignorantes
641 645 789 725 justitiam
837 646 1007 726 pletionem,
1024 645 1315 715 consummationem,
1322 643 1537 722 perfectionem

86 727 184 801 illm,
207 727 455 809 quse-hominem
469 746 543 788 vere
559 739 590 790 ct
604 750 706 791 coram
719 733 788 792 Deo
836 732 1124 803 atvertithlrasmus,
1141 738 1172 790 et
1187 729 1268 810 qnod
1280 731 1445 810 Apostolus
1457 729 1538 789 infra

83 815 199 893 huam
213 813 331 886 reddit,
342 832 424 895 quse
434 814 569 896 proiecto
584 836 644 878 nou
657 818 723 879 alia
734 826 788 893 est,
837 839 901 900 cap.
918 818 965 878 13.
977 825 1068 876 vocat
1078 816 1302 897 plenitudinem,
1315 835 1382 875 cum
1393 818 1451 876 ait:
1467 817 1537 876 Plc-

86 919 173 982 qusm
189 901 283 976 cnjus
297 899 383 960 Deus
397 901 429 962 in
455 901 542 962 nobis
564 912 653 965 sutor
674 913 735 978 est,
759 913 789 965 et
835 905 1035 980 attudoleqts
1045 911 1087 964 cst
1098 904 1234 963 dilcctto.
1250 901 1351 981 Quam
1361 903 1537 983 interpreta-

86 987 240 1068 proprism
250 987 412 1065 justitiam,
427 987 458 1048 id
474 996 527 1060 est,
544 1007 627 1064 eam,
644 1010 723 1070 quae
737 990 786 1049 ha·
836 992 947 1052 tionem
956 990 1075 1050 Graeca
1096 1009 1158 1049 vox
1180 979 1272 1056 adhoc
1293 990 1391 1068 magis
1413 988 1536 1066 recipit,

87 1074 173 1134 tatur
185 1073 321 1153 propriis
343 1072 472 1146 viribus,
492 1073 558 1135 sola
579 1075 659 1156 legis
680 1078 788 1137 notitia
835 1097 925 1157 quam
933 1076 1136 1153 Latinallnis,
1150 1073 1402 1155 quomadmodum
1414 1075 1537 1135 ediver-

87 1158 216 1238 sdjnfis,
244 1166 378 1218 statuere
399 1177 438 1219 sc
458 1161 537 1221 tueri
556 1171 712 1235 conantes,
728 1183 786 1223 non
835 1183 869 1223 so
883 1163 952 1223 finis
967 1161 1050 1241 apud
1064 1163 1192 1221 Latinos
1207 1163 1322 1240 magis,
1339 1179 1429 1239 quam
1444 1152 1537 1228 τέλος

87 1245 166 1308 inm
181 1244 301 1306 subditi
311 1245 451 1322 justitiae
464 1246 532 1319 Dei,
547 1266 603 1308 nac
618 1250 684 1328 ejus
694 1251 786 1328 parti·
835 1248 915 1330 apud
930 1248 1071 1322 Graecos,
1097 1247 1345 1326 significationem
1361 1246 1453 1307 habet
1468 1247 1535 1325 ejus

87 1332 165 1413 cipes
178 1330 268 1404 facti,
294 1349 376 1411 quae
391 1331 516 1410 quidem
532 1334 597 1394 sola
613 1353 687 1395 vera
698 1337 786 1414 justi-
835 1355 952 1409 musae,
969 1335 1053 1413 cujus
1068 1336 1168 1413 gratia
1183 1332 1339 1413 quidpiam
1354 1335 1395 1392 fit.

89 1421 199 1479 best»
222 1419 309 1479 Dicit
323 1426 425 1477 sutem
447 1419 581 1495 subds'ts',
604 1421 676 1500 quia
698 1421 788 1499 hujus
876 1423 944 1483 Hoc
959 1422 1051 1500 igitur
1064 1418 1152 1480 modo
1169 1437 1274 1479 sensus
1292 1427 1352 1491 est,
1379 1417 1533 1479 Christum

86 1506 221 1584 justitiae
235 1522 326 1565 nemo
340 1506 375 1564 tit
389 1507 554 1585 particeps,
576 1508 635 1567 nisi
658 1526 712 1587 per
734 1509 786 1568 hu·
836 1528 916 1581 esse,
932 1526 987 1586 per
1000 1525 1090 1588 quem
1104 1507 1154 1566 lex
1169 1505 1327 1585 impletur,
1345 1514 1376 1565 et
1399 1525 1475 1565 vera
1485 1505 1535 1583 ju-

90 1592 243 1652 mmmm
257 1589 329 1651 fidoi
343 1610 376 1651 sc
390 1591 466 1664 Deo,
481 1600 515 1652 ut
530 1595 628 1653 autori
639 1595 786 1672 justitiae,
835 1597 917 1655 stitia
929 1595 1111 1673 acquiritur,
1124 1601 1276 1672 quatenus
1287 1594 1413 1673 quiaque
1424 1593 1455 1651 in
1468 1611 1536 1651 eum

91 1678 234 1757 nbjidst
674 1718 677 1725 -
835 1680 931 1741 credit
944 1689 978 1741 ut
992 1681 1224 1760 propitiatorem,
1240 1697 1395 1759 perquem
1407 1679 1490 1738 Dens
1504 1685 1535 1738 et

123 1764 223 1825 Porro
239 1783 321 1824 nnnc
335 1763 406 1824 aliis
419 1765 521 1825 verbio
535 1765 566 1825 id
581 1767 690 1845 repetit
706 1767 786 1827 Pau·
835 1776 962 1848 peccata
976 1768 1118 1839 remittat,
1134 1773 1165 1825 et
1180 1767 1310 1845 gratiam
1320 1765 1400 1825 bene
1411 1763 1535 1824 vivendi

91 1851 144 1923 las,
165 1849 256 1931 qnod
271 1869 365 1931 snpra
377 1849 512 1925 dixerat,
533 1851 693 1926 lsraelem,
716 1851 788 1913 dnm
836 1861 976 1934 praestet.
999 1852 1091 1912 Hunc
1107 1870 1229 1912 sensum
1244 1850 1334 1932 plane
1346 1853 1473 1930 exigunt
1488 1870 1534 1910 su·

89 1947 216 1997 martur
230 1937 330 2017 legem
340 1936 484 2014 justifica
499 1939 529 1997 in
541 1936 638 2017 legem
649 1940 787 2017 justitiae
835 1942 964 2022 potiora.
986 1937 1191 1999 Reddit-enim
1206 1937 1371 2016 Apostolus
1387 1939 1534 1997 rationem

91 2045 142 2085 son
153 2025 344 2103 pervertisse,
356 2024 427 2102 quis
438 2023 622 2097 nonexfide,
635 2025 688 2085 sed
700 2028 788 2105 quasi
837 2028 911 2106 ejus,
928 2024 1010 2105 quod
1026 2025 1159 2085 dixerat:
1182 2027 1537 2100 iquorontcsjustittum

91 2128 123 2170 cx
134 2110 283 2190 operibus
299 2110 338 2169 ad
353 2128 419 2168 eam
440 2109 647 2171 contendebat.
671 2112 789 2192 Estque
836 2116 912 2186 Dei,
929 2112 1090 2191 Dooetque
1106 2110 1194 2189 hujus
1210 2112 1398 2190 ignorantiae
1413 2129 1536 2169 causam

91 2195 218 2257 notanda
231 2196 392 2256 antithesis
408 2196 464 2256 hoc
474 2197 541 2256 loco
552 2198 631 2256 inter
637 2197 788 2275 justitiam
836 2219 910 2272 esse,
927 2200 999 2279 quia
1010 2195 1177 2271 Christum,
1192 2216 1248 2276 per
1264 2215 1354 2278 quem
1369 2195 1466 2255 solum
1482 2195 1535 2255 lex

91 2281 158 2354 Dei,
174 2301 270 2363 qnam
285 2282 359 2343 alibi
370 2282 522 2359 justitiam
537 2283 611 2343 fidei
625 2292 732 2359 vocat,
756 2294 788 2344 et
835 2285 978 2365 impletur
1004 2283 1042 2343 ad
1060 2283 1223 2362 justitiam,
1248 2304 1308 2342 non
1331 2299 1532 2360 agnoverunt,

87 2370 232 2447 justitiam
247 2369 413 2449 propriam,
440 2387 529 2449 qnam
548 2370 621 2430 alibi
639 2370 788 2449 justitiam
836 2373 891 2432 sed
908 2372 939 2430 in
955 2390 1023 2432 eum
1037 2379 1071 2429 ut
1091 2368 1222 2450 lapidem
1247 2370 1421 2428 offensionis
1444 2371 1536 2450 impe·
1559 2415 1560 2418 ,

91 2456 166 2535 logis
177 2455 231 2516 Sic
246 2457 326 2515 enim
341 2453 382 2513 de
395 2473 430 2514 se
444 2456 510 2535 ipso
525 2455 642 2516 Paulus
657 2456 697 2516 ad
707 2457 786 2517 Phil.
835 2465 952 2539 gerunt
964 2456 1078 2518 Similis
1094 2477 1190 2517 sermo
1206 2463 1251 2514 eat
1266 2453 1406 2534 Apostoli
1424 2460 1439 2516 1
1454 2456 1535 2516 Tim.

92 2544 133 2602 t:
147 2544 194 2604 Et
205 2544 364 2602 taceatur
373 2544 410 2602 ta
418 2541 475 2601 illo
484 2544 551 2602 noa
558 2542 677 2604 hobam
683 2563 787 2604 mcum
837 2550 882 2606 1.:
899 2546 991 2606 Facu
1003 2546 1167 2621 praccepta·
1182 2545 1301 2602 auritos
1315 2541 1353 2602 de
1365 2543 1459 2601 corde
1467 2561 1534 2618 pa·

88 2632 261 2703 juditium,
283 2646 368 2705 quac
382 2646 421 2689 ca·
435 2629 502 2703 leqc
522 2637 582 2705 cst,
608 2632 662 2689 ssd
682 2631 785 2706 illam,
835 2651 872 2693 ro
900 2640 970 2704 etc,
994 2650 1054 2710 quo
1076 2631 1213 2689 nimirum
1237 2629 1383 2707 significat
1406 2630 1536 2689 caritate

90 2735 164 2792 quac
179 2733 220 2777 cx
234 2715 299 2792 fide
323 2722 368 2774 ost
391 2715 525 2791 obsistt,
551 2734 633 2793 qaae
657 2735 696 2778 cx
716 2719 786 2778 Deo
835 2720 934 2798 legem
949 2716 1073 2798 impleri
1096 2715 1174 2777 Vide
1194 2717 1259 2795 ejus
1280 2716 1341 2775 loci
1355 2722 1534 2775 commenta·

91 2811 128 2862 od
136 2803 271 2876 mstis
282 2804 319 2861 in
331 2800 403 2878 fids.
838 2807 923 2865 rium

126 2888 210 2950 Illud
225 2890 322 2949 etism
336 2888 479 2962 observa,
499 2907 559 2948 non
580 2887 693 2950 dixisse
708 2890 785 2950 Pau·
878 2890 973 2951 Porro
987 2888 1062 2950 nihil
1077 2888 1127 2949 hic
1140 2890 1226 2949 locus
1240 2887 1314 2949 facit
1328 2908 1381 2968 pro
1401 2888 1536 2948 sectariis

90 2975 158 3036 ln:
174 2983 209 3036 et
219 2976 375 3056 propriam
382 2974 531 3052 justitiam
547 2983 721 3048 statuentes,
733 2977 787 3038 sed
837 2977 1021 3048 docentibus,
1033 2975 1128 3035 solam
1143 2975 1232 3036 fidem
1247 2976 1386 3036 sufficere
1400 2974 1437 3033 sd
1447 2975 1534 3051 justi·

90 3070 225 3124 mus
253 3065 453 3139 quaerentes,
483 3061 732 3143 quemadmodum
758 3071 788 3123 et
837 3066 922 3135 tiam,
958 3081 995 3122 eo
1033 3062 1114 3141 quod
1147 3062 1276 3122 dicatur:
1309 3063 1354 3121 od
1377 3064 1536 3136 hastilium

91 3151 228 3232 superins
241 3147 379 3209 discretz
393 3152 487 3225 quast
499 3166 537 3209 ea
548 3150 704 3225 operibus,
717 3150 788 3229 quia
837 3153 927 3211 omni
935 3148 1082 3209 medenti.
1094 3148 1173 3207 Nam
1182 3149 1354 3228 Apostolus,
1367 3146 1535 3207 dumfidem

91 3238 203 3298 adliost
216 3235 297 3295 hseo
311 3236 435 3315 propris
443 3236 564 3313 justitia
578 3255 639 3297 nou
653 3244 701 3297 est
714 3256 789 3297 vera
837 3238 976 3308 nominat,
989 3236 1079 3296 etiam
1090 3243 1209 3295 caetera
1220 3235 1286 3294 vult
1297 3235 1440 3312 intelligi,
1456 3252 1535 3314 quae

89 3325 213 3401 iustitis,
228 3341 313 3403 quse
326 3324 418 3381 statum
431 3324 537 3402 possit
837 3324 912 3384 tides
926 3328 1071 3382 monstrat
1085 3320 1216 3402 agenda,
1239 3323 1306 3395 vel,
1329 3319 1412 3402 quod
1431 3320 1537 3380 eodem

127 3411 232 3471 boens
248 3407 391 3469 hichene
406 3408 555 3470 notandus
576 3417 679 3470 conus
698 3409 787 3469 Pela·
837 3409 958 3482 recidit,
981 3407 1069 3470 tidem
1098 3408 1241 3487 intelligit
1269 3409 1349 3468 bons
1377 3407 1537 3468 voluntate

93 3499 207 3577 mos,
232 3515 360 3576 quornm
384 3495 442 3556 hae
466 3497 499 3556 in
520 3504 608 3575 parte
630 3495 688 3556 fuit
708 3495 788 3557 idam
838 3497 1007 3558 formatam.

93 3602 168 3645 arros
180 3600 254 3643 oum
266 3579 409 3653 Judaeis,
435 3601 521 3643 suam
533 3583 683 3661 justitiam
699 3591 788 3644 statu·
881 3586 910 3645 b.
934 3583 1034 3643 Moses
1049 3584 1134 3643 enim
1149 3583 1290 3658 scripsit,
1306 3584 1462 3659 quoniam
1479 3584 1536 3655 jn-

94 3688 137 3731 as
165 3667 365 3739 comtibus,
400 3670 461 3728 imo
490 3668 626 3730 deterior.
662 3667 790 3730 Constat
837 3673 967 3744 samum,
983 3688 1065 3746 qaae
1080 3687 1118 3729 ea·
1132 3669 1198 3745 lece
1213 3677 1268 3744 est,
1285 3673 1340 3745 qut
1353 3669 1465 3745 feccrit
1480 3670 1538 3729 bo·

94 3758 176 3830 nim,
191 3774 248 3817 eos
258 3754 422 3834 aliquando
434 3755 576 3816 uihuisse
587 3757 642 3817 soli
653 3764 788 3830 naturae,
837 3775 900 3832 mo,
917 3759 1002 3818 vivet
1015 3759 1053 3816 ia
1067 3774 1112 3816 co.
1125 3755 1280 3835 Scriptura
1294 3755 1381 3826 Moci,
1399 3754 1536 3834 adquam

95 3842 170 3924 quod
185 3840 302 3904 Judsoi
316 3850 442 3902 naturae
456 3863 518 3903 non
532 3843 714 3917 tribuebant,
728 3844 788 3904 nisi
839 3844 977 3923 respicit,
1004 3843 1132 3903 habetur
1157 3843 1255 3902 Lavit
1281 3843 1329 3902 18.
1360 3840 1479 3901 Graeca
1506 3849 1539 3899 et

167 3929 287 3991 milio
301 3928 380 4008 legis
395 3948 414 3988 s
429 3929 495 3988 Deo
515 3928 612 3990 datae
839 3931 968 4010 Syriaca
989 3930 1079 4008 hujus
1104 3928 1179 4002 loci,
1206 3930 1250 3988 sic
1274 3928 1406 3988 habent:
1437 3928 1539 3988 Moses

129 4017 161 4077 A.
176 4017 272 4080 stne
286 4016 374 4075 calm
388 4016 480 4092 lapis,
498 4017 654 4093 Christum
678 4017 722 4077 ad
731 4021 789 4090 ju·
839 4020 923 4079 caim
949 4016 1056 4077 scribit
1077 4018 1237 4090 justitiam
1243 4062 1253 4092 ,
1282 4032 1366 4092 quac
1395 4031 1432 4073 ea
1454 4015 1535 4088 lopo,

96 4105 208 4164 ctum
222 4105 314 4164 omas·
328 4102 478 4163 medena
493 4104 601 4163 linem
611 4104 715 4165 Latini
725 4103 790 4164 lere
838 4106 930 4181 quta,
948 4105 1003 4181 qm·
1017 4104 1129 4180 fecemt
1144 4120 1180 4162 co
1196 4104 1287 4163 bomo
1295 4147 1305 4177 ,
1330 4103 1418 4160 vivet
1433 4103 1469 4159 tn
1484 4104 1537 4160 eis.

97 4189 266 4271 inullignnt
287 4207 410 4249 musam
430 4189 567 4264 finalem,
596 4200 631 4249 ut
652 4189 788 4251 Christus
839 4192 889 4251 Ita
908 4190 984 4270 legit
1005 4189 1162 4268 Obrysost.
1186 4196 1216 4248 et
1238 4189 1348 4249 caeteri
1372 4194 1443 4267 post
1468 4205 1537 4247 eum

99 4273 205 4338 liam
217 4276 288 4337 sniis
301 4275 380 4354 legis
395 4276 563 4349 hlosaicac,
580 4279 652 4357 quia
666 4284 727 4336 tam
739 4277 789 4337 lex
840 4277 950 4338 Graeci
965 4284 1222 4344 commentatores,
1237 4274 1345 4354 quibus
1359 4274 1448 4334 etiam
1460 4291 1537 4332 com·

99 4362 313 4426 wimonislis
326 4363 787 4444 significandoetpraenuntian·
838 4371 988 4424 mentator
1014 4362 1117 4422 Ambr.
1144 4359 1267 4420 accedit.
1291 4360 1351 4421 Sed
1374 4367 1406 4420 et
1425 4358 1536 4420 Haimo

100 4448 143 4523 lo,
166 4470 260 4533 quam
274 4449 327 4510 lex
341 4449 462 4510 moralis
476 4451 681 4511 infirmitatem
696 4450 789 4511 homi·
839 4451 967 4511 Latinus
982 4457 1112 4510 testatur
1126 4448 1157 4508 in
1180 4446 1361 4527 quibusdam
1383 4446 1538 4507 codicibus

101 4539 139 4599 π’·
162 4535 336 4619 arguendo,
367 4536 521 4598 Christum
547 4539 729 4599 salvatorem
756 4547 790 4598 ut
838 4536 958 4598 haberi:
982 4538 1126 4597 vicetia
1148 4536 1200 4596 eis.
1225 4533 1316 4613 Quod
1331 4534 1436 4614 utique
1451 4533 1538 4594 lavet

103 4621 178 4685 hun
199 4632 235 4686 et
255 4640 380 4704 scopum
405 4625 588 4706 spectabant.
623 4624 676 4685 sic
699 4626 789 4685 etism
839 4623 1025 4685 Graecorum
1041 4623 1172 4684 lectioni.
1185 4624 1287 4701 Atque
1301 4622 1359 4681 hoc
1373 4619 1461 4681 modo
1472 4639 1537 4680 ver·

104 4708 296 4775 'lhosdmitns
323 4708 469 4773 Graecus.
503 4713 547 4773 At
574 4728 646 4774 vero
676 4712 788 4773 caeteri
838 4710 878 4772 ba
893 4711 970 4771 Mori
984 4730 1101 4772 rursum
1115 4709 1279 4792 Apostolus
1294 4710 1365 4770 citat
1378 4707 1447 4770 Gal.
1464 4709 1493 4768 3.
