3254 5190
140 279 185 345 η
644 267 1068 325 mmmnmsumnu

136 453 184 504 tur
206 452 237 503 et
257 445 309 504 alii
331 445 466 525 quidam:
491 445 544 506 sed
569 447 651 505 inani
675 445 778 505 labore
801 465 833 504 se
880 453 928 504 tur
943 465 982 505 ex
1003 445 1062 504 illis
1084 444 1287 524 superioribus
1300 443 1441 524 Apostoli
1463 444 1577 504 verbis:

137 541 291 610 occupant.
316 531 428 592 Sensus
452 535 529 593 enim
551 533 648 591 clarus
665 541 723 591 ost:
749 530 832 604 Cum,
885 531 1063 606 Testillcuta
1087 551 1107 591 o
1131 533 1196 606 loys
1220 538 1249 589 et
1268 533 1440 608 prophetis.
1466 530 1578 605 Tertio,

137 620 248 698 inquit,
273 619 400 677 omnium
423 639 500 678 unus
524 628 554 678 et
577 619 653 678 idem
677 620 716 678 sit
740 621 832 690 Deus,
882 620 952 698 quia
968 638 1023 696 per
1038 618 1115 677 hanc
1128 618 1346 696 justificationis
1359 617 1526 677 doctrinam
1539 617 1578 677 le·

136 724 225 763 unam
251 724 372 785 quoque
397 715 426 764 et
449 706 573 765 eandem
601 704 832 783 consequendae
882 705 1015 783 gitimum
1039 704 1166 764 officium
1188 704 1265 783 legis
1287 703 1464 776 ostenditur,
1488 713 1518 762 et
1541 704 1579 764 ab

133 791 268 868 justitiae
282 793 435 864 rationem,
452 792 565 852 scilicet
579 813 616 851 ex
633 791 691 850 lide
704 793 768 852 sive
779 812 834 870 per
882 791 978 850 officio
993 789 1062 849 fidei
1078 789 1263 864 discernitur,
1286 790 1358 850 dum
1373 790 1506 864 docetur,
1525 810 1580 869 per

137 877 232 950 fidem,
256 878 392 937 omnibus
416 881 480 937 sine
503 878 673 937 discrimine
695 877 832 958 providit,
881 879 978 955 legem
994 876 1098 936 haberi
1114 879 1315 956 cognitionem
1329 878 1457 956 peccati,
1480 884 1515 936 ut
1529 895 1580 936 su-

139 973 197 1021 tem
213 964 384 1041 gentilibus,
407 985 495 1044 quam
511 966 533 1025 J
537 964 648 1023 udaeis.
882 963 1061 1043 pradictum
1078 973 1129 1038 est,
1155 973 1185 1024 et
1206 965 1294 1024 latius
1316 963 1488 1024 declaratur
1502 964 1581 1023 inlra

181 1052 230 1108 31.
243 1053 355 1125 Lege-m
367 1053 639 1127 orpodestruimus
648 1050 832 1126 perfidem?
882 1071 945 1129 cap.
965 1053 1000 1122 7.,
1023 1070 1079 1128 per
1094 1051 1181 1111 fidem
1197 1071 1269 1111 vero
1288 1051 1439 1128 justitiam
1454 1051 1580 1130 acquiri.

138 1135 342 1213 Objectiouem
369 1147 483 1211 movet,
519 1159 579 1217 qua
613 1137 670 1196 dici
706 1144 833 1216 poterat,
881 1138 996 1196 Verum
1023 1135 1055 1195 id
1075 1139 1196 1217 proprie
1223 1158 1282 1197 non
1309 1147 1369 1212 est,
1400 1137 1500 1217 legem
1525 1157 1582 1217 per

136 1224 213 1283 hanc
228 1223 266 1282 de
281 1223 341 1282 fide
363 1224 525 1284 doctrinam
547 1233 682 1303 spectare
697 1223 735 1283 ad
758 1225 833 1302 logis
881 1222 969 1282 fidem
985 1225 1084 1282 statui.
1108 1226 1185 1284 Nam
1208 1226 1298 1284 etiam
1314 1225 1377 1283 sinc
1391 1223 1452 1284 fide
1468 1243 1524 1302 per
1540 1225 1580 1284 le

137 1311 330 1370 eversionem.
357 1313 566 1386 Destruimus,
585 1311 700 1370 Graece
716 1325 832 1387 καταρ-
881 1331 949 1389 gem
966 1311 1095 1387 cognitio
1111 1313 1227 1390 peccati
1243 1310 1376 1370 habetur.

138 1395 259 1472 pauper,
282 1396 381 1471 idest,
405 1399 574 1458 nouimus.
598 1397 787 1475 Augustinus
803 1407 833 1457 ct
923 1396 1050 1455 Placent
1065 1398 1154 1474 igitur
1169 1397 1229 1456 duo
1246 1398 1360 1476 priores
1377 1416 1501 1457 sensus:
1516 1398 1579 1477 pri-

137 1490 206 1543 aute
217 1504 283 1542 eum
297 1484 425 1544 Tertull.
438 1486 549 1564 legunt,
566 1502 766 1545 evacuamus.
784 1483 832 1543 lta
880 1503 947 1542 mus
962 1482 1101 1542 maxime.
1125 1485 1204 1543 Nam
1227 1484 1302 1562 legis
1317 1482 1451 1555 firmitas,
1474 1484 1580 1564 imple·

136 1577 238 1628 noster
260 1571 403 1650 interpres
431 1592 526 1651 supra,
550 1573 645 1648 fictam
667 1572 728 1631 Dei
756 1589 831 1630 evo·
880 1571 931 1641 tio,
955 1572 1169 1629 consummatio
1192 1571 1377 1650 potissimum
1399 1570 1580 1650 intelligitur

137 1656 253 1716 ouobit.
277 1658 402 1717 Sensus:
427 1680 538 1737 ergone
556 1661 653 1739 legem
670 1657 832 1729 abolemus,
881 1659 913 1716 in
924 1657 1134 1717 observatione
1146 1666 1374 1737 praeceptorum
1391 1658 1467 1735 ejus,
1482 1666 1517 1715 ut
1527 1678 1580 1737 pa·

137 1744 248 1802 irritam
270 1742 402 1816 facimus,
427 1746 550 1804 otiosam
574 1756 605 1805 et
619 1745 753 1804 inutilem
768 1743 830 1803 red·
880 1751 924 1802 tet
939 1762 1030 1821 supra
1045 1764 1110 1822 cap.
1124 1746 1153 1802 2.
1176 1744 1243 1803 Nec
1256 1744 1365 1817 obstate
1378 1742 1461 1823 quod
1478 1743 1581 1804 dicunt

137 1828 297 1889 dimushac
310 1831 457 1891 nostrade
464 1833 675 1908 justificatione
688 1832 832 1906 doctrina,
880 1830 967 1890 fidem
982 1848 1042 1888 non
1058 1850 1122 1890 esse
1134 1830 1342 1904 introductam,
1359 1839 1392 1889 ut
1403 1830 1581 1910 impleretur

125 1901 198 1995 Qua
212 1914 300 1975 fidem
317 1919 472 1997 exigimus,
489 1930 519 1979 ct
536 1940 626 2000 opcra
640 1920 717 1997 legis
733 1918 831 1978 exclu·
880 1919 930 1977 lex
945 1916 1086 1991 Mosaica,
1103 1937 1195 1996 quam
1207 1937 1260 1997 per
1272 1917 1424 1978 Christum
1436 1917 1580 1977 abolitam

138 2001 256 2062 dimus?
279 2003 469 2084 Respondet:
880 2023 947 2064 esse
973 2012 1097 2063 constat.
1135 2006 1283 2084 Loquitur
1306 2005 1385 2064 enim
1412 2004 1579 2084 Apostolus

181 2091 285 2150 Absit:
307 2093 361 2150 sed
376 2093 475 2166 tapam
490 2094 666 2151 statuimus.
688 2089 774 2149 Adeo
789 2090 831 2149 le·
880 2110 939 2149 non
955 2088 993 2148 de
1008 2090 1077 2168 lege
1100 2091 1312 2164 caerimoniali,
1336 2090 1388 2151 sed
1407 2092 1524 2164 morali,
1549 2089 1579 2149 id

137 2194 204 2254 gem
230 2198 289 2236 non
316 2177 508 2251 destruimus,
538 2179 647 2258 inquit,
674 2185 709 2237 ut
734 2179 832 2256 potins
881 2185 933 2249 est,
957 2176 995 2236 de
1012 2177 1078 2255 lege
1101 2176 1254 2256 decalogi:
1278 2196 1334 2236 nec
1357 2196 1401 2246 ea,
1425 2187 1579 2259 qnatenus

137 2281 203 2321 eam
230 2272 408 2338 statuamus,
431 2265 461 2324 id
488 2274 544 2337 cst,
582 2265 767 2325 stabiliamus
801 2271 833 2322 et
879 2284 934 2343 per
955 2263 1064 2323 Mosen
1092 2263 1171 2337 lata,
1202 2265 1255 2324 sed
1282 2272 1315 2323 ut
1329 2263 1471 2340 justitiae
1494 2283 1578 2345 prae·

137 2350 350 2410 confirmemus.
359 2351 396 2411 Id
402 2352 551 2431 quomodo
559 2373 661 2412 verum
669 2353 715 2422 sit,
726 2370 832 2430 nempe
880 2360 968 2430 cepta
984 2351 1117 2410 continet
1128 2351 1264 2410 omnibus
1277 2349 1434 2423 servanda,
1449 2351 1580 2411 Judaeia

137 2437 302 2518 legemper
316 2438 405 2498 fidem
421 2442 519 2512 statui,
542 2438 687 2499 trifariam
701 2438 831 2517 explica·
879 2439 993 2518 pariter
1011 2448 1041 2497 et
1058 2436 1187 2497 Graecis.
1213 2438 1306 2497 Porro
1330 2436 1411 2516 quod
1435 2434 1579 2497 Christus

135 2531 190 2583 tur.
213 2525 354 2595 Primum,
371 2528 450 2604 quia,
466 2528 542 2585 sicut
558 2527 629 2585 dicit
645 2526 832 2604 Augustinus
881 2526 912 2583 in
928 2524 1085 2602 evangelio
1102 2524 1190 2585 dicit:
1215 2526 1288 2584 Non
1304 2527 1377 2583 veni
1393 2523 1515 2584 solvere
1532 2524 1578 2582 la-

136 2610 212 2670 libro
229 2610 266 2670 de
278 2611 385 2688 spiritu
399 2622 429 2672 et
440 2613 525 2672 litera
537 2634 600 2691 cap.
615 2614 674 2685 30,
690 2612 765 2672 fides
781 2612 832 2668 im·
880 2629 960 2686 pom,
985 2611 1039 2669 sad
1066 2612 1244 2686 adimplere
1266 2609 1371 2669 Matth.
1387 2613 1425 2682 5,
1448 2632 1511 2671 non
1534 2612 1579 2670 vi·

137 2705 237 2775 patrat
252 2698 384 2775 gratiam,
407 2718 466 2779 qun
489 2698 538 2758 lex
564 2700 727 2779 impleatur.
752 2698 831 2756 Ean·
881 2697 968 2756 detur
982 2698 1042 2756 huc
1057 2699 1218 2775 pertinere.
1234 2699 1355 2756 Dictum
1369 2705 1414 2755 est
1426 2699 1507 2758 enim
1519 2697 1579 2758 alio

138 2782 206 2842 dem
243 2785 387 2843 rationem
420 2786 560 2845 adferunt
602 2787 833 2866 Chrysostomus
881 2802 980 2855 sensu,
1005 2785 1075 2864 quia
1093 2785 1197 2857 multa,
1220 2803 1302 2863 quae
1324 2785 1423 2843 minus
1446 2792 1533 2844 erant
1549 2784 1580 2843 in

138 2871 267 2948 ejusque
291 2890 444 2949 sequaces.
468 2873 622 2945 Secundo,
646 2873 732 2951 quia,
756 2891 833 2950 quae
881 2870 949 2948 lege
975 2890 1131 2950 expressa,
1156 2872 1222 2949 ipse
1247 2870 1420 2948 expressius
1447 2869 1580 2943 tradidit,

139 2957 187 3017 lex
203 2966 288 3015 vetus
304 2958 492 3035 significabat
511 2969 541 3018 ct
555 2959 757 3038 promittebat,
780 2978 834 3036 per
882 2966 911 3016 et
926 2957 1068 3017 facienda
1080 2959 1239 3037 praecepit.
1264 2957 1449 3037 Quanquam
1466 2966 1497 3017 et
1511 2957 1580 3018 aliia

137 3044 237 3121 legem
258 3065 365 3103 novum
387 3044 570 3105 exhibentur.
594 3046 738 3124 Impletur
754 3046 833 3103 enirn
879 3043 974 3102 modis
998 3045 1097 3123 legem
1113 3044 1249 3104 Christus
1264 3046 1412 3105 Dominus
1432 3043 1581 3124 adimple·

136 3131 299 3210 promissio,
315 3152 375 3190 non
388 3142 559 3206 evacuatur,
575 3132 694 3212 quando
707 3152 754 3190 res
767 3152 832 3210 pro·
880 3133 941 3189 vit:
963 3138 1026 3189 tum
1043 3152 1089 3204 eu,
1116 3150 1195 3210 quac
1211 3131 1262 3190 lox
1277 3131 1478 3203 adumbravit,
1499 3132 1580 3192 exhi·

136 3218 227 3277 missa
248 3225 424 3296 praestatur
456 3219 516 3298 Qui
543 3239 648 3279 sensus
673 3219 761 3279 etiam
788 3225 834 3277 est
881 3217 987 3289 bcudo;
1001 3218 1112 3277 tumad
1126 3217 1583 3298 observandalegispraecepta

137 3303 217 3385 apud
233 3305 480 3384 Chrysostomus:
505 3315 534 3365 ot
556 3305 722 3385 probabilis
745 3305 832 3365 effici·
881 3306 1008 3383 gratiam
1024 3304 1287 3365 subministrando.

612 3617 788 3702 Gllssl
827 3615 1109 3705 dsslsslfll

242 3788 329 3872 Quid
359 3811 438 3875 crgo
478 3790 624 3856 dicemus
659 3791 822 3855 invenisse
849 3787 1020 3854 Abraham
1056 3795 1185 3874 patrem
1219 3793 1365 3853 nostrum
1401 3788 1586 3855 secundum

139 3895 296 3959 carnem?
325 3895 358 3958 2.
388 3893 423 3959 Si
447 3896 533 3961 enim
557 3893 727 3959 Abraham
749 3914 789 3959 cx
813 3891 969 3979 operibus
992 3893 1194 3977 justificatus
1219 3898 1280 3976 cst,
1309 3890 1413 3957 habet
1432 3892 1585 3977 gloriam,

138 3997 197 4062 sed
223 4019 289 4064 non
318 3996 407 4083 apud
433 3999 541 4065 Deum
557 3988 592 4080 1).
623 3999 656 4063 3.
687 3996 774 4082 Quid
804 3998 889 4062 enim
919 3996 999 4062 dicit
1028 3986 1269 4081 Scriptura²)?
1298 3992 1449 4061 Credidit
1469 3994 1586 4062 Abra-

138 4102 213 4166 ham
240 4102 331 4166 Deo:
360 4108 394 4167 et
421 4108 611 4189 reputatum
640 4109 690 4167 est
718 4102 765 4167 illi
789 4099 832 4165 ad
854 4100 1031 4185 justitiam.
1060 4102 1094 4164 4.
1122 4099 1163 4164 Εἰ
1186 4106 1307 4182 autem,
1336 4100 1391 4185 qui
1413 4107 1585 4185 operatur,

137 4224 265 4270 merces
291 4226 357 4271 uon
384 4207 566 4292 imputatur
604 4205 782 4271 secundum
811 4206 970 4290 gratiam,
1007 4204 1065 4269 sed
1095 4202 1273 4269 secundum
1304 4192 1506 4284 debitum3).
1550 4206 1585 4270 ὀ.

137 4309 177 4372 ui
205 4329 296 4394 vero,
325 4311 379 4397 qui
406 4331 471 4375 ιιοιι
500 4315 667 4396 operatur,
697 4309 845 4374 credenti
868 4314 977 4374 alitem
1001 4310 1034 4372 in
1058 4327 1142 4387 eum,
1171 4307 1226 4392 qui
1250 4306 1413 4391 justificat
1436 4307 1585 4394 impium,

137 4420 310 4498 reputatur
351 4414 447 4503 tides¹
469 4417 540 4499 ejus
576 4413 619 4478 ad
646 4401 851 4497 Justitiaml)
886 4412 1065 4478 secuudum
1101 4411 1307 4496 propositum
1341 4412 1471 4497 gratiae
1507 4413 1585 4478 Dei.

140 4519 172 4581 6.
202 4515 297 4582 Sicut
330 4523 363 4582 et
396 4518 507 4583 David
542 4517 623 4583 dicit
659 4515 900 4582 beatitudinem
938 4517 1095 4599 hominis,
1134 4515 1186 4579 oui
1214 4514 1307 4580 Deus
1341 4522 1483 4602 accepto
1520 4518 1586 4586 lert

242 4711 265 4781 ¹)
283 4715 344 4778 Cap.
357 4716 382 4777 3,
395 4715 437 4766 20.
455 4711 479 4779 ²)
502 4717 511 4766 l
526 4713 587 4767 llos.
606 4715 644 4777 lt,
657 4714 681 4765 6.
700 4711 752 4764 Gal.
766 4714 792 4776 ι,
806 4713 830 4764 6.
847 4708 900 4765 lac.
914 4714 938 4776 2,
951 4714 993 4764 23.
1012 4707 1036 4775 ³]
1050 4711 1110 4775 Cup.
1126 4711 1166 4777 ιθ,
1184 4713 1208 4763 5,
1229 4711 1269 4776 ll,
1288 4712 1312 4763 6.
1330 4707 1355 4777 ⁴)
1369 4711 1432 4776 Cup.
1446 4717 1470 4776 ι,
1483 4715 1517 4767 tr
1530 4726 1586 4782 seq.
