3254 5190
395 287 559 342 El'lslssbtss
577 288 616 342 All
634 287 786 342 ROMANOS.
805 287 889 343 vms
910 290 948 344 tt.
969 291 1008 343 it.
1378 297 1426 365 89

73 475 225 548 »perante
238 464 328 547 Quod
339 462 680 525 autemnonnulliiidem
729 462 832 543 Pelag.
849 485 913 544 cap.
932 467 958 524 7.
974 464 1017 524 Et
1030 467 1062 525 hi
1077 465 1198 546 quidem
1213 466 1337 526 effectus
1359 474 1428 526 sunt

73 562 279 634 terpretantur
293 553 386 631 ipsius
398 551 465 624 Dei,
482 550 576 625 idest,
591 570 679 609 vera·
728 550 804 628 legis
816 571 834 610 a
845 549 906 611 fide
918 559 949 611 et
959 555 1055 631 gratia
1067 560 1233 632 separatae,
1249 554 1326 612 sicut
1341 552 1380 612 ds
1391 573 1428 614 ea

72 662 94 699 n
105 642 139 700 in
153 638 344 721 praestandis
355 639 514 719 promissis,
529 646 563 697 ut
574 636 679 697 eadem
730 656 808 696 nunc
822 638 988 717 Apostolus
1005 639 1145 719 disputat.

73 728 202 787 :inania
219 726 324 797 fidem,
351 733 381 784 et
404 723 517 784 aboleri
532 725 597 802 ejus
612 744 679 803 pro·
773 722 923 802 Quocirca
936 725 1014 784 male
1037 723 1219 786 contendunt
1237 727 1356 786 sectarii
1376 727 1425 786 bic

73 832 160 886 ruem,
172 815 272 894 sitque
282 811 429 891 posterius
439 811 596 890 explicatio
603 812 681 888 prio·
729 810 899 881 ostendere,
927 811 1007 891 quod
1030 832 1117 872 nemo
1138 811 1228 871 etiam
1245 813 1426 891 justificatus

73 900 126 960 liis
144 921 206 959 non
222 897 381 978 probatur,
407 917 443 956 ac
458 899 569 956 merito.
600 895 680 955 Nam
728 897 825 975 legem
841 895 971 976 impleat.
1000 897 1213 976 Quassatam
1236 897 1373 958 doctrina
1396 908 1428 958 et

73 987 150 1057 arti,
166 988 334 1046 exinanita
350 991 394 1043 est
401 983 486 1060 fides,
503 985 601 1043 statim
612 991 680 1062 post
729 984 885 1063 scripturis
911 985 1095 1062 apertissime
1120 984 1311 1058 adversatur,
1338 993 1368 1044 et
1394 986 1425 1045 iu

73 1072 99 1131 it
113 1071 210 1145 illam,
226 1073 297 1131 ideo
314 1089 351 1131 es
367 1071 429 1146 {lde
436 1095 448 1146 ,-
463 1070 514 1129 ubi
525 1068 615 1129 fidem
626 1070 677 1129 ho·
728 1067 878 1129 Christum
894 1069 1024 1149 ejusque
1040 1072 1173 1150 gratiam,
1190 1089 1270 1148 quae
1287 1070 1358 1129 data
1373 1080 1425 1140 est,

77 1161 112 1219 iu
128 1161 231 1220 Deum
247 1157 389 1234 intelligi,
413 1177 473 1215 non
489 1165 534 1216 est
550 1154 677 1234 dubium.
730 1156 824 1217 ut'lex
834 1155 1000 1235 impleatur,
1013 1157 1206 1217 vehementer
1218 1157 1361 1235 injuriosa
1370 1165 1423 1216 est.

95 1247 167 1306 Lex
183 1248 269 1304 euim
283 1246 366 1302 iram
383 1250 544 1319 operatur.
568 1242 677 1300 Proba·
728 1240 886 1303 Caeterum
894 1241 1060 1320 Apostolus
1074 1242 1131 1302 hoc
1146 1242 1212 1302 loco
1224 1244 1350 1322 primum
1360 1238 1420 1302 mc·

73 1332 136 1391 tab
152 1331 260 1390 effectu
276 1339 308 1389 et
323 1339 432 1389 eventu
446 1330 523 1408 legis
536 1324 678 1403 (aitTho·
727 1326 797 1388 dum
811 1330 972 1409 praecipue
989 1328 1207 1401 consideravit,
1232 1337 1265 1389 ut
1286 1337 1370 1409 patet
1384 1349 1423 1389 ex

75 1420 130 1498 qui
147 1427 195 1477 est
212 1419 284 1476 iram
298 1417 430 1496 operari3
442 1425 586 1494 tanquam
599 1412 679 1473 dicat
728 1433 774 1487 eo,
791 1414 872 1493 quod
886 1418 1036 1496 sequitur:

73 1505 159 1564 olus:
185 1503 273 1564 Adeo
296 1523 335 1563 ex
355 1502 424 1582 lege
443 1522 504 1561 non
530 1501 680 1561 obtinetur
777 1501 835 1561 Ubi
850 1505 934 1562 enim
950 1521 1018 1564 aaa
1034 1508 1078 1562 eat
1093 1502 1152 1574 lea,
1178 1520 1235 1562 aec
1247 1505 1424 1578 praevari-

73 1590 151 1651 ditas
167 1610 222 1650 seu
245 1587 430 1662 benedictio,
451 1597 486 1647 ut
507 1588 556 1652 lex
579 1589 679 1666 potius
728 1591 820 1648 catio.
844 1587 980 1660 Graece,
996 1579 1190 1663 παράβασις,
1207 1592 1424 1664 traaspressio.

73 1687 222 1758 speretur,
247 1675 276 1735 id
293 1684 354 1746 est,
379 1695 504 1755 poenam
521 1681 631 1752 augeat
648 1680 678 1733 et
728 1675 891 1753 Cajetauus
905 1676 946 1735 ita
962 1675 1100 1756 supplet:
1115 1693 1172 1734 aec
1184 1677 1425 1752 praevaricatio

73 1766 216 1824 ictionem
229 1762 353 1822 adierat.
366 1763 434 1822 Hoc
447 1770 545 1820 autem
557 1762 607 1819 lex
619 1781 679 1820 uon
727 1765 906 1837 imputatur
920 1762 964 1821 ad
976 1780 1127 1840 poenam,
1143 1761 1224 1822 haud
1240 1770 1330 1823 recte.
1346 1762 1425 1822 Nam

73 1879 76 1906 t
96 1851 173 1912 facit
188 1859 220 1909 et
236 1870 276 1909 ex
292 1868 347 1908 sua
361 1849 554 1920 institutione,
571 1846 624 1905 sed
638 1867 677 1906 cx
727 1849 779 1929 qui
793 1849 858 1907 fieri
872 1856 984 1928 potest,
1008 1857 1042 1907 ut
1064 1850 1280 1927 praevaricatio
1301 1847 1340 1907 ad
1355 1867 1425 1928 poe·

74 1957 151 2009 0n03
183 1938 260 1995 sicut
285 1934 408 1994 docetur
434 1934 512 1994 intra
539 1954 602 2012 cap.
632 1934 675 2006 7.,
728 1955 795 1994 ιιιιιιι
811 1956 872 1994 non
888 1932 1071 2016 imputetur?
1098 1934 1214 1994 Dicitur
1238 1931 1358 2015 quidem
1380 1954 1425 1996 se·

73 2023 126 2084 ›do
157 2031 188 2082 st
211 2022 347 2082 christus
376 2020 483 2081 dicitur
511 2021 626 2100 positus
648 2020 680 2079 in
727 2022 830 2100 quenti
845 2024 956 2101 capite:
972 2025 1141 2084 Peccatum
1156 2040 1225 2082 aaa
1240 2021 1425 2097 imputaba-

73 2133 88 2170 u
103 2109 268 2171 multorum
283 2109 356 2166 Luc.
370 2109 408 2179 2.,
424 2116 455 2165 et
466 2106 604 2187 Apostoli
616 2108 677 2186 qui·
728 2115 791 2181 tur,
801 2126 872 2167 cum
883 2110 934 2169 les
944 2128 1011 2169 aon
1024 2115 1104 2168 ercet.
1118 2105 1178 2167 Sed
1187 2107 1337 2168 hocsensu
1347 2130 1353 2165 :
1365 2129 1426 2168 non

73 2218 104 2256 ιιι
128 2202 217 2256 erant
241 2194 315 2254 odor
336 2195 438 2253 mortis
460 2195 491 2253 in
512 2200 634 2252 mortem
660 2196 678 2252 2
727 2193 929 2274 imputabatur
956 2195 995 2254 ad
1025 2195 1318 2274 praevaricationem.
1355 2185 1425 2254 Nou

73 2283 121 2357 lla,
138 2285 179 2356 2.,
194 2281 336 2341 videlicet
346 2299 400 2359 per
416 2280 609 2340 occasionem
627 2277 678 2339 Sic
728 2282 806 2340 enirn
820 2279 899 2340 idem
915 2290 962 2341 eet
976 2289 1133 2362 paccatum
1148 2288 1178 2339 et
1198 2280 1424 2360 praevaricatio.

75 2377 108 2430 et
123 2369 176 2429 lex
192 2370 266 2427 iram
282 2374 436 2446 operatur,
463 2364 554 2446 idque
569 2365 680 2444 triplici
727 2365 831 2446 Quare
846 2388 905 2428 non
922 2367 1005 2427 aliud
1020 2367 1069 2426 hic
1095 2366 1309 2446 supplendum,
1333 2386 1424 2445 quam

73 2475 98 2516 a
727 2451 807 2533 quod
833 2453 865 2511 in
891 2454 981 2532 priori
1006 2453 1136 2512 membro
1165 2472 1337 2533 expressum
1362 2460 1424 2513 est:

73 2563 163 2613 mam,
180 2542 261 2621 quia,
277 2540 367 2599 silex
382 2559 443 2599 non
458 2547 545 2611 esset,
562 2556 617 2597 nec
632 2556 677 2598 es·
734 2539 792 2600 Ubi
807 2558 873 2599 aaa
889 2547 934 2599 est
950 2542 999 2600 lea·
1006 2585 1016 2615 ,
1042 2558 1099 2600 uec
1114 2546 1158 2598 est
1169 2541 1423 2616 praevaricatio,

73 2629 240 2708 rnsgressio
258 2628 342 2704 legis.
367 2624 455 2684 Unde
471 2624 560 2685 docet
575 2626 677 2702 Augu·
728 2627 792 2687 sive
807 2629 1015 2706 transgressio,
1046 2625 1077 2686 id
1094 2633 1146 2694 est,
1163 2627 1215 2687 ubi
1230 2626 1280 2685 lex
1296 2647 1355 2684 non
1368 2634 1424 2694 est,

84 2716 187 2796 Epist
204 2716 254 2774 88.
271 2714 405 2792 pejorem
420 2731 502 2784 esse,
518 2712 568 2792 qui
583 2711 678 2790 legem
726 2713 825 2772 locum
848 2713 1019 2773 nonhabet
1040 2713 1256 2792 transgressi03
1283 2711 1422 2791 quemad·

73 2822 142 2862 cum
151 2799 431 2868 malavoluntatate,
444 2798 567 2878 quamsi
580 2798 676 2876 legem
725 2798 844 2858 modum
859 2808 1016 2861 etcontra:
1029 2800 1082 2860 ubi
1093 2798 1151 2871 lex,
1164 2799 1206 2858 ibi
1216 2800 1422 2879 transgressio.

73 2888 182 2948 aberet
195 2886 274 2945 Nam
287 2887 414 2946 caeteris
425 2886 547 2964 peribus
559 2884 678 2964 gravius
726 2886 794 2945 Hoc
810 2888 888 2945 enim
904 2888 1068 2966 Apostolus
1088 2884 1315 2965 intelligendum
1336 2884 1423 2945 relin-

73 2986 101 3035 ιιι
124 2976 255 3033 scientes
280 2992 369 3052 quam
390 2973 579 3051 ignorantes,
606 2971 676 3030 Luc.
727 2973 800 3052 quit,
828 2992 888 3053 quo
904 2974 1018 3053 probet,
1045 2971 1127 3054 quod
1143 2970 1234 3033 dixit:
1258 2974 1324 3033 Lea
1339 2974 1424 3030 iram

89 3061 160 3123 Jac.
177 3063 206 3119 4.
237 3058 391 3130 Secundo,
417 3059 489 3138 quia
504 3057 579 3136 legis
595 3077 677 3117 occa·
728 3067 888 3136 operatur.
906 3061 1188 3139 Transgressiouem
1204 3068 1304 3119 autem
1323 3069 1421 3128 vocat,

81 3154 213 3225 augetur
238 3147 269 3205 in
292 3146 411 3205 bomine
427 3145 677 3224 concupiscentia,
726 3166 817 3226 quum
834 3147 933 3206 sciens
949 3149 1016 3226 quis
1028 3153 1142 3226 peccat,
1159 3153 1192 3204 ut
1204 3147 1351 3224 contingit
1362 3164 1422 3203 ma·

74 3254 113 3295 ex
147 3232 338 3291 inclinatione
367 3244 491 3291 naturae
521 3238 677 3309 corruptae
726 3234 815 3302 xime,
831 3231 901 3292 dum
914 3230 1423 3312 peccaturadversnslegemverbo

87 3339 210 3398 semper
224 3319 325 3378 nititur
340 3319 370 3377 in
385 3321 524 3391 vetitum,
539 3318 633 3397 fitque
648 3318 677 3376 ei
726 3327 778 3378 aut
793 3320 904 3398 scripto
928 3320 1041 3379 diserte
1064 3319 1209 3396 positam,
1235 3326 1271 3377 ut
1291 3318 1423 3396 ignorari

73 3429 101 3479 tit,
118 3405 203 3487 quod
217 3405 397 3484 prohibetur.
424 3406 564 3466 Pluribus
581 3402 611 3464 id
627 3402 675 3463 dev
725 3427 785 3466 uon
800 3407 903 3485 possit.
920 3405 1074 3486 Siquidem
1091 3402 1142 3463 lex
1157 3404 1306 3464 naturalis
1319 3406 1422 3464 obscu-

84 3491 254 3573 Apostolus
271 3489 348 3551 inira
371 3513 436 3572 cap.
462 3495 488 3550 7.
511 3493 557 3551 Ac
579 3490 616 3551 de
640 3510 676 3550 eo
724 3501 790 3552 rata
805 3503 877 3565 erat,
894 3494 1023 3572 ideoque
1038 3511 1093 3550 uec
1104 3490 1322 3551 attendebatur.

73 3581 215 3641 Sanctum
240 3578 439 3656 Augustinum
462 3578 499 3637 de
521 3579 623 3657 spiritu
647 3585 676 3635 et
767 3579 855 3640 Unde
863 3580 999 3658 gentiles,
1015 3579 1066 3658 qui
1074 3596 1142 3636 eam
1150 3577 1243 3637 solam
1252 3579 1311 3637 Dei
1323 3579 1420 3656 legem

86 3686 145 3745 cap
170 3668 199 3725 4.
217 3666 333 3738 Tertio,
349 3667 421 3743 quia
434 3663 524 3724 facile
538 3664 594 3723 sibi
606 3684 674 3741 pro·
724 3665 883 3735 habebant,
896 3664 926 3724 id
938 3675 990 3736 est,
1003 3663 1179 3734 naturalem,
1192 3665 1257 3724 sins
1270 3663 1337 3742 lege
1346 3681 1420 3730 esse,

83 3752 175 3813 bomo
197 3752 273 3829 legis
298 3761 440 3831 acceptae
464 3751 674 3830 impletionem,
724 3760 754 3811 et
769 3753 832 3812 sine
844 3753 913 3832 lege
925 3771 1062 3831 peccare,
1074 3758 1164 3830 atque
1177 3751 1267 3809 etiarn
1278 3750 1343 3809 siue
1354 3750 1422 3828 lege

85 3860 125 3899 cx
150 3860 186 3897 aa
205 3838 368 3916 justitiam,
395 3860 453 3897 non
477 3840 614 3917 cogitans
637 3835 675 3896 de
723 3840 839 3918 puniri,
868 3840 1013 3917 Apostolo
1037 3837 1177 3896 dicuutur
1199 3836 1284 3895 Rom.
1301 3837 1329 3894 2.
1357 3844 1387 3895 et
1407 3840 1420 3893 l

73 3927 143 3986 ario
174 3925 234 3983 Dei
264 3924 392 3998 auxilio3
423 3920 674 4004 quemadmodum
724 3924 793 3985 Cor.
810 3929 837 3986 9.
855 3924 959 4003 Quare
976 3945 1030 3986 nec
1046 3923 1299 4003 praevaricatores
1320 3941 1421 3981 cense-

73 4013 112 4093 qui
137 4011 205 4091 lege
228 4010 332 4069 audita
358 4010 516 4070 dicebant:
545 4012 672 4084 Omnia,
723 4011 846 4082 bantur,
871 4011 975 4072 eodem
991 4009 1137 4090 Apostolo
1157 4007 1276 4068 dicente
1291 4028 1356 4086 cap.
1374 4011 1419 4068 5.:

73 4100 195 4159 laeuas
212 4105 256 4156 est
271 4099 440 4171 Dominus,
457 4099 627 4174 faciemus,
646 4103 674 4153 et
723 4099 808 4173 quod
823 4117 890 4158 non
903 4104 1120 4174 peccauerunt
1133 4100 1169 4154 in
1181 4096 1420 4155 similitudinem

73 4185 297 4258 nobedieutea
314 4185 412 4244 Exod.
435 4186 484 4243 24.
502 4182 620 4243 Deinde
643 4183 674 4241 in
719 4188 1012 4260 praevaricationis
1039 4184 1136 4244 Adae.
1165 4181 1244 4240 Nam
1269 4189 1300 4241 et
1326 4181 1421 4241 Adam

73 4271 144 4333 adit
166 4291 203 4330 ac
220 4270 277 4330 sibi
291 4271 391 4350 placet
406 4278 550 4349 tanquam
562 4271 672 4347 justus,
722 4271 821 4350 legem
837 4271 939 4331 habuit
954 4272 1012 4331 sibi
1028 4270 1125 4329 datam
1151 4289 1169 4327 a
1187 4270 1255 4327 Deo
1278 4267 1421 4347 praecipi·

73 4378 156 4439 egem
183 4358 377 4441 aliquatenus
399 4378 435 4416 ac
451 4358 501 4416 vel
518 4376 609 4435 opere
623 4356 672 4413 vel
723 4365 811 4417 onte:
829 4359 878 4417 De
894 4360 982 4433 lipno
998 4360 1145 4417 scientiae
1162 4356 1236 4414 boni
1252 4363 1281 4414 et
1292 4354 1371 4412 mali
1382 4372 1422 4412 ae

85 4456 229 4514 marna,
257 4443 484 4503 Pharisaeorum
508 4463 604 4507 more,
622 4443 671 4500 ob·
722 4446 885 4520 concedas,
914 4445 989 4505 Gen.
1015 4449 1042 4504 2.
1067 4444 1103 4501 In
1126 4462 1182 4522 quo
1198 4448 1360 4520 praecepto
1376 4459 1421 4498 ra·

75 4534 212 4613 ;itaque
237 4551 292 4609 per
306 4530 364 4589 hoc
378 4529 511 4589 redditur
527 4529 672 4607 superbus
722 4532 830 4591 tionem
847 4532 924 4610 legis
947 4531 1041 4590 fuisse
1064 4531 1114 4608 qui
1138 4535 1266 4608 negant,
1291 4527 1362 4586 satis
1385 4545 1422 4586 ex

73 4618 337 4682 assimilationis
359 4617 448 4695 hujus
464 4617 596 4676 meminit
611 4621 670 4676 Au·
721 4617 857 4677 hocloco
882 4618 1110 4698 redarguuntur.

73 4726 100 4769 rs
129 4707 182 4768 lib.
216 4705 247 4764 3.
280 4713 383 4765 contra
413 4703 489 4763 duas
528 4702 669 4784 epistolas
768 4707 815 4765 16.
839 4705 915 4766 ideo
932 4724 970 4767 ea
989 4704 1066 4782 fide,
1094 4710 1130 4762 ut
1150 4702 1323 4762 secundum
1345 4718 1422 4776 pra·
