<?xml version="1.0" encoding="UTF-8"?>
<!DOCTYPE html PUBLIC "-//W3C//DTD XHTML 1.0 Transitional//EN"
    "http://www.w3.org/TR/xhtml1/DTD/xhtml1-transitional.dtd">
<html xmlns="http://www.w3.org/1999/xhtml" xml:lang="en" lang="en">
 <head>
  <title>
</title>
<meta http-equiv="Content-Type" content="text/html;charset=utf-8" />
  <meta name='ocr-system' content='tesseract 3.04.00' />
  <meta name='ocr-capabilities' content='ocr_page ocr_carea ocr_par ocr_line ocrx_word'/>
</head>
<body>
  <div class='ocr_page' id='page_1' title='image "./guilielmiestiii00estigoog/guilielmiestiii00estigoog_0175.png"; bbox 0 0 3254 5190; ppageno 0'>
   <div class='ocr_carea' id='block_1_1' title="bbox 134 254 1056 336">
    <p class='ocr_par' dir='ltr' id='par_1_1' title="bbox 134 254 1056 336">
     <span class='ocr_line' id='line_1_1' title="bbox 134 254 1056 336; baseline -0.018 -12"><span class='ocrx_word' id='word_1_1' title='bbox 134 270 204 336; x_wconf 73' lang='lat'><strong>152</strong></span> <span class='ocrx_word' id='word_1_2' title='bbox 642 255 875 310; x_wconf 76' lang='lat' dir='ltr'><strong>COMMENTARIUS</strong></span> <span class='ocrx_word' id='word_1_3' title='bbox 887 254 918 306; x_wconf 82' lang='lat' dir='ltr'><strong>lli</strong></span> <span class='ocrx_word' id='word_1_4' title='bbox 929 254 994 308; x_wconf 73' lang='lat' dir='ltr'><strong>cle.</strong></span> <span class='ocrx_word' id='word_1_5' title='bbox 1008 257 1056 309; x_wconf 78' lang='lat' dir='ltr'><strong>vn.</strong></span> 
     </span>
    </p>
   </div>
   <div class='ocr_carea' id='block_1_2' title="bbox 124 431 1613 4758">
    <p class='ocr_par' dir='ltr' id='par_1_2' title="bbox 124 431 1613 4758">
     <span class='ocr_line' id='line_1_2' title="bbox 129 431 1570 519; baseline 0 -22"><span class='ocrx_word' id='word_1_6' title='bbox 129 457 252 519; x_wconf 85' lang='lat' dir='ltr'><strong>presso,</strong></span> <span class='ocrx_word' id='word_1_7' title='bbox 279 437 367 495; x_wconf 88' lang='lat' dir='ltr'><strong>etiarn</strong></span> <span class='ocrx_word' id='word_1_8' title='bbox 390 435 419 493; x_wconf 93' lang='lat' dir='ltr'><strong>in</strong></span> <span class='ocrx_word' id='word_1_9' title='bbox 440 434 536 513; x_wconf 87' lang='lat' dir='ltr'><strong>prima</strong></span> <span class='ocrx_word' id='word_1_10' title='bbox 551 441 634 512; x_wconf 86' lang='lat' dir='ltr'><strong>perte</strong></span> <span class='ocrx_word' id='word_1_11' title='bbox 650 432 825 492; x_wconf 90' lang='lat' dir='ltr'><strong>sententiae.</strong></span> <span class='ocrx_word' id='word_1_12' title='bbox 875 433 939 491; x_wconf 87' lang='lat' dir='ltr'><strong>sive</strong></span> <span class='ocrx_word' id='word_1_13' title='bbox 954 431 1040 502; x_wconf 82' lang='lat' dir='ltr'><strong>boni,</strong></span> <span class='ocrx_word' id='word_1_14' title='bbox 1064 434 1128 493; x_wconf 83' lang='lat' dir='ltr'><strong>sive</strong></span> <span class='ocrx_word' id='word_1_15' title='bbox 1143 433 1221 493; x_wconf 85' lang='lat' dir='ltr'><strong>mali.</strong></span> <span class='ocrx_word' id='word_1_16' title='bbox 1245 434 1404 516; x_wconf 81' lang='lat' dir='ltr'><strong>Quomodo</strong></span> <span class='ocrx_word' id='word_1_17' title='bbox 1424 437 1492 503; x_wconf 85' lang='lat' dir='ltr'><strong>lex.</strong></span> <span class='ocrx_word' id='word_1_18' title='bbox 1507 457 1570 517; x_wconf 88' lang='lat' dir='ltr'><strong>pro·</strong></span> 
     </span>
     <span class='ocr_line' id='line_1_3' title="bbox 131 517 1574 599; baseline -0.001 -15"><span class='ocrx_word' id='word_1_19' title='bbox 131 524 191 584; x_wconf 90' lang='lat' dir='ltr'><strong>Per</strong></span> <span class='ocrx_word' id='word_1_20' title='bbox 213 523 270 582; x_wconf 94' lang='lat' dir='ltr'><strong>hoc</strong></span> <span class='ocrx_word' id='word_1_21' title='bbox 293 521 371 580; x_wconf 90' lang='lat' dir='ltr'><strong>euim</strong></span> <span class='ocrx_word' id='word_1_22' title='bbox 393 520 517 579; x_wconf 91' lang='lat' dir='ltr'><strong>innuere</strong></span> <span class='ocrx_word' id='word_1_23' title='bbox 540 519 636 579; x_wconf 86' lang='lat' dir='ltr'><strong>voluit</strong></span> <span class='ocrx_word' id='word_1_24' title='bbox 658 518 827 599; x_wconf 80' lang='lat' dir='ltr'><strong>Apostolus,</strong></span> <span class='ocrx_word' id='word_1_25' title='bbox 875 519 938 599; x_wconf 90' lang='lat' dir='ltr'><strong>prie</strong></span> <span class='ocrx_word' id='word_1_26' title='bbox 958 517 1056 591; x_wconf 88' lang='lat' dir='ltr'><strong>dicta,</strong></span> <span class='ocrx_word' id='word_1_27' title='bbox 1083 521 1234 598; x_wconf 89' lang='lat' dir='ltr'><strong>promissis</strong></span> <span class='ocrx_word' id='word_1_28' title='bbox 1258 529 1290 582; x_wconf 87' lang='lat' dir='ltr'><strong>et</strong></span> <span class='ocrx_word' id='word_1_29' title='bbox 1311 523 1401 583; x_wconf 89' lang='lat' dir='ltr'><strong>minis</strong></span> <span class='ocrx_word' id='word_1_30' title='bbox 1427 524 1531 582; x_wconf 77' lang='lat' dir='ltr'><strong>incitat</strong></span> <span class='ocrx_word' id='word_1_31' title='bbox 1545 531 1574 584; x_wconf 90' lang='lat' dir='ltr'><strong>et</strong></span> 
     </span>
     <span class='ocr_line' id='line_1_4' title="bbox 132 604 1570 689; baseline -0.001 -19"><span class='ocrx_word' id='word_1_32' title='bbox 132 630 165 671; x_wconf 93' lang='lat' dir='ltr'><strong>se</strong></span> <span class='ocrx_word' id='word_1_33' title='bbox 180 610 280 668; x_wconf 88' lang='lat' dir='ltr'><strong>facere</strong></span> <span class='ocrx_word' id='word_1_34' title='bbox 295 605 458 666; x_wconf 88' lang='lat' dir='ltr'><strong>secundum</strong></span> <span class='ocrx_word' id='word_1_35' title='bbox 474 626 608 679; x_wconf 88' lang='lat' dir='ltr'><strong>carnem,</strong></span> <span class='ocrx_word' id='word_1_36' title='bbox 632 605 713 685; x_wconf 91' lang='lat' dir='ltr'><strong>qued</strong></span> <span class='ocrx_word' id='word_1_37' title='bbox 728 613 827 665; x_wconf 87' lang='lat' dir='ltr'><strong>temen</strong></span> <span class='ocrx_word' id='word_1_38' title='bbox 876 604 1003 683; x_wconf 90' lang='lat' dir='ltr'><strong>impellit</strong></span> <span class='ocrx_word' id='word_1_39' title='bbox 1018 604 1057 663; x_wconf 87' lang='lat' dir='ltr'><strong>ad</strong></span> <span class='ocrx_word' id='word_1_40' title='bbox 1074 626 1110 665; x_wconf 87' lang='lat' dir='ltr'><strong>ee</strong></span> <span class='ocrx_word' id='word_1_41' title='bbox 1125 604 1273 679; x_wconf 81' lang='lat' dir='ltr'><strong>iacienda,</strong></span> <span class='ocrx_word' id='word_1_42' title='bbox 1288 627 1367 689; x_wconf 78' lang='lat' dir='ltr'><strong>quoe</strong></span> <span class='ocrx_word' id='word_1_43' title='bbox 1384 609 1570 689; x_wconf 88' lang='lat' dir='ltr'><strong>praecipiun-</strong></span> 
     </span>
     <span class='ocr_line' id='line_1_5' title="bbox 133 690 1572 777; baseline 0.001 -21"><span class='ocrx_word' id='word_1_44' title='bbox 133 698 197 777; x_wconf 89' lang='lat' dir='ltr'><strong>ipse</strong></span> <span class='ocrx_word' id='word_1_45' title='bbox 213 696 300 754; x_wconf 90' lang='lat' dir='ltr'><strong>homo</strong></span> <span class='ocrx_word' id='word_1_46' title='bbox 311 694 416 751; x_wconf 89' lang='lat' dir='ltr'><strong>mentis</strong></span> <span class='ocrx_word' id='word_1_47' title='bbox 426 691 642 753; x_wconf 84' lang='lat' dir='ltr'><strong>deliberatione</strong></span> <span class='ocrx_word' id='word_1_48' title='bbox 649 692 738 766; x_wconf 84' lang='lat' dir='ltr'><strong>nolit3</strong></span> <span class='ocrx_word' id='word_1_49' title='bbox 748 690 827 750; x_wconf 91' lang='lat' dir='ltr'><strong>ideo·</strong></span> <span class='ocrx_word' id='word_1_50' title='bbox 876 701 931 764; x_wconf 85' lang='lat' dir='ltr'><strong>tur,</strong></span> <span class='ocrx_word' id='word_1_51' title='bbox 947 692 992 751; x_wconf 87' lang='lat' dir='ltr'><strong>sic</strong></span> <span class='ocrx_word' id='word_1_52' title='bbox 1006 692 1097 770; x_wconf 86' lang='lat' dir='ltr'><strong>igitur</strong></span> <span class='ocrx_word' id='word_1_53' title='bbox 1111 695 1370 772; x_wconf 85' lang='lat' dir='ltr'><strong>concupiscentia,</strong></span> <span class='ocrx_word' id='word_1_54' title='bbox 1386 714 1468 774; x_wconf 82' lang='lat' dir='ltr'><strong>quse</strong></span> <span class='ocrx_word' id='word_1_55' title='bbox 1482 694 1572 757; x_wconf 81' lang='lat' dir='ltr'><strong>fomes</strong></span> 
     </span>
     <span class='ocr_line' id='line_1_6' title="bbox 134 777 1570 863; baseline 0 -21"><span class='ocrx_word' id='word_1_56' title='bbox 134 802 193 863; x_wconf 91' lang='lat' dir='ltr'><strong>que</strong></span> <span class='ocrx_word' id='word_1_57' title='bbox 216 800 250 841; x_wconf 88' lang='lat' dir='ltr'><strong>se</strong></span> <span class='ocrx_word' id='word_1_58' title='bbox 273 779 420 838; x_wconf 89' lang='lat' dir='ltr'><strong>bominem</strong></span> <span class='ocrx_word' id='word_1_59' title='bbox 443 777 582 838; x_wconf 81' lang='lat' dir='ltr'><strong>rationali</strong></span> <span class='ocrx_word' id='word_1_60' title='bbox 605 798 641 837; x_wconf 88' lang='lat' dir='ltr'><strong>ac</strong></span> <span class='ocrx_word' id='word_1_61' title='bbox 663 777 828 838; x_wconf 83' lang='lat' dir='ltr'><strong>deliberata</strong></span> <span class='ocrx_word' id='word_1_62' title='bbox 876 779 992 857; x_wconf 88' lang='lat' dir='ltr'><strong>peccati</strong></span> <span class='ocrx_word' id='word_1_63' title='bbox 1008 778 1280 848; x_wconf 88' lang='lat' dir='ltr'><strong>est,eedemetiam</strong></span> <span class='ocrx_word' id='word_1_64' title='bbox 1295 781 1347 840; x_wconf 92' lang='lat' dir='ltr'><strong>lex</strong></span> <span class='ocrx_word' id='word_1_65' title='bbox 1361 791 1497 855; x_wconf 78' lang='lat' dir='ltr'><strong>vocetur,</strong></span> <span class='ocrx_word' id='word_1_66' title='bbox 1507 782 1570 855; x_wconf 86' lang='lat' dir='ltr'><strong>lex,</strong></span> 
     </span>
     <span class='ocr_line' id='line_1_7' title="bbox 133 864 1568 947; baseline -0.001 -18"><span class='ocrx_word' id='word_1_67' title='bbox 133 869 250 929; x_wconf 78' lang='lat' dir='ltr'><strong>notione</strong></span> <span class='ocrx_word' id='word_1_68' title='bbox 265 864 340 925; x_wconf 91' lang='lat' dir='ltr'><strong>illud</strong></span> <span class='ocrx_word' id='word_1_69' title='bbox 356 885 414 925; x_wconf 91' lang='lat' dir='ltr'><strong>non</strong></span> <span class='ocrx_word' id='word_1_70' title='bbox 430 885 528 944; x_wconf 83' lang='lat' dir='ltr'><strong>agere.</strong></span> <span class='ocrx_word' id='word_1_71' title='bbox 877 866 1014 942; x_wconf 84' lang='lat' dir='ltr'><strong>inquam,</strong></span> <span class='ocrx_word' id='word_1_72' title='bbox 1037 867 1168 944; x_wconf 75' lang='lat' dir='ltr'><strong>pcccati,</strong></span> <span class='ocrx_word' id='word_1_73' title='bbox 1198 877 1345 947; x_wconf 86' lang='lat' dir='ltr'><strong>quatenus</strong></span> <span class='ocrx_word' id='word_1_74' title='bbox 1368 869 1510 928; x_wconf 89' lang='lat' dir='ltr'><strong>nimirum</strong></span> <span class='ocrx_word' id='word_1_75' title='bbox 1534 866 1568 927; x_wconf 78' lang='lat' dir='ltr'><strong>sd</strong></span> 
     </span>
     <span class='ocr_line' id='line_1_8' title="bbox 183 950 1574 1035; baseline 0.002 -23"><span class='ocrx_word' id='word_1_76' title='bbox 183 957 232 1013; x_wconf 79' lang='lat'><strong>21.</strong></span> <span class='ocrx_word' id='word_1_77' title='bbox 263 954 400 1012; x_wconf 75' lang='lat' dir='ltr'><strong>Invenio</strong></span> <span class='ocrx_word' id='word_1_78' title='bbox 430 955 530 1027; x_wconf 73' lang='lat' dir='ltr'><strong>iqitnr</strong></span> <span class='ocrx_word' id='word_1_79' title='bbox 555 953 670 1027; x_wconf 64' lang='lat' dir='ltr'><strong>leuem,</strong></span> <span class='ocrx_word' id='word_1_80' title='bbox 710 952 829 1010; x_wconf 83' lang='lat' dir='ltr'><strong>colenti</strong></span> <span class='ocrx_word' id='word_1_81' title='bbox 876 950 1061 1031; x_wconf 88' lang='lat' dir='ltr'><strong>peccandum</strong></span> <span class='ocrx_word' id='word_1_82' title='bbox 1072 951 1574 1035; x_wconf 80' lang='lat' dir='ltr'><strong>sollicitat,incitatque.Nondus1</strong></span> 
     </span>
     <span class='ocr_line' id='line_1_9' title="bbox 134 1036 1575 1121; baseline 0 -21"><span class='ocrx_word' id='word_1_83' title='bbox 134 1043 211 1100; x_wconf 83' lang='lat' dir='ltr'><strong>mibi</strong></span> <span class='ocrx_word' id='word_1_84' title='bbox 222 1042 329 1118; x_wconf 81' lang='lat' dir='ltr'><strong>facere</strong></span> <span class='ocrx_word' id='word_1_85' title='bbox 345 1039 461 1097; x_wconf 84' lang='lat' dir='ltr'><strong>bonum</strong></span> <span class='ocrx_word' id='word_1_86' title='bbox 468 1083 478 1113; x_wconf 88' lang='lat'><em>,</em></span> <span class='ocrx_word' id='word_1_87' title='bbox 497 1043 651 1114; x_wconf 84' lang='lat' dir='ltr'><strong>qnoniam</strong></span> <span class='ocrx_word' id='word_1_88' title='bbox 667 1039 744 1097; x_wconf 83' lang='lat' dir='ltr'><strong>mibi</strong></span> <span class='ocrx_word' id='word_1_89' title='bbox 758 1055 829 1095; x_wconf 85' lang='lat' dir='ltr'><strong>rna·</strong></span> <span class='ocrx_word' id='word_1_90' title='bbox 878 1036 939 1095; x_wconf 92' lang='lat' dir='ltr'><strong>mili</strong></span> <span class='ocrx_word' id='word_1_91' title='bbox 956 1038 1072 1097; x_wconf 88' lang='lat' dir='ltr'><strong>ratione</strong></span> <span class='ocrx_word' id='word_1_92' title='bbox 1087 1059 1185 1099; x_wconf 89' lang='lat' dir='ltr'><strong>mores</strong></span> <span class='ocrx_word' id='word_1_93' title='bbox 1199 1048 1230 1099; x_wconf 89' lang='lat' dir='ltr'><strong>et</strong></span> <span class='ocrx_word' id='word_1_94' title='bbox 1246 1038 1457 1121; x_wconf 77' lang='lat' dir='ltr'><strong>studiosique</strong></span> <span class='ocrx_word' id='word_1_95' title='bbox 1479 1060 1575 1100; x_wconf 90' lang='lat' dir='ltr'><strong>exem·</strong></span> 
     </span>
     <span class='ocr_line' id='line_1_10' title="bbox 135 1122 1576 1204; baseline -0.001 -18"><span class='ocrx_word' id='word_1_96' title='bbox 135 1129 201 1187; x_wconf 81' lang='lat' dir='ltr'><strong>lum</strong></span> <span class='ocrx_word' id='word_1_97' title='bbox 216 1128 349 1200; x_wconf 76' lang='lat' dir='ltr'><strong>adjacet.</strong></span> <span class='ocrx_word' id='word_1_98' title='bbox 374 1127 550 1204; x_wconf 75' lang='lat' dir='ltr'><strong>Quoniam,</strong></span> <span class='ocrx_word' id='word_1_99' title='bbox 578 1146 632 1204; x_wconf 89' lang='lat' dir='ltr'><strong>pre</strong></span> <span class='ocrx_word' id='word_1_100' title='bbox 647 1124 741 1200; x_wconf 82' lang='lat' dir='ltr'><strong>qnod.</strong></span> <span class='ocrx_word' id='word_1_101' title='bbox 765 1122 830 1180; x_wconf 82' lang='lat' dir='ltr'><strong>Nec</strong></span> <span class='ocrx_word' id='word_1_102' title='bbox 877 1123 928 1202; x_wconf 91' lang='lat' dir='ltr'><strong>pla</strong></span> <span class='ocrx_word' id='word_1_103' title='bbox 942 1123 1104 1199; x_wconf 82' lang='lat' dir='ltr'><strong>majorum,</strong></span> <span class='ocrx_word' id='word_1_104' title='bbox 1132 1143 1184 1184; x_wconf 88' lang='lat' dir='ltr'><strong>seu</strong></span> <span class='ocrx_word' id='word_1_105' title='bbox 1201 1125 1296 1199; x_wconf 89' lang='lat' dir='ltr'><strong>bona,</strong></span> <span class='ocrx_word' id='word_1_106' title='bbox 1319 1146 1372 1186; x_wconf 86' lang='lat' dir='ltr'><strong>seu</strong></span> <span class='ocrx_word' id='word_1_107' title='bbox 1387 1126 1484 1199; x_wconf 82' lang='lat' dir='ltr'><strong>mals,</strong></span> <span class='ocrx_word' id='word_1_108' title='bbox 1511 1137 1576 1186; x_wconf 88' lang='lat' dir='ltr'><strong>sunt</strong></span> 
     </span>
     <span class='ocr_line' id='line_1_11' title="bbox 136 1200 1574 1294; baseline -0.001 -20"><span class='ocrx_word' id='word_1_109' title='bbox 136 1215 214 1274; x_wconf 90' lang='lat' dir='ltr'><strong>enim</strong></span> <span class='ocrx_word' id='word_1_110' title='bbox 231 1211 389 1271; x_wconf 74' lang='lat' dir='ltr'><strong>causaliter</strong></span> <span class='ocrx_word' id='word_1_111' title='bbox 404 1211 453 1270; x_wconf 91' lang='lat' dir='ltr'><strong>bic</strong></span> <span class='ocrx_word' id='word_1_112' title='bbox 468 1212 610 1290; x_wconf 76' lang='lat' dir='ltr'><strong>accipitur</strong></span> <span class='ocrx_word' id='word_1_113' title='bbox 626 1202 674 1268; x_wconf 81' lang='lat' dir='ltr'><strong>dn</strong></span> <span class='ocrx_word' id='word_1_114' title='bbox 681 1255 691 1285; x_wconf 89' lang='lat'><em>,</em></span> <span class='ocrx_word' id='word_1_115' title='bbox 716 1208 769 1269; x_wconf 90' lang='lat' dir='ltr'><strong>sed</strong></span> <span class='ocrx_word' id='word_1_116' title='bbox 786 1200 829 1266; x_wconf 83' lang='grc' dir='ltr'><strong>εἰ·</strong></span> <span class='ocrx_word' id='word_1_117' title='bbox 879 1208 1027 1288; x_wconf 79' lang='lat' dir='ltr'><strong>quaedam</strong></span> <span class='ocrx_word' id='word_1_118' title='bbox 1043 1219 1203 1291; x_wconf 83' lang='lat' dir='ltr'><strong>praecepta</strong></span> <span class='ocrx_word' id='word_1_119' title='bbox 1217 1214 1371 1283; x_wconf 82' lang='lat' dir='ltr'><strong>minorum,</strong></span> <span class='ocrx_word' id='word_1_120' title='bbox 1386 1212 1471 1294; x_wconf 89' lang='lat' dir='ltr'><strong>quod</strong></span> <span class='ocrx_word' id='word_1_121' title='bbox 1486 1214 1574 1273; x_wconf 82' lang='lat' dir='ltr'><strong>mim·</strong></span> 
     </span>
     <span class='ocr_line' id='line_1_12' title="bbox 136 1293 1575 1379; baseline 0.002 -22"><span class='ocrx_word' id='word_1_122' title='bbox 136 1295 241 1374; x_wconf 79' lang='grc' dir='ltr'><strong>δικῶς,</strong></span> <span class='ocrx_word' id='word_1_123' title='bbox 264 1306 298 1357; x_wconf 91' lang='lat' dir='ltr'><strong>ut</strong></span> <span class='ocrx_word' id='word_1_124' title='bbox 315 1317 404 1376; x_wconf 87' lang='lat' dir='ltr'><strong>saepe</strong></span> <span class='ocrx_word' id='word_1_125' title='bbox 419 1297 499 1357; x_wconf 81' lang='lat' dir='ltr'><strong>alibi.</strong></span> <span class='ocrx_word' id='word_1_126' title='bbox 524 1298 679 1367; x_wconf 77' lang='lat' dir='ltr'><strong>Sententia</strong></span> <span class='ocrx_word' id='word_1_127' title='bbox 695 1297 737 1355; x_wconf 86' lang='lat' dir='ltr'><strong>sio</strong></span> <span class='ocrx_word' id='word_1_128' title='bbox 753 1293 829 1354; x_wconf 91' lang='lat' dir='ltr'><strong>ordi·</strong></span> <span class='ocrx_word' id='word_1_129' title='bbox 879 1316 926 1356; x_wconf 88' lang='lat' dir='ltr'><strong>res</strong></span> <span class='ocrx_word' id='word_1_130' title='bbox 943 1295 1060 1356; x_wconf 84' lang='lat' dir='ltr'><strong>soleant</strong></span> <span class='ocrx_word' id='word_1_131' title='bbox 1074 1317 1128 1376; x_wconf 91' lang='lat' dir='ltr'><strong>pro</strong></span> <span class='ocrx_word' id='word_1_132' title='bbox 1146 1297 1214 1377; x_wconf 83' lang='lat' dir='ltr'><strong>lege</strong></span> <span class='ocrx_word' id='word_1_133' title='bbox 1225 1308 1257 1359; x_wconf 90' lang='lat' dir='ltr'><strong>et</strong></span> <span class='ocrx_word' id='word_1_134' title='bbox 1267 1299 1373 1377; x_wconf 78' lang='lat' dir='ltr'><strong>regula</strong></span> <span class='ocrx_word' id='word_1_135' title='bbox 1385 1301 1486 1378; x_wconf 89' lang='lat' dir='ltr'><strong>sequi,</strong></span> <span class='ocrx_word' id='word_1_136' title='bbox 1501 1319 1575 1379; x_wconf 79' lang='lat' dir='ltr'><strong>quse</strong></span> 
     </span>
     <span class='ocr_line' id='line_1_13' title="bbox 136 1382 1575 1465; baseline -0.001 -19"><span class='ocrx_word' id='word_1_137' title='bbox 136 1386 235 1446; x_wconf 86' lang='lat' dir='ltr'><strong>nanda</strong></span> <span class='ocrx_word' id='word_1_138' title='bbox 252 1395 282 1443; x_wconf 90' lang='lat' dir='ltr'><strong>et</strong></span> <span class='ocrx_word' id='word_1_139' title='bbox 303 1384 482 1463; x_wconf 89' lang='lat' dir='ltr'><strong>exponenda</strong></span> <span class='ocrx_word' id='word_1_140' title='bbox 505 1393 564 1442; x_wconf 90' lang='lat' dir='ltr'><strong>est:</strong></span> <span class='ocrx_word' id='word_1_141' title='bbox 589 1384 684 1462; x_wconf 83' lang='lat' dir='ltr'><strong>Igitur</strong></span> <span class='ocrx_word' id='word_1_142' title='bbox 710 1383 830 1441; x_wconf 84' lang='lat' dir='ltr'><strong>invenio</strong></span> <span class='ocrx_word' id='word_1_143' title='bbox 878 1382 959 1442; x_wconf 80' lang='lat' dir='ltr'><strong>iacta</strong></span> <span class='ocrx_word' id='word_1_144' title='bbox 973 1384 1113 1443; x_wconf 88' lang='lat' dir='ltr'><strong>noverint</strong></span> <span class='ocrx_word' id='word_1_145' title='bbox 1123 1392 1154 1443; x_wconf 91' lang='lat' dir='ltr'><strong>et</strong></span> <span class='ocrx_word' id='word_1_146' title='bbox 1164 1385 1354 1465; x_wconf 72' lang='lat' dir='ltr'><strong>frequentetis</strong></span> <span class='ocrx_word' id='word_1_147' title='bbox 1367 1386 1575 1464; x_wconf 78' lang='lat' dir='ltr'><strong>amajoribus3</strong></span> 
     </span>
     <span class='ocr_line' id='line_1_14' title="bbox 137 1467 1576 1551; baseline 0.001 -20"><span class='ocrx_word' id='word_1_148' title='bbox 137 1492 172 1531; x_wconf 83' lang='lat' dir='ltr'><strong>ac</strong></span> <span class='ocrx_word' id='word_1_149' title='bbox 187 1469 379 1551; x_wconf 77' lang='lat' dir='ltr'><strong>deprehendo</strong></span> <span class='ocrx_word' id='word_1_150' title='bbox 392 1471 421 1527; x_wconf 86' lang='lat' dir='ltr'><strong>in</strong></span> <span class='ocrx_word' id='word_1_151' title='bbox 437 1490 485 1529; x_wconf 91' lang='lat' dir='ltr'><strong>me</strong></span> <span class='ocrx_word' id='word_1_152' title='bbox 500 1469 596 1548; x_wconf 83' lang='lat' dir='ltr'><strong>legem</strong></span> <span class='ocrx_word' id='word_1_153' title='bbox 608 1517 615 1542; x_wconf 89' lang='lat'><strong>‚</strong></span> <span class='ocrx_word' id='word_1_154' title='bbox 639 1488 690 1528; x_wconf 90' lang='lat' dir='ltr'><strong>scu</strong></span> <span class='ocrx_word' id='word_1_155' title='bbox 709 1467 831 1528; x_wconf 89' lang='lat' dir='ltr'><strong>inclina·</strong></span> <span class='ocrx_word' id='word_1_156' title='bbox 880 1469 1028 1550; x_wconf 89' lang='lat' dir='ltr'><strong>quomodo</strong></span> <span class='ocrx_word' id='word_1_157' title='bbox 1041 1468 1152 1531; x_wconf 91' lang='lat' dir='ltr'><strong>dictum</strong></span> <span class='ocrx_word' id='word_1_158' title='bbox 1165 1479 1213 1530; x_wconf 90' lang='lat' dir='ltr'><strong>est</strong></span> <span class='ocrx_word' id='word_1_159' title='bbox 1222 1470 1334 1532; x_wconf 76' lang='lat' dir='ltr'><strong>Erech.</strong></span> <span class='ocrx_word' id='word_1_160' title='bbox 1347 1473 1415 1531; x_wconf 71' lang='lat'><strong>20.:</strong></span> <span class='ocrx_word' id='word_1_161' title='bbox 1429 1474 1473 1532; x_wconf 86' lang='lat' dir='ltr'><strong>In</strong></span> <span class='ocrx_word' id='word_1_162' title='bbox 1483 1490 1576 1548; x_wconf 80' lang='lat' dir='ltr'><strong>proe-</strong></span> 
     </span>
     <span class='ocr_line' id='line_1_15' title="bbox 139 1554 1575 1636; baseline 0.001 -19"><span class='ocrx_word' id='word_1_163' title='bbox 139 1559 250 1619; x_wconf 90' lang='lat' dir='ltr'><strong>tionem</strong></span> <span class='ocrx_word' id='word_1_164' title='bbox 263 1555 424 1636; x_wconf 83' lang='lat' dir='ltr'><strong>quandem,</strong></span> <span class='ocrx_word' id='word_1_165' title='bbox 443 1575 503 1636; x_wconf 81' lang='lat' dir='ltr'><strong>qua</strong></span> <span class='ocrx_word' id='word_1_166' title='bbox 515 1556 630 1616; x_wconf 88' lang='lat' dir='ltr'><strong>scilicet</strong></span> <span class='ocrx_word' id='word_1_167' title='bbox 640 1555 748 1614; x_wconf 89' lang='lat' dir='ltr'><strong>malum</strong></span> <span class='ocrx_word' id='word_1_168' title='bbox 760 1554 832 1613; x_wconf 91' lang='lat' dir='ltr'><strong>mihi</strong></span> <span class='ocrx_word' id='word_1_169' title='bbox 881 1559 977 1632; x_wconf 82' lang='lat' dir='ltr'><strong>ceptis</strong></span> <span class='ocrx_word' id='word_1_170' title='bbox 986 1565 1118 1633; x_wconf 82' lang='lat' dir='ltr'><strong>potrum</strong></span> <span class='ocrx_word' id='word_1_171' title='bbox 1132 1566 1308 1618; x_wconf 82' lang='lat' dir='ltr'><strong>uestrorum</strong></span> <span class='ocrx_word' id='word_1_172' title='bbox 1316 1559 1416 1618; x_wconf 83' lang='lat' dir='ltr'><strong>nolite</strong></span> <span class='ocrx_word' id='word_1_173' title='bbox 1424 1558 1575 1619; x_wconf 78' lang='lat' dir='ltr'><strong>incedere.</strong></span> 
     </span>
     <span class='ocr_line' id='line_1_16' title="bbox 138 1641 1576 1725; baseline 0.001 -22"><span class='ocrx_word' id='word_1_174' title='bbox 138 1643 271 1723; x_wconf 87' lang='lat' dir='ltr'><strong>adjacet,</strong></span> <span class='ocrx_word' id='word_1_175' title='bbox 288 1653 319 1702; x_wconf 91' lang='lat' dir='ltr'><strong>et</strong></span> <span class='ocrx_word' id='word_1_176' title='bbox 334 1641 501 1702; x_wconf 79' lang='lat' dir='ltr'><strong>iaciendum</strong></span> <span class='ocrx_word' id='word_1_177' title='bbox 517 1651 658 1722; x_wconf 85' lang='lat' dir='ltr'><strong>tanquam</strong></span> <span class='ocrx_word' id='word_1_178' title='bbox 674 1642 743 1721; x_wconf 82' lang='lat' dir='ltr'><strong>lege</strong></span> <span class='ocrx_word' id='word_1_179' title='bbox 759 1660 831 1721; x_wconf 90' lang='lat' dir='ltr'><strong>qua·</strong></span> <span class='ocrx_word' id='word_1_180' title='bbox 881 1643 1032 1702; x_wconf 82' lang='lat' dir='ltr'><strong>Dicuntur</strong></span> <span class='ocrx_word' id='word_1_181' title='bbox 1054 1643 1122 1701; x_wconf 90' lang='lat' dir='ltr'><strong>item</strong></span> <span class='ocrx_word' id='word_1_182' title='bbox 1146 1654 1307 1724; x_wconf 82' lang='lat' dir='ltr'><strong>praecepte</strong></span> <span class='ocrx_word' id='word_1_183' title='bbox 1323 1644 1576 1725; x_wconf 88' lang='lat' dir='ltr'><strong>philosophorum,</strong></span> 
     </span>
     <span class='ocr_line' id='line_1_17' title="bbox 138 1727 1576 1809; baseline 0.001 -19"><span class='ocrx_word' id='word_1_184' title='bbox 138 1730 205 1790; x_wconf 83' lang='lat' dir='ltr'><strong>dam</strong></span> <span class='ocrx_word' id='word_1_185' title='bbox 221 1730 379 1809; x_wconf 79' lang='lat' dir='ltr'><strong>ingeritur3</strong></span> <span class='ocrx_word' id='word_1_186' title='bbox 394 1729 424 1786; x_wconf 90' lang='lat' dir='ltr'><strong>iu</strong></span> <span class='ocrx_word' id='word_1_187' title='bbox 440 1749 497 1801; x_wconf 89' lang='lat' dir='ltr'><strong>me,</strong></span> <span class='ocrx_word' id='word_1_188' title='bbox 512 1730 643 1807; x_wconf 86' lang='lat' dir='ltr'><strong>inquam,</strong></span> <span class='ocrx_word' id='word_1_189' title='bbox 659 1729 778 1788; x_wconf 87' lang='lat' dir='ltr'><strong>volente</strong></span> <span class='ocrx_word' id='word_1_190' title='bbox 790 1727 833 1787; x_wconf 86' lang='lat' dir='ltr'><strong>ia·</strong></span> <span class='ocrx_word' id='word_1_191' title='bbox 882 1731 1158 1808; x_wconf 78' lang='lat' dir='ltr'><strong>grammaticorum,</strong></span> <span class='ocrx_word' id='word_1_192' title='bbox 1173 1730 1372 1801; x_wconf 89' lang='lat' dir='ltr'><strong>medicorum,</strong></span> <span class='ocrx_word' id='word_1_193' title='bbox 1399 1732 1428 1792; x_wconf 94' lang='lat' dir='ltr'><strong>id</strong></span> <span class='ocrx_word' id='word_1_194' title='bbox 1446 1740 1512 1805; x_wconf 83' lang='lat' dir='ltr'><strong>est,</strong></span> <span class='ocrx_word' id='word_1_195' title='bbox 1534 1750 1576 1791; x_wconf 87' lang='lat' dir='ltr'><strong>re·</strong></span> 
     </span>
     <span class='ocr_line' id='line_1_18' title="bbox 138 1815 1577 1897; baseline 0 -21"><span class='ocrx_word' id='word_1_196' title='bbox 138 1838 216 1887; x_wconf 83' lang='lat' dir='ltr'><strong>cere,</strong></span> <span class='ocrx_word' id='word_1_197' title='bbox 232 1815 312 1897; x_wconf 91' lang='lat' dir='ltr'><strong>quod</strong></span> <span class='ocrx_word' id='word_1_198' title='bbox 327 1816 435 1875; x_wconf 89' lang='lat' dir='ltr'><strong>bonurn</strong></span> <span class='ocrx_word' id='word_1_199' title='bbox 453 1823 505 1873; x_wconf 88' lang='lat' dir='ltr'><strong>cst.</strong></span> <span class='ocrx_word' id='word_1_200' title='bbox 882 1815 971 1895; x_wconf 82' lang='lat' dir='ltr'><strong>gulae</strong></span> <span class='ocrx_word' id='word_1_201' title='bbox 1001 1815 1149 1895; x_wconf 85' lang='lat' dir='ltr'><strong>quaedem</strong></span> <span class='ocrx_word' id='word_1_202' title='bbox 1181 1827 1211 1876; x_wconf 95' lang='lat' dir='ltr'><strong>et</strong></span> <span class='ocrx_word' id='word_1_203' title='bbox 1238 1819 1382 1897; x_wconf 90' lang='lat' dir='ltr'><strong>principia</strong></span> <span class='ocrx_word' id='word_1_204' title='bbox 1413 1818 1577 1879; x_wconf 76' lang='lat' dir='ltr'><strong>scientifica</strong></span> 
     </span>
     <span class='ocr_line' id='line_1_19' title="bbox 181 1901 1372 1983; baseline 0 -22"><span class='ocrx_word' id='word_1_205' title='bbox 181 1902 242 1961; x_wconf 86' lang='lat' dir='ltr'><strong>Alii</strong></span> <span class='ocrx_word' id='word_1_206' title='bbox 258 1903 345 1961; x_wconf 83' lang='lat' dir='ltr'><strong>alitor</strong></span> <span class='ocrx_word' id='word_1_207' title='bbox 371 1901 510 1961; x_wconf 84' lang='lat' dir='ltr'><strong>ordinant</strong></span> <span class='ocrx_word' id='word_1_208' title='bbox 531 1911 561 1962; x_wconf 91' lang='lat' dir='ltr'><strong>et</strong></span> <span class='ocrx_word' id='word_1_209' title='bbox 582 1912 751 1980; x_wconf 87' lang='lat' dir='ltr'><strong>exponunt,</strong></span> <span class='ocrx_word' id='word_1_210' title='bbox 779 1901 833 1961; x_wconf 89' lang='lat' dir='ltr'><strong>sed</strong></span> <span class='ocrx_word' id='word_1_211' title='bbox 882 1901 1000 1981; x_wconf 58' lang='lat' dir='ltr'><strong>agendi,</strong></span> <span class='ocrx_word' id='word_1_212' title='bbox 1017 1902 1166 1983; x_wconf 88' lang='lat' dir='ltr'><strong>loquendi,</strong></span> <span class='ocrx_word' id='word_1_213' title='bbox 1181 1904 1303 1964; x_wconf 91' lang='lat' dir='ltr'><strong>vivendi</strong></span> <span class='ocrx_word' id='word_1_214' title='bbox 1318 1913 1372 1964; x_wconf 92' lang='lat' dir='ltr'><strong>etc.</strong></span> 
     </span>
     <span class='ocr_line' id='line_1_20' title="bbox 138 1987 1577 2067; baseline 0.001 -17"><span class='ocrx_word' id='word_1_215' title='bbox 138 1991 266 2050; x_wconf 78' lang='lat' dir='ltr'><strong>obscure</strong></span> <span class='ocrx_word' id='word_1_216' title='bbox 279 1998 309 2047; x_wconf 92' lang='lat' dir='ltr'><strong>et</strong></span> <span class='ocrx_word' id='word_1_217' title='bbox 320 1989 459 2060; x_wconf 80' lang='lat' dir='ltr'><strong>violente,</strong></span> <span class='ocrx_word' id='word_1_218' title='bbox 472 1990 542 2048; x_wconf 88' lang='lat' dir='ltr'><strong>dum</strong></span> <span class='ocrx_word' id='word_1_219' title='bbox 554 1988 651 2066; x_wconf 85' lang='lat' dir='ltr'><strong>legem</strong></span> <span class='ocrx_word' id='word_1_220' title='bbox 664 1987 835 2067; x_wconf 77' lang='lat' dir='ltr'><strong>intelligunt</strong></span> <span class='ocrx_word' id='word_1_221' title='bbox 928 1991 976 2048; x_wconf 78' lang='lat'><strong>22.</strong></span> <span class='ocrx_word' id='word_1_222' title='bbox 1002 1988 1205 2049; x_wconf 79' lang='lat' dir='ltr'><strong>Oondelcctor</strong></span> <span class='ocrx_word' id='word_1_223' title='bbox 1217 1995 1300 2050; x_wconf 85' lang='lat' dir='ltr'><strong>enim</strong></span> <span class='ocrx_word' id='word_1_224' title='bbox 1316 1992 1377 2066; x_wconf 70' lang='lat' dir='ltr'><strong>lcpi</strong></span> <span class='ocrx_word' id='word_1_225' title='bbox 1392 1993 1454 2052; x_wconf 83' lang='lat' dir='ltr'><strong>Dei</strong></span> <span class='ocrx_word' id='word_1_226' title='bbox 1470 2011 1577 2053; x_wconf 77' lang='lat' dir='ltr'><strong>sccun-</strong></span> 
     </span>
     <span class='ocr_line' id='line_1_21' title="bbox 138 2076 1576 2159; baseline 0.002 -22"><span class='ocrx_word' id='word_1_227' title='bbox 138 2080 168 2137; x_wconf 90' lang='lat' dir='ltr'><strong>in</strong></span> <span class='ocrx_word' id='word_1_228' title='bbox 185 2079 292 2136; x_wconf 85' lang='lat' dir='ltr'><strong>bonnm</strong></span> <span class='ocrx_word' id='word_1_229' title='bbox 307 2086 430 2155; x_wconf 87' lang='lat' dir='ltr'><strong>partem.</strong></span> <span class='ocrx_word' id='word_1_230' title='bbox 884 2076 960 2134; x_wconf 84' lang='lat' dir='ltr'><strong>dnm</strong></span> <span class='ocrx_word' id='word_1_231' title='bbox 975 2078 1162 2135; x_wconf 80' lang='lat' dir='ltr'><strong>interiorem</strong></span> <span class='ocrx_word' id='word_1_232' title='bbox 1176 2079 1344 2140; x_wconf 82' lang='lat' dir='ltr'><strong>bomine-m.</strong></span> <span class='ocrx_word' id='word_1_233' title='bbox 1361 2078 1518 2159; x_wconf 81' lang='lat' dir='ltr'><strong>Deinceps</strong></span> <span class='ocrx_word' id='word_1_234' title='bbox 1530 2098 1576 2140; x_wconf 87' lang='lat' dir='ltr'><strong>ex-</strong></span> 
     </span>
     <span class='ocr_line' id='line_1_22' title="bbox 182 2161 1577 2246; baseline 0.002 -23"><span class='ocrx_word' id='word_1_235' title='bbox 182 2165 326 2223; x_wconf 78' lang='lat' dir='ltr'><strong>Erusmus</strong></span> <span class='ocrx_word' id='word_1_236' title='bbox 341 2165 370 2222; x_wconf 90' lang='lat' dir='ltr'><strong>in</strong></span> <span class='ocrx_word' id='word_1_237' title='bbox 386 2162 629 2222; x_wconf 75' lang='lat' dir='ltr'><strong>annotationibus</strong></span> <span class='ocrx_word' id='word_1_238' title='bbox 641 2170 771 2240; x_wconf 87' lang='lat' dir='ltr'><strong>quatuor</strong></span> <span class='ocrx_word' id='word_1_239' title='bbox 783 2161 834 2220; x_wconf 84' lang='lat' dir='ltr'><strong>ad·</strong></span> <span class='ocrx_word' id='word_1_240' title='bbox 883 2161 976 2241; x_wconf 87' lang='lat' dir='ltr'><strong>plicet</strong></span> <span class='ocrx_word' id='word_1_241' title='bbox 990 2171 1104 2239; x_wconf 85' lang='lat' dir='ltr'><strong>partem</strong></span> <span class='ocrx_word' id='word_1_242' title='bbox 1120 2162 1358 2239; x_wconf 87' lang='lat' dir='ltr'><strong>praecedentem.</strong></span> <span class='ocrx_word' id='word_1_243' title='bbox 1382 2166 1426 2223; x_wconf 81' lang='lat' dir='ltr'><strong>Et</strong></span> <span class='ocrx_word' id='word_1_244' title='bbox 1452 2165 1504 2225; x_wconf 89' lang='lat' dir='ltr'><strong>hic</strong></span> <span class='ocrx_word' id='word_1_245' title='bbox 1519 2168 1577 2246; x_wconf 90' lang='lat' dir='ltr'><strong>qui·</strong></span> 
     </span>
     <span class='ocr_line' id='line_1_23' title="bbox 137 2246 1578 2330; baseline 0.003 -22"><span class='ocrx_word' id='word_1_246' title='bbox 137 2250 196 2308; x_wconf 82' lang='lat' dir='ltr'><strong>fert</strong></span> <span class='ocrx_word' id='word_1_247' title='bbox 218 2249 437 2327; x_wconf 81' lang='lat' dir='ltr'><strong>expositiones,</strong></span> <span class='ocrx_word' id='word_1_248' title='bbox 465 2269 554 2309; x_wconf 87' lang='lat' dir='ltr'><strong>unam</strong></span> <span class='ocrx_word' id='word_1_249' title='bbox 578 2246 731 2327; x_wconf 86' lang='lat' dir='ltr'><strong>Origenis‚</strong></span> <span class='ocrx_word' id='word_1_250' title='bbox 759 2247 834 2307; x_wconf 88' lang='lat' dir='ltr'><strong>duas</strong></span> <span class='ocrx_word' id='word_1_251' title='bbox 883 2248 951 2307; x_wconf 91' lang='lat' dir='ltr'><strong>dem</strong></span> <span class='ocrx_word' id='word_1_252' title='bbox 967 2247 1039 2306; x_wconf 92' lang='lat' dir='ltr'><strong>illud</strong></span> <span class='ocrx_word' id='word_1_253' title='bbox 1063 2246 1211 2317; x_wconf 79' lang='lat' dir='ltr'><strong>declarat,</strong></span> <span class='ocrx_word' id='word_1_254' title='bbox 1239 2249 1319 2330; x_wconf 88' lang='lat' dir='ltr'><strong>quod</strong></span> <span class='ocrx_word' id='word_1_255' title='bbox 1343 2249 1436 2310; x_wconf 87' lang='lat' dir='ltr'><strong>dixit:</strong></span> <span class='ocrx_word' id='word_1_256' title='bbox 1461 2254 1578 2313; x_wconf 73' lang='lat' dir='ltr'><strong>volenti</strong></span> 
     </span>
     <span class='ocr_line' id='line_1_24' title="bbox 139 2334 1578 2417; baseline 0.003 -21"><span class='ocrx_word' id='word_1_257' title='bbox 139 2334 369 2417; x_wconf 85' lang='lat' dir='ltr'><strong>Theophylacti,</strong></span> <span class='ocrx_word' id='word_1_258' title='bbox 386 2343 522 2414; x_wconf 82' lang='lat' dir='ltr'><strong>quartam</strong></span> <span class='ocrx_word' id='word_1_259' title='bbox 536 2355 619 2394; x_wconf 87' lang='lat' dir='ltr'><strong>suam</strong></span> <span class='ocrx_word' id='word_1_260' title='bbox 632 2334 732 2414; x_wconf 83' lang='lat' dir='ltr'><strong>ipsius,</strong></span> <span class='ocrx_word' id='word_1_261' title='bbox 745 2355 834 2415; x_wconf 87' lang='lat' dir='ltr'><strong>quarn</strong></span> <span class='ocrx_word' id='word_1_262' title='bbox 882 2336 960 2393; x_wconf 83' lang='lat' dir='ltr'><strong>mibi</strong></span> <span class='ocrx_word' id='word_1_263' title='bbox 973 2336 1080 2409; x_wconf 79' lang='lat' dir='ltr'><strong>facere</strong></span> <span class='ocrx_word' id='word_1_264' title='bbox 1095 2334 1222 2395; x_wconf 82' lang='lat' dir='ltr'><strong>bonum.</strong></span> <span class='ocrx_word' id='word_1_265' title='bbox 1238 2336 1349 2397; x_wconf 86' lang='lat' dir='ltr'><strong>Sensus</strong></span> <span class='ocrx_word' id='word_1_266' title='bbox 1360 2347 1423 2397; x_wconf 91' lang='lat' dir='ltr'><strong>est:</strong></span> <span class='ocrx_word' id='word_1_267' title='bbox 1437 2336 1578 2399; x_wconf 69' lang='lat' dir='ltr'><strong>Delectat</strong></span> 
     </span>
     <span class='ocr_line' id='line_1_25' title="bbox 139 2419 1576 2502; baseline 0.003 -20"><span class='ocrx_word' id='word_1_268' title='bbox 139 2431 169 2483; x_wconf 91' lang='lat' dir='ltr'><strong>et</strong></span> <span class='ocrx_word' id='word_1_269' title='bbox 184 2423 324 2482; x_wconf 85' lang='lat' dir='ltr'><strong>versione</strong></span> <span class='ocrx_word' id='word_1_270' title='bbox 339 2422 479 2500; x_wconf 87' lang='lat' dir='ltr'><strong>exprimit</strong></span> <span class='ocrx_word' id='word_1_271' title='bbox 495 2443 553 2481; x_wconf 90' lang='lat' dir='ltr'><strong>non</strong></span> <span class='ocrx_word' id='word_1_272' title='bbox 570 2419 709 2479; x_wconf 78' lang='lat' dir='ltr'><strong>serenda:</strong></span> <span class='ocrx_word' id='word_1_273' title='bbox 734 2423 834 2497; x_wconf 81' lang='lat' dir='ltr'><strong>Repe·</strong></span> <span class='ocrx_word' id='word_1_274' title='bbox 881 2440 930 2480; x_wconf 89' lang='lat' dir='ltr'><strong>me</strong></span> <span class='ocrx_word' id='word_1_275' title='bbox 945 2421 995 2479; x_wconf 89' lang='lat' dir='ltr'><strong>lex</strong></span> <span class='ocrx_word' id='word_1_276' title='bbox 1011 2420 1086 2493; x_wconf 80' lang='lat' dir='ltr'><strong>Dei,</strong></span> <span class='ocrx_word' id='word_1_277' title='bbox 1112 2429 1215 2501; x_wconf 87' lang='lat' dir='ltr'><strong>utpote</strong></span> <span class='ocrx_word' id='word_1_278' title='bbox 1231 2422 1282 2483; x_wconf 87' lang='lat' dir='ltr'><strong>lex</strong></span> <span class='ocrx_word' id='word_1_279' title='bbox 1297 2431 1418 2495; x_wconf 83' lang='lat' dir='ltr'><strong>sancta,</strong></span> <span class='ocrx_word' id='word_1_280' title='bbox 1439 2423 1527 2502; x_wconf 80' lang='lat' dir='ltr'><strong>justu</strong></span> <span class='ocrx_word' id='word_1_281' title='bbox 1549 2436 1576 2486; x_wconf 87' lang='lat' dir='ltr'><strong>et</strong></span> 
     </span>
     <span class='ocr_line' id='line_1_26' title="bbox 138 2506 1613 2591; baseline 0.003 -24"><span class='ocrx_word' id='word_1_282' title='bbox 138 2512 186 2569; x_wconf 81' lang='lat' dir='ltr'><strong>rio</strong></span> <span class='ocrx_word' id='word_1_283' title='bbox 209 2512 308 2584; x_wconf 64' lang='lat' dir='ltr'><strong>icitur</strong></span> <span class='ocrx_word' id='word_1_284' title='bbox 321 2526 382 2585; x_wconf 84' lang='lat' dir='ltr'><strong>per</strong></span> <span class='ocrx_word' id='word_1_285' title='bbox 407 2510 505 2582; x_wconf 67' lang='lat' dir='ltr'><strong>leuem</strong></span> <span class='ocrx_word' id='word_1_286' title='bbox 528 2518 582 2567; x_wconf 88' lang='lat' dir='ltr'><strong>etc.</strong></span> <span class='ocrx_word' id='word_1_287' title='bbox 615 2507 679 2566; x_wconf 90' lang='lat' dir='ltr'><strong>Nec</strong></span> <span class='ocrx_word' id='word_1_288' title='bbox 694 2527 766 2567; x_wconf 86' lang='lat' dir='ltr'><strong>vero</strong></span> <span class='ocrx_word' id='word_1_289' title='bbox 781 2508 832 2567; x_wconf 85' lang='lat' dir='ltr'><strong>nli·</strong></span> <span class='ocrx_word' id='word_1_290' title='bbox 881 2508 975 2580; x_wconf 78' lang='lat' dir='ltr'><strong>bone3</strong></span> <span class='ocrx_word' id='word_1_291' title='bbox 999 2506 1209 2575; x_wconf 83' lang='lat' dir='ltr'><strong>delectatme,</strong></span> <span class='ocrx_word' id='word_1_292' title='bbox 1234 2511 1373 2589; x_wconf 77' lang='lat' dir='ltr'><strong>inquam,</strong></span> <span class='ocrx_word' id='word_1_293' title='bbox 1395 2531 1457 2571; x_wconf 88' lang='lat' dir='ltr'><strong>non</strong></span> <span class='ocrx_word' id='word_1_294' title='bbox 1473 2514 1575 2591; x_wconf 82' lang='lat' dir='ltr'><strong>queris</strong></span> <span class='ocrx_word' id='word_1_295' title='bbox 1605 2518 1613 2527; x_wconf 95' lang='lat'>&#39;</span> 
     </span>
     <span class='ocr_line' id='line_1_27' title="bbox 137 2592 1576 2675; baseline 0.004 -22"><span class='ocrx_word' id='word_1_296' title='bbox 137 2605 184 2655; x_wconf 88' lang='lat' dir='ltr'><strong>ter</strong></span> <span class='ocrx_word' id='word_1_297' title='bbox 200 2595 342 2675; x_wconf 89' lang='lat' dir='ltr'><strong>expedire</strong></span> <span class='ocrx_word' id='word_1_298' title='bbox 357 2614 390 2653; x_wconf 87' lang='lat' dir='ltr'><strong>se</strong></span> <span class='ocrx_word' id='word_1_299' title='bbox 401 2605 514 2674; x_wconf 88' lang='lat' dir='ltr'><strong>potest,</strong></span> <span class='ocrx_word' id='word_1_300' title='bbox 528 2595 585 2654; x_wconf 90' lang='lat' dir='ltr'><strong>nisi</strong></span> <span class='ocrx_word' id='word_1_301' title='bbox 600 2592 726 2654; x_wconf 90' lang='lat' dir='ltr'><strong>Paulum</strong></span> <span class='ocrx_word' id='word_1_302' title='bbox 743 2594 835 2654; x_wconf 83' lang='lat' dir='ltr'><strong>faciut</strong></span> <span class='ocrx_word' id='word_1_303' title='bbox 882 2603 967 2673; x_wconf 86' lang='lat' dir='ltr'><strong>perte</strong></span> <span class='ocrx_word' id='word_1_304' title='bbox 980 2595 1046 2665; x_wconf 89' lang='lat' dir='ltr'><strong>mci,</strong></span> <span class='ocrx_word' id='word_1_305' title='bbox 1059 2593 1111 2653; x_wconf 86' lang='lat' dir='ltr'><strong>sed</strong></span> <span class='ocrx_word' id='word_1_306' title='bbox 1124 2594 1285 2654; x_wconf 90' lang='lat' dir='ltr'><strong>secundum</strong></span> <span class='ocrx_word' id='word_1_307' title='bbox 1299 2596 1449 2657; x_wconf 88' lang='lat' dir='ltr'><strong>bominem</strong></span> <span class='ocrx_word' id='word_1_308' title='bbox 1461 2597 1576 2659; x_wconf 78' lang='lat' dir='ltr'><strong>interio-</strong></span> 
     </span>
     <span class='ocr_line' id='line_1_28' title="bbox 137 2679 1576 2762; baseline 0.003 -21"><span class='ocrx_word' id='word_1_309' title='bbox 137 2681 350 2742; x_wconf 84' lang='lat' dir='ltr'><strong>balbutientem</strong></span> <span class='ocrx_word' id='word_1_310' title='bbox 361 2702 367 2754; x_wconf 84' lang='lat'><em>3</em></span> <span class='ocrx_word' id='word_1_311' title='bbox 383 2701 503 2760; x_wconf 90' lang='lat' dir='ltr'><strong>prorsus</strong></span> <span class='ocrx_word' id='word_1_312' title='bbox 518 2681 673 2741; x_wconf 87' lang='lat' dir='ltr'><strong>immerito.</strong></span> <span class='ocrx_word' id='word_1_313' title='bbox 882 2701 951 2751; x_wconf 86' lang='lat' dir='ltr'><strong>rem,</strong></span> <span class='ocrx_word' id='word_1_314' title='bbox 963 2679 993 2739; x_wconf 91' lang='lat' dir='ltr'><strong>id</strong></span> <span class='ocrx_word' id='word_1_315' title='bbox 1006 2691 1061 2752; x_wconf 84' lang='lat' dir='ltr'><strong>eet,</strong></span> <span class='ocrx_word' id='word_1_316' title='bbox 1074 2680 1239 2740; x_wconf 88' lang='lat' dir='ltr'><strong>secundum</strong></span> <span class='ocrx_word' id='word_1_317' title='bbox 1250 2692 1388 2755; x_wconf 83' lang='lat' dir='ltr'><strong>mentem,</strong></span> <span class='ocrx_word' id='word_1_318' title='bbox 1400 2703 1454 2743; x_wconf 88' lang='lat' dir='ltr'><strong>seu</strong></span> <span class='ocrx_word' id='word_1_319' title='bbox 1463 2693 1576 2762; x_wconf 76' lang='lat' dir='ltr'><strong>partem</strong></span> 
     </span>
     <span class='ocr_line' id='line_1_29' title="bbox 134 2767 1575 2851; baseline 0.001 -24"><span class='ocrx_word' id='word_1_320' title='bbox 134 2784 138 2791; x_wconf 67' lang='grc'><em>“</em></span> <span class='ocrx_word' id='word_1_321' title='bbox 181 2769 259 2827; x_wconf 85' lang='lat' dir='ltr'><strong>Nam</strong></span> <span class='ocrx_word' id='word_1_322' title='bbox 276 2767 341 2838; x_wconf 87' lang='lat' dir='ltr'><strong>boc,</strong></span> <span class='ocrx_word' id='word_1_323' title='bbox 357 2768 438 2847; x_wconf 88' lang='lat' dir='ltr'><strong>quod</strong></span> <span class='ocrx_word' id='word_1_324' title='bbox 454 2767 525 2842; x_wconf 83' lang='lat' dir='ltr'><strong>dixi,</strong></span> <span class='ocrx_word' id='word_1_325' title='bbox 538 2786 656 2828; x_wconf 90' lang='lat' dir='ltr'><strong>sensum</strong></span> <span class='ocrx_word' id='word_1_326' title='bbox 669 2768 759 2827; x_wconf 89' lang='lat' dir='ltr'><strong>habet</strong></span> <span class='ocrx_word' id='word_1_327' title='bbox 771 2768 833 2848; x_wconf 86' lang='lat' dir='ltr'><strong>pla·</strong></span> <span class='ocrx_word' id='word_1_328' title='bbox 882 2767 1110 2838; x_wconf 85' lang='lat' dir='ltr'><strong>intellectivam,</strong></span> <span class='ocrx_word' id='word_1_329' title='bbox 1131 2786 1210 2846; x_wconf 87' lang='lat' dir='ltr'><strong>quae</strong></span> <span class='ocrx_word' id='word_1_330' title='bbox 1237 2769 1295 2843; x_wconf 82' lang='lat' dir='ltr'><strong>jam</strong></span> <span class='ocrx_word' id='word_1_331' title='bbox 1312 2789 1366 2847; x_wconf 92' lang='lat' dir='ltr'><strong>per</strong></span> <span class='ocrx_word' id='word_1_332' title='bbox 1381 2768 1495 2831; x_wconf 78' lang='lat' dir='ltr'><strong>Christi</strong></span> <span class='ocrx_word' id='word_1_333' title='bbox 1511 2792 1575 2851; x_wconf 76' lang='lat' dir='ltr'><strong>gre·</strong></span> 
     </span>
     <span class='ocr_line' id='line_1_30' title="bbox 138 2853 1140 2935; baseline -0.003 -21"><span class='ocrx_word' id='word_1_334' title='bbox 138 2876 207 2915; x_wconf 87' lang='lat' dir='ltr'><strong>num</strong></span> <span class='ocrx_word' id='word_1_335' title='bbox 224 2863 254 2914; x_wconf 90' lang='lat' dir='ltr'><strong>et</strong></span> <span class='ocrx_word' id='word_1_336' title='bbox 265 2855 460 2934; x_wconf 84' lang='lat' dir='ltr'><strong>perspicuum,</strong></span> <span class='ocrx_word' id='word_1_337' title='bbox 475 2874 531 2915; x_wconf 90' lang='lat' dir='ltr'><strong>noc</strong></span> <span class='ocrx_word' id='word_1_338' title='bbox 546 2853 635 2914; x_wconf 91' lang='lat' dir='ltr'><strong>modo</strong></span> <span class='ocrx_word' id='word_1_339' title='bbox 651 2874 833 2935; x_wconf 87' lang='lat' dir='ltr'><strong>consequeu-</strong></span> <span class='ocrx_word' id='word_1_340' title='bbox 881 2854 952 2913; x_wconf 90' lang='lat' dir='ltr'><strong>tiam</strong></span> <span class='ocrx_word' id='word_1_341' title='bbox 968 2862 1072 2912; x_wconf 84' lang='lat' dir='ltr'><strong>saneta</strong></span> <span class='ocrx_word' id='word_1_342' title='bbox 1088 2864 1140 2912; x_wconf 88' lang='lat' dir='ltr'><strong>est.</strong></span> 
     </span>
     <span class='ocr_line' id='line_1_31' title="bbox 138 2939 1575 3024; baseline 0.003 -23"><span class='ocrx_word' id='word_1_343' title='bbox 138 2951 197 3001; x_wconf 84' lang='lat' dir='ltr'><strong>tern</strong></span> <span class='ocrx_word' id='word_1_344' title='bbox 213 2962 249 3002; x_wconf 89' lang='lat' dir='ltr'><strong>ex</strong></span> <span class='ocrx_word' id='word_1_345' title='bbox 265 2940 364 2999; x_wconf 86' lang='lat' dir='ltr'><strong>verbis</strong></span> <span class='ocrx_word' id='word_1_346' title='bbox 380 2943 514 3020; x_wconf 88' lang='lat' dir='ltr'><strong>proxime</strong></span> <span class='ocrx_word' id='word_1_347' title='bbox 529 2943 721 3020; x_wconf 81' lang='lat' dir='ltr'><strong>antegressis:</strong></span> <span class='ocrx_word' id='word_1_348' title='bbox 748 2943 833 3018; x_wconf 70' lang='lat' dir='ltr'><strong>onoc</strong></span> <span class='ocrx_word' id='word_1_349' title='bbox 923 2939 1099 2999; x_wconf 88' lang='lat' dir='ltr'><strong>Interiorem</strong></span> <span class='ocrx_word' id='word_1_350' title='bbox 1125 2942 1270 3002; x_wconf 90' lang='lat' dir='ltr'><strong>bominem</strong></span> <span class='ocrx_word' id='word_1_351' title='bbox 1296 2943 1477 3024; x_wconf 87' lang='lat' dir='ltr'><strong>interpretor</strong></span> <span class='ocrx_word' id='word_1_352' title='bbox 1502 2964 1575 3005; x_wconf 86' lang='lat' dir='ltr'><strong>men·</strong></span> 
     </span>
     <span class='ocr_line' id='line_1_32' title="bbox 138 3027 1576 3110; baseline 0.003 -23"><span class='ocrx_word' id='word_1_353' title='bbox 138 3029 261 3088; x_wconf 76' lang='lat' dir='ltr'><strong>habitat</strong></span> <span class='ocrx_word' id='word_1_354' title='bbox 274 3031 310 3086; x_wconf 87' lang='lat' dir='ltr'><strong>in</strong></span> <span class='ocrx_word' id='word_1_355' title='bbox 321 3045 371 3086; x_wconf 86' lang='lat' dir='ltr'><strong>mc</strong></span> <span class='ocrx_word' id='word_1_356' title='bbox 376 3035 552 3104; x_wconf 80' lang='lat' dir='ltr'><strong>peccatum,</strong></span> <span class='ocrx_word' id='word_1_357' title='bbox 565 3036 595 3089; x_wconf 87' lang='lat' dir='ltr'><strong>et</strong></span> <span class='ocrx_word' id='word_1_358' title='bbox 607 3030 741 3100; x_wconf 84' lang='lat' dir='ltr'><strong>coeteris,</strong></span> <span class='ocrx_word' id='word_1_359' title='bbox 756 3049 833 3110; x_wconf 86' lang='lat' dir='ltr'><strong>quae</strong></span> <span class='ocrx_word' id='word_1_360' title='bbox 880 3037 948 3099; x_wconf 86' lang='lat' dir='ltr'><strong>tem,</strong></span> <span class='ocrx_word' id='word_1_361' title='bbox 965 3048 1022 3086; x_wconf 91' lang='lat' dir='ltr'><strong>uon</strong></span> <span class='ocrx_word' id='word_1_362' title='bbox 1039 3036 1135 3086; x_wconf 90' lang='lat' dir='ltr'><strong>autem</strong></span> <span class='ocrx_word' id='word_1_363' title='bbox 1152 3027 1300 3088; x_wconf 91' lang='lat' dir='ltr'><strong>hominem</strong></span> <span class='ocrx_word' id='word_1_364' title='bbox 1322 3049 1437 3090; x_wconf 87' lang='lat' dir='ltr'><strong>novum</strong></span> <span class='ocrx_word' id='word_1_365' title='bbox 1460 3040 1515 3092; x_wconf 84' lang='lat' dir='ltr'><strong>aut</strong></span> <span class='ocrx_word' id='word_1_366' title='bbox 1536 3050 1576 3092; x_wconf 86' lang='lat' dir='ltr'><strong>re·</strong></span> 
     </span>
     <span class='ocr_line' id='line_1_33' title="bbox 136 3113 1576 3195; baseline 0.003 -20"><span class='ocrx_word' id='word_1_367' title='bbox 136 3114 340 3195; x_wconf 81' lang='lat' dir='ltr'><strong>praecedunt3</strong></span> <span class='ocrx_word' id='word_1_368' title='bbox 364 3135 467 3175; x_wconf 84' lang='lat' dir='ltr'><strong>rerum</strong></span> <span class='ocrx_word' id='word_1_369' title='bbox 490 3116 578 3175; x_wconf 86' lang='lat' dir='ltr'><strong>etiam</strong></span> <span class='ocrx_word' id='word_1_370' title='bbox 600 3134 687 3194; x_wconf 90' lang='lat' dir='ltr'><strong>quarn</strong></span> <span class='ocrx_word' id='word_1_371' title='bbox 704 3117 833 3175; x_wconf 82' lang='lat' dir='ltr'><strong>maxime</strong></span> <span class='ocrx_word' id='word_1_372' title='bbox 880 3122 1029 3173; x_wconf 77' lang='lat' dir='ltr'><strong>novatum.</strong></span> <span class='ocrx_word' id='word_1_373' title='bbox 1057 3113 1126 3173; x_wconf 90' lang='lat' dir='ltr'><strong>Non</strong></span> <span class='ocrx_word' id='word_1_374' title='bbox 1149 3117 1226 3175; x_wconf 92' lang='lat' dir='ltr'><strong>enim</strong></span> <span class='ocrx_word' id='word_1_375' title='bbox 1252 3116 1398 3194; x_wconf 80' lang='lat' dir='ltr'><strong>Apostolo</strong></span> <span class='ocrx_word' id='word_1_376' title='bbox 1425 3117 1508 3178; x_wconf 88' lang='lat' dir='ltr'><strong>idem</strong></span> <span class='ocrx_word' id='word_1_377' title='bbox 1533 3127 1576 3178; x_wconf 82' lang='lat' dir='ltr'><strong>ost</strong></span> 
     </span>
     <span class='ocr_line' id='line_1_34' title="bbox 139 3201 1575 3283; baseline 0.001 -21"><span class='ocrx_word' id='word_1_378' title='bbox 139 3209 350 3283; x_wconf 85' lang='lat' dir='ltr'><strong>congruentem</strong></span> <span class='ocrx_word' id='word_1_379' title='bbox 366 3222 431 3261; x_wconf 89' lang='lat' dir='ltr'><strong>cum</strong></span> <span class='ocrx_word' id='word_1_380' title='bbox 447 3203 496 3273; x_wconf 84' lang='lat' dir='ltr'><strong>iis,</strong></span> <span class='ocrx_word' id='word_1_381' title='bbox 518 3221 595 3283; x_wconf 90' lang='lat' dir='ltr'><strong>quae</strong></span> <span class='ocrx_word' id='word_1_382' title='bbox 618 3223 687 3262; x_wconf 90' lang='lat' dir='ltr'><strong>mox</strong></span> <span class='ocrx_word' id='word_1_383' title='bbox 710 3201 834 3282; x_wconf 89' lang='lat' dir='ltr'><strong>adjiciet</strong></span> <span class='ocrx_word' id='word_1_384' title='bbox 880 3201 968 3260; x_wconf 86' lang='lat' dir='ltr'><strong>homo</strong></span> <span class='ocrx_word' id='word_1_385' title='bbox 984 3202 1107 3259; x_wconf 89' lang='lat' dir='ltr'><strong>interior</strong></span> <span class='ocrx_word' id='word_1_386' title='bbox 1122 3212 1154 3260; x_wconf 90' lang='lat' dir='ltr'><strong>et</strong></span> <span class='ocrx_word' id='word_1_387' title='bbox 1166 3221 1269 3272; x_wconf 90' lang='lat' dir='ltr'><strong>novus,</strong></span> <span class='ocrx_word' id='word_1_388' title='bbox 1285 3209 1387 3263; x_wconf 89' lang='lat' dir='ltr'><strong>utnec</strong></span> <span class='ocrx_word' id='word_1_389' title='bbox 1400 3202 1481 3264; x_wconf 91' lang='lat' dir='ltr'><strong>idem</strong></span> <span class='ocrx_word' id='word_1_390' title='bbox 1493 3205 1575 3264; x_wconf 90' lang='lat' dir='ltr'><strong>homo</strong></span> 
     </span>
     <span class='ocr_line' id='line_1_35' title="bbox 137 3285 1576 3370; baseline 0.001 -21"><span class='ocrx_word' id='word_1_391' title='bbox 137 3289 193 3350; x_wconf 91' lang='lat' dir='ltr'><strong>hoo</strong></span> <span class='ocrx_word' id='word_1_392' title='bbox 209 3290 322 3370; x_wconf 87' lang='lat' dir='ltr'><strong>capite,</strong></span> <span class='ocrx_word' id='word_1_393' title='bbox 346 3296 375 3348; x_wconf 86' lang='lat' dir='ltr'><strong>et</strong></span> <span class='ocrx_word' id='word_1_394' title='bbox 399 3290 480 3349; x_wconf 89' lang='lat' dir='ltr'><strong>initio</strong></span> <span class='ocrx_word' id='word_1_395' title='bbox 504 3285 673 3370; x_wconf 77' lang='lat' dir='ltr'><strong>sequentis,</strong></span> <span class='ocrx_word' id='word_1_396' title='bbox 701 3289 739 3350; x_wconf 89' lang='lat' dir='ltr'><strong>de</strong></span> <span class='ocrx_word' id='word_1_397' title='bbox 763 3291 831 3369; x_wconf 87' lang='lat' dir='ltr'><strong>lege</strong></span> <span class='ocrx_word' id='word_1_398' title='bbox 881 3289 1010 3348; x_wconf 85' lang='lat' dir='ltr'><strong>exterior</strong></span> <span class='ocrx_word' id='word_1_399' title='bbox 1024 3298 1055 3347; x_wconf 91' lang='lat' dir='ltr'><strong>et</strong></span> <span class='ocrx_word' id='word_1_400' title='bbox 1069 3296 1166 3347; x_wconf 85' lang='lat' dir='ltr'><strong>vetus.</strong></span> <span class='ocrx_word' id='word_1_401' title='bbox 1181 3288 1260 3348; x_wconf 85' lang='lat' dir='ltr'><strong>Nam</strong></span> <span class='ocrx_word' id='word_1_402' title='bbox 1275 3297 1306 3349; x_wconf 90' lang='lat' dir='ltr'><strong>et</strong></span> <span class='ocrx_word' id='word_1_403' title='bbox 1321 3289 1352 3349; x_wconf 88' lang='lat' dir='ltr'><strong>in</strong></span> <span class='ocrx_word' id='word_1_404' title='bbox 1367 3292 1576 3370; x_wconf 86' lang='lat' dir='ltr'><strong>peccatoribus</strong></span> 
     </span>
     <span class='ocr_line' id='line_1_36' title="bbox 136 3374 1575 3457; baseline -0.001 -19"><span class='ocrx_word' id='word_1_405' title='bbox 136 3380 250 3457; x_wconf 85' lang='lat' dir='ltr'><strong>pecceti</strong></span> <span class='ocrx_word' id='word_1_406' title='bbox 266 3386 295 3437; x_wconf 89' lang='lat' dir='ltr'><strong>et</strong></span> <span class='ocrx_word' id='word_1_407' title='bbox 310 3377 516 3436; x_wconf 88' lang='lat' dir='ltr'><strong>membromrn.</strong></span> <span class='ocrx_word' id='word_1_408' title='bbox 538 3376 586 3436; x_wconf 77' lang='lat' dir='ltr'><strong>Ea</strong></span> <span class='ocrx_word' id='word_1_409' title='bbox 609 3378 686 3436; x_wconf 87' lang='lat' dir='ltr'><strong>enim</strong></span> <span class='ocrx_word' id='word_1_410' title='bbox 707 3377 759 3436; x_wconf 89' lang='lat' dir='ltr'><strong>lex</strong></span> <span class='ocrx_word' id='word_1_411' title='bbox 786 3386 832 3437; x_wconf 91' lang='lat' dir='ltr'><strong>est</strong></span> <span class='ocrx_word' id='word_1_412' title='bbox 881 3383 929 3435; x_wconf 91' lang='lat' dir='ltr'><strong>est</strong></span> <span class='ocrx_word' id='word_1_413' title='bbox 944 3376 1068 3435; x_wconf 88' lang='lat' dir='ltr'><strong>interior</strong></span> <span class='ocrx_word' id='word_1_414' title='bbox 1083 3374 1178 3447; x_wconf 87' lang='lat' dir='ltr'><strong>bomo,</strong></span> <span class='ocrx_word' id='word_1_415' title='bbox 1195 3375 1249 3435; x_wconf 90' lang='lat' dir='ltr'><strong>sed</strong></span> <span class='ocrx_word' id='word_1_416' title='bbox 1260 3375 1393 3437; x_wconf 89' lang='lat' dir='ltr'><strong>nondum</strong></span> <span class='ocrx_word' id='word_1_417' title='bbox 1405 3387 1575 3440; x_wconf 79' lang='lat' dir='ltr'><strong>renovams.</strong></span> 
     </span>
     <span class='ocr_line' id='line_1_37' title="bbox 135 3462 1575 3545; baseline -0.001 -21"><span class='ocrx_word' id='word_1_418' title='bbox 135 3466 230 3545; x_wconf 86' lang='lat' dir='ltr'><strong>ipsum</strong></span> <span class='ocrx_word' id='word_1_419' title='bbox 247 3466 277 3524; x_wconf 92' lang='lat' dir='ltr'><strong>iu</strong></span> <span class='ocrx_word' id='word_1_420' title='bbox 293 3462 379 3524; x_wconf 90' lang='lat' dir='ltr'><strong>nobis</strong></span> <span class='ocrx_word' id='word_1_421' title='bbox 395 3463 533 3522; x_wconf 75' lang='lat' dir='ltr'><strong>habitans</strong></span> <span class='ocrx_word' id='word_1_422' title='bbox 549 3472 714 3542; x_wconf 81' lang='lat' dir='ltr'><strong>peccatum,</strong></span> <span class='ocrx_word' id='word_1_423' title='bbox 731 3462 829 3535; x_wconf 87' lang='lat' dir='ltr'><strong>idest,</strong></span> <span class='ocrx_word' id='word_1_424' title='bbox 879 3462 915 3522; x_wconf 93' lang='lat' dir='ltr'><strong>In</strong></span> <span class='ocrx_word' id='word_1_425' title='bbox 935 3463 1028 3539; x_wconf 89' lang='lat' dir='ltr'><strong>justis</strong></span> <span class='ocrx_word' id='word_1_426' title='bbox 1043 3470 1144 3522; x_wconf 89' lang='lat' dir='ltr'><strong>autem</strong></span> <span class='ocrx_word' id='word_1_427' title='bbox 1161 3464 1283 3522; x_wconf 89' lang='lat' dir='ltr'><strong>interior</strong></span> <span class='ocrx_word' id='word_1_428' title='bbox 1297 3464 1386 3523; x_wconf 87' lang='lat' dir='ltr'><strong>horno</strong></span> <span class='ocrx_word' id='word_1_429' title='bbox 1409 3484 1477 3525; x_wconf 92' lang='lat' dir='ltr'><strong>cum</strong></span> <span class='ocrx_word' id='word_1_430' title='bbox 1501 3484 1575 3525; x_wconf 84' lang='lat' dir='ltr'><strong>noro</strong></span> 
     </span>
     <span class='ocr_line' id='line_1_38' title="bbox 135 3548 1575 3632; baseline 0.001 -21"><span class='ocrx_word' id='word_1_431' title='bbox 135 3552 385 3632; x_wconf 87' lang='lat' dir='ltr'><strong>concupiscentia.</strong></span> <span class='ocrx_word' id='word_1_432' title='bbox 878 3548 998 3607; x_wconf 89' lang='lat' dir='ltr'><strong>homine</strong></span> <span class='ocrx_word' id='word_1_433' title='bbox 1015 3548 1163 3607; x_wconf 87' lang='lat' dir='ltr'><strong>coincidit.</strong></span> <span class='ocrx_word' id='word_1_434' title='bbox 1186 3549 1209 3609; x_wconf 92' lang='lat' dir='ltr'><strong>J</strong></span> <span class='ocrx_word' id='word_1_435' title='bbox 1211 3560 1294 3608; x_wconf 82' lang='lat' dir='ltr'><strong>ustus</strong></span> <span class='ocrx_word' id='word_1_436' title='bbox 1313 3551 1406 3629; x_wconf 84' lang='lat' dir='ltr'><strong>igitur</strong></span> <span class='ocrx_word' id='word_1_437' title='bbox 1420 3551 1575 3612; x_wconf 82' lang='lat' dir='ltr'><strong>condelec-</strong></span> 
     </span>
     <span class='ocr_line' id='line_1_39' title="bbox 177 3635 1574 3716; baseline 0.001 -18"><span class='ocrx_word' id='word_1_438' title='bbox 177 3637 298 3698; x_wconf 89' lang='lat' dir='ltr'><strong>Dcinde</strong></span> <span class='ocrx_word' id='word_1_439' title='bbox 312 3638 402 3716; x_wconf 87' lang='lat' dir='ltr'><strong>hujus</strong></span> <span class='ocrx_word' id='word_1_440' title='bbox 424 3637 593 3696; x_wconf 88' lang='lat' dir='ltr'><strong>sententiae</strong></span> <span class='ocrx_word' id='word_1_441' title='bbox 609 3637 768 3715; x_wconf 80' lang='lat' dir='ltr'><strong>explicatio</strong></span> <span class='ocrx_word' id='word_1_442' title='bbox 786 3648 831 3697; x_wconf 88' lang='lat' dir='ltr'><strong>est</strong></span> <span class='ocrx_word' id='word_1_443' title='bbox 879 3643 960 3695; x_wconf 86' lang='lat' dir='ltr'><strong>tetur</strong></span> <span class='ocrx_word' id='word_1_444' title='bbox 976 3635 1035 3713; x_wconf 87' lang='lat' dir='ltr'><strong>legi</strong></span> <span class='ocrx_word' id='word_1_445' title='bbox 1050 3635 1111 3693; x_wconf 91' lang='lat' dir='ltr'><strong>Dei</strong></span> <span class='ocrx_word' id='word_1_446' title='bbox 1124 3635 1288 3695; x_wconf 88' lang='lat' dir='ltr'><strong>secundum</strong></span> <span class='ocrx_word' id='word_1_447' title='bbox 1300 3638 1475 3699; x_wconf 89' lang='lat' dir='ltr'><strong>interiorem</strong></span> <span class='ocrx_word' id='word_1_448' title='bbox 1487 3638 1574 3699; x_wconf 88' lang='lat' dir='ltr'><strong>hemi·</strong></span> 
     </span>
     <span class='ocr_line' id='line_1_40' title="bbox 132 3721 1575 3804; baseline 0 -20"><span class='ocrx_word' id='word_1_449' title='bbox 132 3734 234 3798; x_wconf 84' lang='lat' dir='ltr'><strong>toturn,</strong></span> <span class='ocrx_word' id='word_1_450' title='bbox 250 3723 331 3803; x_wconf 85' lang='lat' dir='ltr'><strong>quod</strong></span> <span class='ocrx_word' id='word_1_451' title='bbox 348 3724 488 3804; x_wconf 87' lang='lat' dir='ltr'><strong>sequitur,</strong></span> <span class='ocrx_word' id='word_1_452' title='bbox 500 3742 595 3804; x_wconf 89' lang='lat' dir='ltr'><strong>usque</strong></span> <span class='ocrx_word' id='word_1_453' title='bbox 611 3722 650 3781; x_wconf 89' lang='lat' dir='ltr'><strong>ad</strong></span> <span class='ocrx_word' id='word_1_454' title='bbox 666 3722 754 3782; x_wconf 91' lang='lat' dir='ltr'><strong>illud:</strong></span> <span class='ocrx_word' id='word_1_455' title='bbox 772 3725 829 3783; x_wconf 87' lang='lat' dir='ltr'><strong>In·</strong></span> <span class='ocrx_word' id='word_1_456' title='bbox 878 3742 955 3789; x_wconf 80' lang='lat' dir='ltr'><strong>nem,</strong></span> <span class='ocrx_word' id='word_1_457' title='bbox 971 3743 1030 3781; x_wconf 92' lang='lat' dir='ltr'><strong>non</strong></span> <span class='ocrx_word' id='word_1_458' title='bbox 1047 3721 1188 3799; x_wconf 83' lang='lat' dir='ltr'><strong>injustus.</strong></span> <span class='ocrx_word' id='word_1_459' title='bbox 1204 3722 1251 3781; x_wconf 89' lang='lat' dir='ltr'><strong>De</strong></span> <span class='ocrx_word' id='word_1_460' title='bbox 1268 3722 1370 3782; x_wconf 90' lang='lat' dir='ltr'><strong>horum</strong></span> <span class='ocrx_word' id='word_1_461' title='bbox 1387 3723 1575 3786; x_wconf 88' lang='lat' dir='ltr'><strong>distinctions</strong></span> 
     </span>
     <span class='ocr_line' id='line_1_41' title="bbox 129 3807 1574 3891; baseline 0 -19"><span class='ocrx_word' id='word_1_462' title='bbox 129 3812 211 3889; x_wconf 75' lang='lat' dir='ltr'><strong>felin</strong></span> <span class='ocrx_word' id='word_1_463' title='bbox 226 3830 281 3886; x_wconf 79' lang='lat' dir='ltr'><strong>epo</strong></span> <span class='ocrx_word' id='word_1_464' title='bbox 297 3815 406 3884; x_wconf 75' lang='lat' dir='ltr'><strong>bonae,</strong></span> <span class='ocrx_word' id='word_1_465' title='bbox 425 3811 570 3868; x_wconf 87' lang='lat' dir='ltr'><strong>utstatim</strong></span> <span class='ocrx_word' id='word_1_466' title='bbox 594 3810 717 3887; x_wconf 83' lang='lat' dir='ltr'><strong>patebit.</strong></span> <span class='ocrx_word' id='word_1_467' title='bbox 741 3810 829 3871; x_wconf 79' lang='lat' dir='ltr'><strong>Juste</strong></span> <span class='ocrx_word' id='word_1_468' title='bbox 880 3807 948 3867; x_wconf 84' lang='lat' dir='ltr'><strong>vide</strong></span> <span class='ocrx_word' id='word_1_469' title='bbox 963 3808 1053 3866; x_wconf 87' lang='lat' dir='ltr'><strong>etiam</strong></span> <span class='ocrx_word' id='word_1_470' title='bbox 1074 3808 1234 3887; x_wconf 85' lang='lat' dir='ltr'><strong>Hugoncm</strong></span> <span class='ocrx_word' id='word_1_471' title='bbox 1251 3809 1436 3870; x_wconf 89' lang='lat' dir='ltr'><strong>Victorinum</strong></span> <span class='ocrx_word' id='word_1_472' title='bbox 1458 3824 1574 3891; x_wconf 78' lang='lat' dir='ltr'><strong>quaest.</strong></span> 
     </span>
     <span class='ocr_line' id='line_1_42' title="bbox 130 3893 1576 4015; baseline 0.001 -59"><span class='ocrx_word' id='word_1_473' title='bbox 130 3900 224 3977; x_wconf 82' lang='lat' dir='ltr'><strong>igitur</strong></span> <span class='ocrx_word' id='word_1_474' title='bbox 238 3899 316 3958; x_wconf 88' lang='lat' dir='ltr'><strong>hunc</strong></span> <span class='ocrx_word' id='word_1_475' title='bbox 332 3917 449 3956; x_wconf 86' lang='lat' dir='ltr'><strong>sonsum</strong></span> <span class='ocrx_word' id='word_1_476' title='bbox 465 3895 620 3974; x_wconf 89' lang='lat' dir='ltr'><strong>amplexus</strong></span> <span class='ocrx_word' id='word_1_477' title='bbox 636 3905 682 3954; x_wconf 90' lang='lat' dir='ltr'><strong>est</strong></span> <span class='ocrx_word' id='word_1_478' title='bbox 703 3897 749 3955; x_wconf 80' lang='lat' dir='ltr'><strong>Fr.</strong></span> <span class='ocrx_word' id='word_1_479' title='bbox 768 3898 827 3956; x_wconf 80' lang='grc' dir='ltr'><strong>Το-</strong></span> <span class='ocrx_word' id='word_1_480' title='bbox 852 3926 855 4015; x_wconf 57' lang='lat' dir='ltr'><strong>p</strong></span> <span class='ocrx_word' id='word_1_481' title='bbox 880 3895 948 3953; x_wconf 80' lang='lat'>158.</span> <span class='ocrx_word' id='word_1_482' title='bbox 968 3902 998 3952; x_wconf 91' lang='lat' dir='ltr'><strong>et</strong></span> <span class='ocrx_word' id='word_1_483' title='bbox 1015 3893 1084 3954; x_wconf 83' lang='lat'>159.</span> <span class='ocrx_word' id='word_1_484' title='bbox 1098 3894 1140 3953; x_wconf 83' lang='lat' dir='ltr'><strong>Et</strong></span> <span class='ocrx_word' id='word_1_485' title='bbox 1155 3914 1209 3953; x_wconf 93' lang='lat' dir='ltr'><strong>nos</strong></span> <span class='ocrx_word' id='word_1_486' title='bbox 1225 3895 1355 3974; x_wconf 85' lang='lat' dir='ltr'><strong>amplius</strong></span> <span class='ocrx_word' id='word_1_487' title='bbox 1384 3896 1503 3978; x_wconf 87' lang='lat' dir='ltr'><strong>aliquid</strong></span> <span class='ocrx_word' id='word_1_488' title='bbox 1519 3897 1576 3959; x_wconf 92' lang='lat' dir='ltr'><strong>dic·</strong></span> 
     </span>
     <span class='ocr_line' id='line_1_43' title="bbox 130 3979 1577 4064; baseline 0.002 -22"><span class='ocrx_word' id='word_1_489' title='bbox 130 3984 206 4045; x_wconf 86' lang='lat' dir='ltr'><strong>letus</strong></span> <span class='ocrx_word' id='word_1_490' title='bbox 221 3995 289 4064; x_wconf 88' lang='lat' dir='ltr'><strong>post</strong></span> <span class='ocrx_word' id='word_1_491' title='bbox 304 3992 370 4044; x_wconf 90' lang='lat' dir='ltr'><strong>octo</strong></span> <span class='ocrx_word' id='word_1_492' title='bbox 387 3983 461 4042; x_wconf 84' lang='lat' dir='ltr'><strong>alins</strong></span> <span class='ocrx_word' id='word_1_493' title='bbox 476 3982 599 4041; x_wconf 87' lang='lat' dir='ltr'><strong>aliorum</strong></span> <span class='ocrx_word' id='word_1_494' title='bbox 623 3983 827 4062; x_wconf 86' lang='lat' dir='ltr'><strong>expositiones</strong></span> <span class='ocrx_word' id='word_1_495' title='bbox 877 3982 934 4039; x_wconf 91' lang='lat' dir='ltr'><strong>turi</strong></span> <span class='ocrx_word' id='word_1_496' title='bbox 950 3999 1050 4039; x_wconf 87' lang='lat' dir='ltr'><strong>sumus</strong></span> <span class='ocrx_word' id='word_1_497' title='bbox 1065 3979 1104 4038; x_wconf 87' lang='lat' dir='ltr'><strong>ed</strong></span> <span class='ocrx_word' id='word_1_498' title='bbox 1120 3980 1193 4040; x_wconf 88' lang='lat' dir='ltr'><strong>illud</strong></span> <span class='ocrx_word' id='word_1_499' title='bbox 1211 3982 1229 4038; x_wconf 81' lang='lat'><strong>2</strong></span> <span class='ocrx_word' id='word_1_500' title='bbox 1253 3979 1389 4041; x_wconf 84' lang='lat' dir='ltr'><strong>Corinth.</strong></span> <span class='ocrx_word' id='word_1_501' title='bbox 1415 3986 1464 4043; x_wconf 81' lang='lat'><strong>4.:</strong></span> <span class='ocrx_word' id='word_1_502' title='bbox 1494 3986 1577 4045; x_wconf 71' lang='lat' dir='ltr'><strong>Lon</strong></span> 
     </span>
     <span class='ocr_line' id='line_1_44' title="bbox 130 4068 1575 4148; baseline 0 -19"><span class='ocrx_word' id='word_1_503' title='bbox 130 4070 233 4131; x_wconf 86' lang='lat' dir='ltr'><strong>ordine</strong></span> <span class='ocrx_word' id='word_1_504' title='bbox 248 4073 411 4132; x_wconf 84' lang='lat' dir='ltr'><strong>recensitas</strong></span> <span class='ocrx_word' id='word_1_505' title='bbox 427 4079 456 4128; x_wconf 85' lang='lat' dir='ltr'><strong>ot</strong></span> <span class='ocrx_word' id='word_1_506' title='bbox 468 4068 664 4147; x_wconf 56' lang='lat' dir='ltr'><strong>improbatam</strong></span> <span class='ocrx_word' id='word_1_507' title='bbox 682 4070 753 4129; x_wconf 88' lang='lat' dir='ltr'><strong>licet</strong></span> <span class='ocrx_word' id='word_1_508' title='bbox 768 4091 826 4130; x_wconf 89' lang='lat' dir='ltr'><strong>non</strong></span> <span class='ocrx_word' id='word_1_509' title='bbox 851 4084 853 4129; x_wconf 65' lang='grc' dir='ltr'>ι</span> <span class='ocrx_word' id='word_1_510' title='bbox 877 4069 913 4140; x_wconf 80' lang='lat' dir='ltr'><strong>ic,</strong></span> <span class='ocrx_word' id='word_1_511' title='bbox 930 4070 985 4142; x_wconf 77' lang='lat' dir='ltr'><strong>qni</strong></span> <span class='ocrx_word' id='word_1_512' title='bbox 997 4068 1081 4143; x_wconf 73' lang='lat' dir='ltr'><strong>foris</strong></span> <span class='ocrx_word' id='word_1_513' title='bbox 1097 4075 1149 4142; x_wconf 82' lang='lat' dir='ltr'><strong>cst,</strong></span> <span class='ocrx_word' id='word_1_514' title='bbox 1167 4075 1273 4129; x_wconf 83' lang='lat' dir='ltr'><strong>noster</strong></span> <span class='ocrx_word' id='word_1_515' title='bbox 1287 4069 1381 4129; x_wconf 83' lang='lat' dir='ltr'><strong>bomo</strong></span> <span class='ocrx_word' id='word_1_516' title='bbox 1394 4073 1575 4148; x_wconf 82' lang='lat' dir='ltr'><strong>corrumpi·</strong></span> 
     </span>
     <span class='ocr_line' id='line_1_45' title="bbox 130 4144 1575 4236; baseline 0 -21"><span class='ocrx_word' id='word_1_517' title='bbox 130 4157 160 4216; x_wconf 95' lang='lat' dir='ltr'><strong>in</strong></span> <span class='ocrx_word' id='word_1_518' title='bbox 175 4178 305 4236; x_wconf 85' lang='lat' dir='ltr'><strong>persone</strong></span> <span class='ocrx_word' id='word_1_519' title='bbox 322 4158 447 4217; x_wconf 84' lang='lat' dir='ltr'><strong>bominis</strong></span> <span class='ocrx_word' id='word_1_520' title='bbox 467 4155 558 4232; x_wconf 85' lang='lat' dir='ltr'><strong>justi,</strong></span> <span class='ocrx_word' id='word_1_521' title='bbox 586 4153 639 4213; x_wconf 88' lang='lat' dir='ltr'><strong>sed</strong></span> <span class='ocrx_word' id='word_1_522' title='bbox 663 4159 826 4235; x_wconf 80' lang='lat' dir='ltr'><strong>peccatoris</strong></span> <span class='ocrx_word' id='word_1_523' title='bbox 850 4144 853 4199; x_wconf 72' lang='grc' dir='ltr'><strong><em>Ῑ</em></strong></span> <span class='ocrx_word' id='word_1_524' title='bbox 876 4161 939 4228; x_wconf 77' lang='lat' dir='ltr'><strong>tur,</strong></span> <span class='ocrx_word' id='word_1_525' title='bbox 958 4160 1066 4213; x_wconf 82' lang='lat' dir='ltr'><strong>tomen</strong></span> <span class='ocrx_word' id='word_1_526' title='bbox 1088 4156 1299 4230; x_wconf 62' lang='lat' dir='ltr'><strong>inquientes</strong></span> <span class='ocrx_word' id='word_1_527' title='bbox 1318 4162 1372 4231; x_wconf 82' lang='lat' dir='ltr'><strong>cst,</strong></span> <span class='ocrx_word' id='word_1_528' title='bbox 1397 4166 1575 4218; x_wconf 81' lang='lat' dir='ltr'><strong>renovetur</strong></span> 
     </span>
     <span class='ocr_line' id='line_1_46' title="bbox 129 4224 1575 4323; baseline 0.001 -22"><span class='ocrx_word' id='word_1_529' title='bbox 129 4243 270 4322; x_wconf 85' lang='lat' dir='ltr'><strong>sublege</strong></span> <span class='ocrx_word' id='word_1_530' title='bbox 291 4245 445 4304; x_wconf 86' lang='lat' dir='ltr'><strong>constituti</strong></span> <span class='ocrx_word' id='word_1_531' title='bbox 469 4238 561 4320; x_wconf 88' lang='lat' dir='ltr'><strong>(quod</strong></span> <span class='ocrx_word' id='word_1_532' title='bbox 578 4261 636 4300; x_wconf 95' lang='lat' dir='ltr'><strong>non</strong></span> <span class='ocrx_word' id='word_1_533' title='bbox 652 4242 825 4323; x_wconf 83' lang='lat' dir='ltr'><strong>probamus)</strong></span> <span class='ocrx_word' id='word_1_534' title='bbox 850 4224 852 4293; x_wconf 88' lang='lat' dir='ltr'><strong>l</strong></span> <span class='ocrx_word' id='word_1_535' title='bbox 875 4240 981 4299; x_wconf 84' lang='lat' dir='ltr'><strong>dedic</strong></span> <span class='ocrx_word' id='word_1_536' title='bbox 1001 4243 1036 4299; x_wconf 89' lang='lat' dir='ltr'><strong>in</strong></span> <span class='ocrx_word' id='word_1_537' title='bbox 1061 4241 1151 4299; x_wconf 82' lang='lat' dir='ltr'><strong>diem.</strong></span> <span class='ocrx_word' id='word_1_538' title='bbox 1176 4242 1314 4302; x_wconf 86' lang='lat' dir='ltr'><strong>Hominis</strong></span> <span class='ocrx_word' id='word_1_539' title='bbox 1337 4244 1500 4304; x_wconf 77' lang='lat' dir='ltr'><strong>exterioris</strong></span> <span class='ocrx_word' id='word_1_540' title='bbox 1521 4244 1575 4305; x_wconf 88' lang='lat' dir='ltr'><strong>lroc</strong></span> 
     </span>
     <span class='ocr_line' id='line_1_47' title="bbox 128 4312 1573 4410; baseline 0.001 -22"><span class='ocrx_word' id='word_1_541' title='bbox 128 4329 185 4388; x_wconf 90' lang='lat' dir='ltr'><strong>hoc</strong></span> <span class='ocrx_word' id='word_1_542' title='bbox 201 4351 218 4389; x_wconf 88' lang='lat' dir='ltr'><strong>a</strong></span> <span class='ocrx_word' id='word_1_543' title='bbox 234 4330 329 4389; x_wconf 85' lang='lat' dir='ltr'><strong>Paulo</strong></span> <span class='ocrx_word' id='word_1_544' title='bbox 357 4331 468 4390; x_wconf 87' lang='lat' dir='ltr'><strong>dictum</strong></span> <span class='ocrx_word' id='word_1_545' title='bbox 485 4328 572 4399; x_wconf 78' lang='lat' dir='ltr'><strong>velit,</strong></span> <span class='ocrx_word' id='word_1_546' title='bbox 600 4336 633 4387; x_wconf 88' lang='lat' dir='ltr'><strong>ut</strong></span> <span class='ocrx_word' id='word_1_547' title='bbox 656 4337 683 4388; x_wconf 91' lang='lat' dir='ltr'><strong>et</strong></span> <span class='ocrx_word' id='word_1_548' title='bbox 707 4337 826 4390; x_wconf 83' lang='lat' dir='ltr'><strong>caetera</strong></span> <span class='ocrx_word' id='word_1_549' title='bbox 849 4312 852 4363; x_wconf 60' lang='lat' dir='ltr'><strong>i</strong></span> <span class='ocrx_word' id='word_1_550' title='bbox 875 4327 902 4385; x_wconf 90' lang='lat' dir='ltr'><strong>in</strong></span> <span class='ocrx_word' id='word_1_551' title='bbox 919 4328 985 4386; x_wconf 89' lang='lat' dir='ltr'><strong>loco</strong></span> <span class='ocrx_word' id='word_1_552' title='bbox 998 4348 1057 4386; x_wconf 90' lang='lat' dir='ltr'><strong>non</strong></span> <span class='ocrx_word' id='word_1_553' title='bbox 1069 4327 1102 4386; x_wconf 84' lang='lat' dir='ltr'><strong>fit</strong></span> <span class='ocrx_word' id='word_1_554' title='bbox 1113 4330 1357 4407; x_wconf 80' lang='lat' dir='ltr'><strong>apertementi03</strong></span> <span class='ocrx_word' id='word_1_555' title='bbox 1373 4329 1428 4390; x_wconf 89' lang='lat' dir='ltr'><strong>sed</strong></span> <span class='ocrx_word' id='word_1_556' title='bbox 1441 4351 1481 4391; x_wconf 91' lang='lat' dir='ltr'><strong>ex</strong></span> <span class='ocrx_word' id='word_1_557' title='bbox 1492 4339 1573 4410; x_wconf 70' lang='lat' dir='ltr'><strong>perte</strong></span> 
     </span>
     <span class='ocr_line' id='line_1_48' title="bbox 128 4413 1572 4497; baseline 0.001 -23"><span class='ocrx_word' id='word_1_558' title='bbox 128 4415 218 4493; x_wconf 90' lang='lat' dir='ltr'><strong>hujus</strong></span> <span class='ocrx_word' id='word_1_559' title='bbox 229 4416 295 4475; x_wconf 86' lang='lat' dir='ltr'><strong>loci.</strong></span> <span class='ocrx_word' id='word_1_560' title='bbox 848 4420 850 4443; x_wconf 86' lang='lat'><strong>¹</strong></span> <span class='ocrx_word' id='word_1_561' title='bbox 874 4413 1004 4491; x_wconf 89' lang='lat' dir='ltr'><strong>quadam</strong></span> <span class='ocrx_word' id='word_1_562' title='bbox 1020 4415 1207 4492; x_wconf 86' lang='lat' dir='ltr'><strong>significatur</strong></span> <span class='ocrx_word' id='word_1_563' title='bbox 1218 4433 1272 4493; x_wconf 85' lang='lat' dir='ltr'><strong>per</strong></span> <span class='ocrx_word' id='word_1_564' title='bbox 1283 4415 1365 4488; x_wconf 92' lang='lat' dir='ltr'><strong>illud,</strong></span> <span class='ocrx_word' id='word_1_565' title='bbox 1382 4416 1467 4495; x_wconf 84' lang='lat' dir='ltr'><strong>quod</strong></span> <span class='ocrx_word' id='word_1_566' title='bbox 1480 4419 1572 4497; x_wconf 87' lang='lat' dir='ltr'><strong>sequi·</strong></span> 
     </span>
     <span class='ocr_line' id='line_1_49' title="bbox 169 4501 1244 4576; baseline -0.001 -16"><span class='ocrx_word' id='word_1_567' title='bbox 169 4502 357 4562; x_wconf 85' lang='lat' dir='ltr'><strong>Vocabulum</strong></span> <span class='ocrx_word' id='word_1_568' title='bbox 386 4505 461 4576; x_wconf 77' lang='lat' dir='ltr'><strong>lepis</strong></span> <span class='ocrx_word' id='word_1_569' title='bbox 488 4503 517 4561; x_wconf 89' lang='lat' dir='ltr'><strong>in</strong></span> <span class='ocrx_word' id='word_1_570' title='bbox 544 4501 591 4560; x_wconf 90' lang='lat' dir='ltr'><strong>bis</strong></span> <span class='ocrx_word' id='word_1_571' title='bbox 606 4505 760 4562; x_wconf 83' lang='lat' dir='ltr'><strong>sententiis</strong></span> <span class='ocrx_word' id='word_1_572' title='bbox 776 4523 822 4563; x_wconf 81' lang='lat' dir='ltr'><strong>ca·</strong></span> <span class='ocrx_word' id='word_1_573' title='bbox 874 4507 930 4571; x_wconf 87' lang='lat' dir='ltr'><strong>tur,</strong></span> <span class='ocrx_word' id='word_1_574' title='bbox 946 4503 980 4559; x_wconf 87' lang='lat' dir='ltr'><strong>in</strong></span> <span class='ocrx_word' id='word_1_575' title='bbox 996 4501 1145 4559; x_wconf 80' lang='lat' dir='ltr'><strong>membris</strong></span> <span class='ocrx_word' id='word_1_576' title='bbox 1162 4505 1244 4561; x_wconf 71' lang='lat' dir='ltr'><strong>ineis.</strong></span> 
     </span>
     <span class='ocr_line' id='line_1_50' title="bbox 125 4578 1572 4669; baseline 0.003 -24"><span class='ocrx_word' id='word_1_577' title='bbox 125 4588 253 4649; x_wconf 87' lang='lat' dir='ltr'><strong>tacbresi</strong></span> <span class='ocrx_word' id='word_1_578' title='bbox 269 4588 397 4669; x_wconf 80' lang='lat' dir='ltr'><strong>quodam</strong></span> <span class='ocrx_word' id='word_1_579' title='bbox 421 4587 592 4649; x_wconf 90' lang='lat' dir='ltr'><strong>extenditur</strong></span> <span class='ocrx_word' id='word_1_580' title='bbox 614 4589 651 4648; x_wconf 85' lang='lat' dir='ltr'><strong>ad</strong></span> <span class='ocrx_word' id='word_1_581' title='bbox 676 4588 705 4648; x_wconf 90' lang='lat' dir='ltr'><strong>id</strong></span> <span class='ocrx_word' id='word_1_582' title='bbox 728 4610 823 4663; x_wconf 92' lang='lat' dir='ltr'><strong>omne,</strong></span> <span class='ocrx_word' id='word_1_583' title='bbox 847 4578 849 4591; x_wconf 81' lang='lat'>&#39;</span> <span class='ocrx_word' id='word_1_584' title='bbox 917 4588 965 4645; x_wconf 80' lang='lat'><strong>23.</strong></span> <span class='ocrx_word' id='word_1_585' title='bbox 992 4587 1203 4647; x_wconf 83' lang='lat' dir='ltr'><strong>Vidcoantcnr</strong></span> <span class='ocrx_word' id='word_1_586' title='bbox 1216 4588 1572 4664; x_wconf 72' lang='lat' dir='ltr'><strong>aliamlcpcminmcm·</strong></span> 
     </span>
     <span class='ocr_line' id='line_1_51' title="bbox 124 4672 1570 4758; baseline 0.005 -26"><span class='ocrx_word' id='word_1_587' title='bbox 124 4674 205 4753; x_wconf 90' lang='lat' dir='ltr'><strong>qnod</strong></span> <span class='ocrx_word' id='word_1_588' title='bbox 222 4684 268 4735; x_wconf 88' lang='lat' dir='ltr'><strong>est</strong></span> <span class='ocrx_word' id='word_1_589' title='bbox 283 4679 425 4735; x_wconf 84' lang='lat' dir='ltr'><strong>motivum</strong></span> <span class='ocrx_word' id='word_1_590' title='bbox 442 4686 473 4736; x_wconf 92' lang='lat' dir='ltr'><strong>et</strong></span> <span class='ocrx_word' id='word_1_591' title='bbox 488 4677 709 4735; x_wconf 82' lang='lat' dir='ltr'><strong>incitamentum</strong></span> <span class='ocrx_word' id='word_1_592' title='bbox 722 4678 822 4758; x_wconf 89' lang='lat' dir='ltr'><strong>operis</strong></span> <span class='ocrx_word' id='word_1_593' title='bbox 845 4682 848 4749; x_wconf 70' lang='lat' dir='ltr'><strong>l</strong></span> <span class='ocrx_word' id='word_1_594' title='bbox 873 4672 935 4732; x_wconf 79' lang='lat' dir='ltr'><strong>bris</strong></span> <span class='ocrx_word' id='word_1_595' title='bbox 950 4676 1033 4734; x_wconf 84' lang='lat' dir='ltr'><strong>meis.</strong></span> <span class='ocrx_word' id='word_1_596' title='bbox 1046 4673 1190 4734; x_wconf 87' lang='lat' dir='ltr'><strong>Declarat</strong></span> <span class='ocrx_word' id='word_1_597' title='bbox 1205 4673 1298 4736; x_wconf 90' lang='lat' dir='ltr'><strong>illud:</strong></span> <span class='ocrx_word' id='word_1_598' title='bbox 1311 4676 1570 4757; x_wconf 72' lang='lat' dir='ltr'><strong>inueniolcpcm,</strong></span> 
     </span>
    </p>
   </div>
   <div class='ocr_carea' id='block_1_3' title="bbox 0 0 1638 5190">
    <p class='ocr_par' dir='ltr' id='par_1_3' title="bbox 0 0 1638 5190">
     <span class='ocr_line' id='line_1_52' title="bbox 0 0 1638 5190; baseline 0 0"><span class='ocrx_word' id='word_1_599' title='bbox 0 0 1638 5190; x_wconf 95' lang='lat' dir='ltr'><strong> </strong></span> 
     </span>
    </p>
   </div>
  </div>
 </body>
</html>
