3254 5190
128 272 211 375 sii
620 270 1105 352 commemoremini-u
1130 272 1189 319 *u

126 477 206 537 centi
225 470 257 536 in'
272 466 446 548 iudaeam,
483 492 520 535 ac
542 468 685 557 deinceps
705 469 744 540 ln*
760 474 826 554 ipsa
891 468 1078 534 ·=‘0sslemm
1099 464 1183 531 mss
1199 467 1353 530 hoc-'loco'
1368 475 1526 529 'maome
1543 476 1574 528 es

125 560 150 623 J
152 555 264 635 aises,
284 560 387 622 Lucas
399 562 517 623 itineris
539 562 604 641 ejus
627 561 728 623 socius
741 558 825 621 lucu·
874 578 1047 641 quaereres
1063 558 1097 620 el
1119 556 1238 618 Pauus
1260 556 1405 636 implorat
1419 557 1575 616 omnes

125 648 224 710 lenter
239 649 363 729 exponit
376 648 443 708 Act.
459 650 511 710 20.
528 668 593 729 cap.
609 656 640 710 et
654 650 684 707 in
695 648 762 709 aliis
777 665 823 708 se·
873 647 1074 707 Romanorum
1087 643 1222 704 fidelium
1231 660 1286 722 pro
1296 636 1511 717 sealiDenm
1524 652 1576 701 our

127 733 300 816 quentibns.
324 735 362 796 In
379 754 439 816 quo
455 754 520 815 cap.
535 734 584 799 20.
596 730 718 816 legum,
729 734 825 794 iactas
873 752 935 794 non
948 733 1092 795 vicissim
1111 748 1148 790 sc
1169 728 1457 791 similiterllomani
1471 727 1576 808 impio

127 822 158 901 ei
172 822 268 883 fuisse
282 820 406 882 insidias
422 843 441 882 a
453 818 479 883 J
477 818 582 885 ndseis
596 823 778 903 navigaturo
793 823 825 882 in
874 829 942 882 rent
956 821 1106 882 orationes
1121 814 1232 893 Paulli
1246 815 1328 895 Elei
1341 815 1435 897 essu
1448 812 1577 875 sireniis

126 908 262 989 Syriam:
277 900 429 984 videlicet,
445 902 587 984 arbitror,
601 929 662 970 non
673 910 776 984 solum,
791 915 826 967 nt
874 909 905 969 in
920 906 978 968 hec
991 924 1082 968 earne
1092 902 1232 980 mensu,
1254 920 1310 963 cur
1329 902 1391 962 neu
1415 902 1511 963 etism
1524 901 1576 961 hae

126 997 225 1076 ipsum
239 994 452 1075 interciperent
467 1002 498 1056 et
508 993 699 1069 ¹o'ccisierent,
720 1004 824 1055 verum
873 986 1575 1073 mortaliiiie'exuffllregnsnllseumolsrisioi

126 1078 227 1155 etiem,
254 1090 297 1142 utv
311 1084 487 1163 pecuniam,
513 1098 605 1163 quam
622 1103 641 1143 s
663 1080 825 1163 gentilibus
875 1078 1005 1161 Quodsi
1021 1082 1052 1141 in
1064 1079 1163 1160 primo
1178 1075 1453 1140 nullaesronmsl
1466 1074 1575 1136 nesib·

126 1169 285 1229 collectam
307 1166 467 1229 deferebat
486 1168 747 1253 Hierosolymam,
773 1186 825 1229 su·
873 1164 1094 1246 torie‘injuries
1114 1170 1197 1227 ce'rte
1210 1165 1313 1226 nec'irl
1326 1163 1445 1224 ultimo.
1472 1163 1573 1241 113*

125 1254 247 1316 ferrent.
284 1252 394 1336 Neque
414 1256 492 1316 enim
514 1274 564 1317 res
584 1248 681 1317 latere
696 1263 826 1337 poterat,
873 1261 1006 1332 mentum
1028 1252 1243 1314 validissimum
1263 1249 1413 1311 ιθνουιιι
1434 1249 1573 1309 muris·

126 1362 206 1423 quae
221 1341 343 1423 publice
357 1362 413 1423 per
428 1342 572 1405 ecclesias
587 1343 756 1422 gerebatur.
874 1338 1035 1403 ecclesiam
1046 1339 1224 1402 catholicam
1240 1337 1481 1411 eslunmieeses,
1496 1332 1572 1416 quoi

139 1482 142 1497 .
169 1430 213 1491 El
235 1428 376 1506 obsequii
395 1430 457 1489 mel
471 1428 599 1490 ‘oblrslio
622 1436 752 1507 accepta
766 1428 826 1509 flat
874 1427 1040 1489 invocando·
1067 1435 1201 1500 sanctos,
1226 1428 1262 1485 ul
1283 1425 1386 1484 Deum
1400 1434 1465 1503 'psa
1480 1421 1577 1507 'now-

125 1520 161 1577 s'n
173 1516 357 1581 Jerusalem
372 1508 498 1578 aarum.
530 1516 619 1576 Multi
628 1508 721 1577 uss:
745 1515 824 1576 eodl-
875 1524 975 1587 orent,
987 1517 1050 1576 ‘uni
1064 1512 1222 1575 mediatori
1235 1509 1520 1593 (llsmsteinjulum
1533 1506 1570 1568 ia

126 1622 177 1664 ces
192 1605 250 1677 hoo
263 1602 352 1664 modo
368 1613 400 1664 et
415 1600 521 1665 ordine
536 1602 656 1684 legunt:
679 1604 723 1667 El
738 1602 825 1664 obse·
874 1602 943 1663 cist.
973 1603 1014 1662 Et
1036 1601 1160 1683 quidem
1174 1599 1290 1660 Paulus
1311 1597 1460 1678 frenum
1484 1595 1569 1656 estin

126 1690 195 1768 quii
216 1694 279 1750 mes·
301 1692 419 1752 oblatio
441 1695 476 1752 irs
492 1684 746 1766 Hierosolymam
770 1708 825 1750 ac·
874 1689 1047 1768 hujusmodi
1061 1687 1214 1768 petiliane,
1229 1695 1265 1747 nt
1274 1686 1390 1766 Ephen
1401 1686 1447 1758 6.,·
1456 1679 1568 1752 eale

126 1784 216 1855 cepta
230 1780 428 1859 persancte.
452 1779 571 1842 Graeca
585 1778 757 1852 eishabent,
772 1769 825 1839 καὶ
854 1788 859 1795 “
877 1781 892 1837 1
907 1774 1016 1837 Thess.
1033 1775 1076 1850 6.,
1099 1774 1242 1836 2'Phess.
1258 1774 1304 1846 3.,
1325 1771 1408 1832 Iseo.
1425 1771 1476 1831 13.
1492 1766 1567 1831 ersi

125 1859 181 1930 ἵνα
196 1862 216 1949 ἡ
233 1864 371 1929 διακονία
383 1861 473 1949 paui]
487 1862 534 1939 εἰς
546 1855 756 1953 Ἰερουσαλὴμ,
769 1872 825 1929 etc.
874 1863 1090 1926 Philemonem.
1295 1871 1298 1877 '
1359 1874 1371 1890 ·‘
1457 1886 1460 1891 ·
1488 1892 1491 1897 ,

125 1957 170 2017 st
190 1960 234 2018 ut‘
249 1960 463 2019 ministerium
484 1977 604 2034 meum,
631 1959 825 2039 quodecim
918 1952 968 2019 32.
998 1950 1242 2023 moereamus
1255 1976 1312 2019 vos
1325 1955 1511 2035 iis'yaurlic
1536 1946 1567 2006 Ul

125 2044 398 2121 Hierosolymam,
428 2048 592 2122 aeeepmm
618 2048 676 2127 {lat
700 2050 825 2108 sancus.
875 2055 1014 2108 eventum
1031 2046 1199 2128 significat·
1217 2045 1337 2109 'sensas
1352 2041 1432 2105 enlin
1446 2042 1508 2103 esi:
1528 2041 1567 2103 Is

125 2128 267 2210 Syrisce:
297 2134 341 2194 Er
354 2134 585 2209 ministerium,
606 2134 693 2213 quod
714 2133 825 2213 defero
874 2133 939 2207 fiet,
953 2142 987 2194 ut
1002 2154 1070 2194 cnm
1084 2132 1198 2216 mutilo
1212 2133 1333 2193 veniam
1349 2128 1389 2192 sd
1403 2140 1487 2190 voss

124 2221 241 2279 sanctis
256 2222 292 2280 iu
306 2218 508 2296 Jerusalem,
533 2221 610 2282 bene
624 2223 824 2298 suscipiatur.
917 2222 981 2280 Per
995 2223 1193 2282 volumtatem
1211 2218 1281 2282 Dei.
1310 2216 1490 2294 Hoasdrlil,
1503 2217 1566 2299 quia

124 2304 303 2386 Quanquam
320 2303 402 2387 apud
418 2302 663 2386 Chrysostomum
679 2314 710 2367 et
725 2307 825 2368 Theo·
873 2308 990 2389 piorum
1016 2307 1149 2371 fidelium
1175 2315 1230 2383 est,
1246 2306 1347 2368 omnia
1368 2304 1451 2367 bons
1473 2326 1493 2367 a
1513 2304 1565 2365 usi

123 2390 300 2471 phylactnm
311 2391 386 2455 illusi
401 2392 437 2452 iu
451 2395 636 2457 Jerusalem
655 2414 715 2456 non
731 2413 824 2473 appa·
874 2393 1033 2456 voluntate
1060 2402 1252 2476 exspectare,
1283 2399 1319 2453 et·
1338 2393 1371 2452 in
1392 2392 1567 2457 omnibus·

122 2487 179 2539 ret.
212 2478 255 2539 Et
270 2478 386 2561 alioqui
405 2479 478 2539 satis
502 2499 541 2541 ex
561 2478 766 2562 superioribus
782 2480 825 2539 in·
874 2488 948 2541 nutu
963 2480 1173 2562 providentiae
1186 2482 1245 2541 Dei
1259 2478 1417 2560 pendere:
1431 2475 1565 2561 quemad·

123 2564 275 2645 telligitar.
306 2566 440 2648 Reliqua
460 2567 643 2646 pertinentia
657 2566 696 2629 ad
711 2566 826 2628 variam
874 2566 994 2628 modum
1010 2566 1100 2628 docet
1113 2564 1252 2629 Jacobus
1271 2583 1346 2651 suae
1359 2564 1448 2646 episi.
1465 2565 1565 2646 capi.

122 2650 283 2712 lectionem
296 2651 388 2733 hujus
409 2648 469 2711 loci
483 2652 603 2715 videbis
626 2654 658 2714 in
673 2654 826 2714 notalione
917 2654 961 2717 El
989 2655 1163 2734 refriperer
1191 2652 1359 2713 vobiscum
1397 2646 1566 2734 corrigendi

122 2736 159 2797 F.
175 2739 285 2811 Lucae.
322 2739 402 2801 Nam
425 2736 464 2799 de
479 2746 571 2800 sensu
587 2741 661 2801 eatis
676 2739 826 2813 convenil,
874 2740 996 2803 codices
1021 2740 1053 2801 in
1078 2738 1188 2823 quibus
1211 2746 1249 2800 ul
1276 2757 1331 2819 pro
1362 2744 1393 2799 el
1417 2736 1568 2821 legebatur

123 2823 177 2904 qni
191 2822 366 2902 hujusmodi
381 2832 442 2887 est:
874 2826 994 2889 Graece
1016 2818 1068 2886 sal
1092 2818 1385 2902 cosasauaicmpas,
1410 2833 1442 2887 ee
1462 2842 1567 2887 come·

166 2906 260 2970 Orate
275 2912 373 2986 etiam,
388 2918 422 2971 nt
435 2909 494 2971 hoc
508 2930 609 2973 meum
619 2913 825 2984 ministerium,
873 2917 1031 2993 quiescam
1053 2914 1158 2988 vobis,
1185 2908 1216 2973 id
1242 2919 1304 2984 est,
1329 2928 1392 2971 una
1416 2912 1566 2973 vobiscum

122 3015 183 3078 quo
203 2995 315 3075 fungor
329 2999 362 3059 in
381 2996 564 3078 perferenda
578 2996 825 3078 Hierosolymam
873 2997 1038 3073 refocillet,
1062 3001 1194 3080 quietem
1216 2998 1349 3079 aliquem
1368 3005 1402 3059 et
1415 2996 1565 3060 mereatir

122 3082 335 3163 eleemosyna,
358 3086 470 3146 sanctis
489 3083 694 3166 pauperibus,
716 3085 770 3166 qni
792 3086 826 3144 in
872 3107 942 3148 nem
969 3084 1050 3167 apud
1076 3104 1131 3148 vos
1156 3085 1275 3166 sepiam
1300 3092 1371 3165 pom
1396 3082 1520 3146 labores
1543 3087 1566 3141 el

123 3188 160 3229 ea
176 3177 260 3243 sunt,
284 3179 441 3251 acceptum
464 3189 500 3231 sc
514 3179 633 3253 gratum
648 3173 697 3247 sit,
711 3190 826 3253 eosque
873 3173 1017 3254 pericula.

123 3255 275 3316 laetificet.
309 3256 402 3337 Quod
424 3256 559 3317 futurum
582 3265 662 3332 erat,
687 3259 713 3318 si
738 3257 825 3339 larga
918 3259 967 3322 33.
992 3260 1079 3321 Deus
1094 3264 1201 3320 cutem
1220 3258 1313 3333 pacis
1325 3258 1367 3318 sll
1380 3276 1453 3319 cum
1471 3256 1566 3320 onmi-

87 3342 96 3355 '
124 3350 207 3402 esset
228 3341 437 3424 eleemosyna,
469 3345 495 3403 si
523 3344 610 3404 salva
630 3343 825 3425 perferretur,
875 3345 930 3406 bus
945 3346 1041 3407 vobis.
1056 3350 1168 3409 Amen.
1192 3342 1286 3425 Optat
1297 3344 1344 3406 eis
1352 3362 1463 3424 pacem
1478 3343 1566 3406 sne

123 3447 181 3488 nec
206 3438 330 3509 propter
358 3450 515 3510 personam
544 3429 635 3490 Pauli
659 3429 825 3494 deserentis
873 3433 958 3511 pacis
972 3439 1095 3506 autore,
1114 3429 1257 3492 videlicet
1270 3429 1438 3510 respiciens
1452 3430 1494 3493 ad
1508 3448 1566 3491 cou-

124 3510 306 3594 displiceret.
328 3516 405 3577 Erat
420 3518 500 3577 enim
516 3514 631 3577 Paulus
644 3518 734 3578 etiam
750 3514 824 3576 fide·
874 3517 1031 3590 tentiones,
1048 3537 1128 3599 quae
1143 3519 1222 3578 inter
1236 3532 1291 3577 eos
1303 3514 1444 3592 fuerant,
1459 3527 1522 3579 tam
1536 3513 1566 3575 ie

124 3597 203 3662 libus
218 3601 347 3663 Judeeis
361 3611 533 3683 suspectus,
548 3609 693 3683 tanquam
707 3603 823 3665 Mosai-
869 3603 1087 3683 justificatione
1109 3604 1188 3665 inter
1213 3600 1353 3664 Jndseos
1379 3610 1413 3665 et
1437 3602 1566 3685 genuus

124 3705 178 3747 cae
192 3688 270 3767 legis
286 3686 495 3766 adversarius,
508 3698 543 3750 ut
556 3689 652 3773 liquet
667 3707 707 3751 ex
722 3691 823 3752 Actor.
874 3709 966 3771 quam
989 3689 1027 3752 de
1047 3690 1189 3772 legalium
1213 3689 1425 3752 observatione
1446 3687 1567 3753 Jseses

125 3791 190 3855 cap.
208 3779 258 3836 21.
872 3777 945 3858 ipsis
960 3778 1038 3840 inter
1052 3794 1094 3839 se.
1334 3796 1337 3803 ·

470 4066 649 4151 oliui
686 4067 945 4154 clulius!
981 4068 1220 4154 ssim
1355 4134 1358 4143 .

232 4216 435 4287 Commendo
471 4223 583 4286 aulem
618 4216 715 4288 vobis
749 4220 913 4317 Phoeben
946 4241 1093 4289 sororem
1127 4227 1295 4309 nostram,
1336 4240 1426 4311 quse
1461 4219 1567 4289 estio

128 4322 311 4389 ministerio
351 4323 542 4409 Ecclesiae,
583 4344 668 4412 quse
704 4331 757 4392 est
792 4325 827 4391 in
863 4324 1041 4394 Cenchris:
1069 4327 1104 4393 2.
1131 4332 1169 4393 ut
1205 4346 1278 4393 eam
1318 4326 1513 4415 suscipistis
1542 4324 1568 4390 in

128 4425 270 4492 Domino
298 4427 397 4513 digne
425 4428 569 4512 sanclis,
606 4435 642 4494 et
669 4429 832 4494 assistatis
859 4430 892 4496 ei
926 4431 960 4496 in
994 4449 1201 4517 quocumque
1226 4431 1365 4516 negotio
1391 4432 1500 4499 vestri
1523 4429 1568 4497 io·

130 4528 292 4614 digneril:
321 4532 444 4597 etenim
471 4532 546 4618 ipsa
574 4551 704 4619 qnoque
733 4533 841 4599 mritis
867 4534 997 4620 multis,
1026 4540 1060 4600 el
1085 4534 1167 4599 mihi
1192 4534 1257 4620 ipsi
1271 4525 1308 4616 ¹).
1360 4534 1396 4602 e.
1425 4533 1568 4601 &letale

231 4716 256 4787 ¹)
275 4720 337 4787 cap.
357 4723 401 4787 lo,
417 4724 461 4775 2⁰.
478 4734 535 4788 seq.
