3254 5190
105 298 177 379 Μ
597 294 966 354 comuunnusucre
985 298 1045 352 rn.

100 480 138 538 ab
154 489 276 541 aeterno
293 479 427 542 decrevit
442 499 478 537 ac
499 477 596 537 voluit
618 496 673 559 pro
696 486 798 535 nostra
849 487 911 536 stus
927 486 989 547 est,
1006 480 1058 557 qui
1072 498 1127 558 pro
1143 481 1186 538 eis
1202 487 1334 539 mortum
1343 481 1390 563 sit

101 567 199 626 salute
215 584 370 648 passurum
386 574 418 625 et
432 566 604 624 moriturum
620 582 699 635 esse,
725 582 797 622 eun·
848 565 968 634 rexerit,
985 573 1156 624 sicaetera.

100 652 168 712 dem
183 655 213 713 in
228 661 361 731 tempore
378 670 432 730 per
445 668 550 711 manus
568 649 722 728 impiorum
735 651 798 729 peti
891 650 1029 711 Secunda
1045 654 1253 729 pronunciatio
1266 652 1397 732 singular

100 760 135 798 ac
148 741 224 798 mori
240 740 315 800 iecit.
848 739 1004 816 pericopes
1020 737 1093 816 legit
1108 739 1334 817 interrogative,
1361 739 1397 799 bo

143 824 307 904 Quornrnlo
333 843 400 884 ooo
416 829 512 883 etlam
526 842 599 882 mem
613 823 671 882 illo
687 825 797 881 osonio
847 826 923 900 (luta
949 825 1111 882 aenaeaba't
1141 826 1292 885 cclversus
1320 827 1397 886 elect

99 911 189 972 scobis
203 912 362 973 eleuauit?
375 910 496 970 Graece
507 904 677 986 χαρίσεται,
691 910 797 968 dono·
847 910 924 969 Num
939 910 1024 968 Dens
1035 911 1197 984 accusabit,
1210 915 1261 991 qui
1270 912 1397 991 justitict

99 1000 143 1058 bit
149 1043 158 1072 ,
178 1002 205 1059 iu
222 999 342 1072 iutur03
369 995 617 1077 quemadmodum
633 1005 662 1055 et
679 997 710 1054 in
729 996 795 1053 Am·
846 995 973 1055 diceret:
987 997 1065 1055 Non.
1080 999 1119 1056 lit
1130 999 1272 1079 qniaerlt,
1285 1002 1397 1078 quiens

100 1085 188 1146 brosii
206 1085 416 1146 commentario
431 1082 549 1162 legitur.
567 1083 681 1143 Annuit
695 1092 726 1140 et
738 1081 795 1159 Sy·
845 1081 920 1142 net?
936 1082 1017 1143 Num
1033 1081 1172 1145 (lbi-istus
1188 1085 1397 1145 condemnabit

98 1173 178 1231 riaca
192 1173 299 1243 versio,
315 1171 411 1230 tiabit.
424 1170 469 1228 Ac
481 1189 554 1229 sane
566 1171 590 1228 si
603 1170 796 1247 praeteritum
846 1171 891 1229 eis
902 1178 1037 1229 mortuns
1050 1180 1103 1241 est,
1114 1181 1146 1231 et
1156 1168 1299 1231 caetera?
1310 1175 1397 1250 quasi

97 1258 233 1338 legimus,
251 1257 281 1317 id
296 1278 351 1337 per
362 1257 494 1316 futurum
507 1254 716 1334 exponendum
730 1255 796 1326 erit,
846 1257 979 1316 Minime.

97 1343 351 1423 autinteliigenda
366 1343 486 1403 donatio
502 1345 532 1402 in
544 1343 695 1422 proposito
708 1352 795 1402 stvo·
888 1343 998 1403 'I'ertia
1014 1347 1236 1421 pronunciatio,
1251 1344 1378 1423 perinde
1392 1362 1397 1400 ι

96 1432 220 1492 luntate.
231 1428 797 1510 ColligitantemApostoinsargumen-
847 1429 1008 1490 secuudam
1025 1431 1187 1509 pericopen
1204 1442 1234 1491 et
1246 1439 1397 1511 quartam.

97 1527 162 1577 toa
183 1519 303 1599 majori,
327 1518 426 1577 Deum
442 1517 604 1576 certissime
623 1517 796 1595 largitumm
846 1517 1096 1596 interrogatione,
1134 1517 1189 1577 sed
1215 1517 1378 1577 secundam

97 1604 190 1680 nobis,
207 1604 237 1665 id
253 1614 308 1677 est,
325 1603 437 1675 electis,
453 1604 602 1681 bonejam
615 1611 795 1673 enumerata,
845 1603 1026 1663 abstractam
1041 1606 1147 1663 tertiae
1160 1604 1309 1684 applicat3
1322 1623 1397 1682 quar

98 1690 212 1770 petiae
226 1691 340 1751 scillcet
354 1700 384 1749 et
398 1689 520 1769 gloriae.
546 1689 610 1768 Qui
632 1691 711 1748 enim
733 1688 796 1747 tilio
845 1690 1054 1769 applicandam
1067 1690 1210 1769 relinquit
1221 1692 1397 1750 erotematir

96 1778 167 1855 sno,
183 1796 242 1859 quo
258 1776 330 1838 nibli
346 1777 563 1849 bathanarius,
580 1796 639 1836 non
653 1779 796 1856 pepercit,
845 1780 921 1856 (luis
929 1779 1247 1852 wouorseparobr’t,
1260 1787 1397 1837 etcaeter

96 1863 148 1924 sed
164 1884 218 1944 pro
241 1864 337 1925 salute
358 1872 464 1924 nostra
485 1862 643 1943 impendit,
670 1862 794 1922 tradens
844 1863 1004 1924 admodum
1021 1865 1061 1922 ibi
1076 1864 1234 1924 videbitur.
1251 1865 1351 1943 liujus
1364 1884 1397 1943 pr

95 1956 163 2010 eum
175 1970 238 2027 pro
254 1952 344 2012 scobis
360 1951 506 2011 omnibus
522 1952 551 2009 in
567 1957 699 2023 mortem,
715 1956 796 2009 certe
844 1952 934 2010 tionis
950 1970 1056 2011 sensus
1076 1962 1136 2009 est:
1160 1955 1236 2029 (luis
1251 1950 1396 2010 ementati

95 2046 285 2100 nee-caetera
306 2038 385 2097 dona
408 2036 446 2097 ad
469 2035 596 2097 salutem
619 2038 794 2109 necessaria,
843 2056 895 2097 aas
910 2040 1022 2098 elector
1038 2039 1122 2097 Dei?
1136 2036 1213 2096 Cum
1229 2040 1307 2097 eninr
1323 2039 1397 2097 Deu:

96 2145 150 2184 nec
162 2125 259 2205 ipsam
275 2125 406 2204 denique
421 2124 547 2183 sabrtern
563 2131 593 2182 et
608 2123 732 2201 gloriam
749 2131 795 2183 cst
839 2125 997 2202 justificat,
1013 2125 1083 2204 quis
1099 2125 1178 2183 arisit
1194 2123 1393 2183 condemnare

96 2219 269 2291 negaturus.
285 2212 335 2271 De
351 2211 456 2271 electis
470 2212 792 2290 interpretaturaugu·
887 2211 983 2271 Juxta
1004 2211 1129 2288 primam
1150 2213 1397 2288 pronunciatione

95 2298 165 2358 stin.
191 2298 242 2359 lib.
257 2300 307 2358 22.
331 2297 369 2357 de
392 2299 474 2357 civit.
498 2297 573 2369 Dei,
594 2316 658 2376 cap.
676 2298 741 2369 24„
765 2304 795 2354 et
842 2298 922 2358 bunc
938 2307 1096 2377 exponunt
1110 2296 1256 2377 Origenes
1271 2306 1304 2357 et
1315 2298 1398 2358 Liras

95 2384 178 2445 alibi.
203 2385 393 2466 Quamquam
417 2384 447 2444 id
469 2402 524 2463 per
546 2403 578 2443 se
602 2382 715 2442 clarum
739 2391 793 2453 est,
841 2385 957 2463 pientes
972 2384 1096 2443 verbnm
1113 2393 1158 2442 est
1173 2387 1203 2444 in
1229 2386 1266 2445 iis
1289 2383 1397 2462 partib·

93 2491 130 2532 ex
145 2491 183 2531 eo
199 2473 336 2545 maxime,
352 2470 434 2549 quod
450 2472 601 2551 sequitur:
842 2472 906 2530 sine
929 2472 1161 2548 interrogatione
1184 2470 1356 2550 proferunt,
1383 2492 1397 2528 r

137 2559 187 2617 33.
214 2560 293 2636 {mis
319 2557 480 2617 acmesubtt
506 2557 660 2616 artocreas
683 2557 793 2615 electos
840 2557 923 2616 Dens
939 2567 999 2629 est,
1023 2558 1076 2635 qui
1096 2558 1255 2636 justificut3
1283 2556 1397 2617 Obristr

92 2646 177 2721 Deli)
193 2646 290 2719 neus,
306 2645 362 2721 qui
371 2643 534 2719 justificat.
840 2652 900 2716 est,
917 2645 967 2723 qui
983 2651 1116 2703 mortum
1132 2653 1186 2714 est,
1204 2654 1233 2703 et
1248 2654 1387 2718 caetera3

138 2732 187 2791 st.
213 2733 289 2809 (luis
304 2733 414 2806 estqui
425 2728 634 2789 condemnet?
651 2730 791 2789 curtam
840 2729 1058 2790 observandum
1074 2729 1103 2788 in
1120 2732 1207 2788 tertia
1222 2732 1397 2809 pronunciat

92 2820 121 2879 J
120 2832 198 2893 etus,
211 2819 267 2892 qui
277 2823 423 2876 mortuus
435 2822 488 2887 eat,
501 2818 565 2874 imo
577 2812 632 2891 quei
644 2822 673 2873 et
684 2832 790 2873 resur-
882 2816 1021 2876 Secunda
1044 2816 1156 2894 placuit
1179 2817 1351 2895 Augustino
1373 2816 1394 2875 li

94 2906 185 2976 rexit,
198 2907 255 2980 qui
264 2910 308 2962 est
319 2904 362 2961 orl
374 2903 537 2962 dexteram
549 2904 619 2976 Det,
631 2902 687 2977 qni
695 2905 790 2960 euram
839 2901 930 2961 doctr.
948 2902 1018 2962 Cbr.
1036 2920 1100 2980 cap.
1118 2904 1162 2974 3.,
1178 2903 1371 2981 eandemque
1385 2923 1397 2961 r

93 2991 277 3065 interpellat
300 3006 363 3067 pro
388 2989 487 3049 nobb
513 2986 630 3047 Graeca
655 2997 685 3044 et
712 2987 789 3066 Syra
839 2988 1397 3049 suiseommentariisAmbrosiusetl'r

92 3094 200 3135 nomen
225 3080 306 3139 Jeatt
327 3096 386 3134 non
409 3073 532 3134 addunt.
557 3074 598 3133 Et
617 3075 649 3133 in
672 3073 789 3133 duobus
888 3077 1025 3135 Tertiam
1052 3073 1183 3135 reddunt
1206 3074 1397 3153 Chrysaoron

91 3161 380 3242 coiissequentibus,
396 3179 494 3240 aeque
510 3161 788 3239 utintertiocopu·
838 3163 900 3220 suis
930 3161 1128 3243 sequacibus,
1159 3161 1237 3220 idern
1265 3160 1396 3222 Theodo

94 3248 204 3308 lentem
220 3248 359 3308 voculam
376 3248 581 3327 interponunt:
604 3249 738 3323 insequi
760 3254 789 3304 et
837 3249 982 3327 Aquinas.
1000 3248 1079 3307 Tum
1091 3249 1245 3319 neoterici,
1257 3249 1396 3308 Dominio

92 3338 282 3409 resarserit,
308 3338 362 3410 qui
378 3342 406 3394 et
422 3341 466 3394 est
481 3334 525 3391 ad
539 3332 702 3393 dexteram
720 3335 787 3393 Dei.
836 3355 902 3393 runs
931 3343 962 3393 et
983 3335 1125 3394 Erasmus
1149 3342 1210 3393 tam
1233 3335 1263 3394 in
1279 3344 1397 3395 anneta*

91 3419 182 3500 Quod
198 3431 229 3480 et
244 3424 274 3481 in
289 3421 406 3480 Latinis
429 3420 611 3500 quibusdam
635 3419 788 3479 codicibus
836 3441 924 3501 quarn
940 3422 970 3479 in
986 3421 1170 3500 paraphrasi.
1189 3420 1279 3499 Quae
1290 3424 1396 3500 exposi

90 3508 210 3579 visitur,
233 3518 263 3567 et
277 3505 358 3586 apud
374 3514 633 3566 commentatorem
649 3507 786 3566 Ambros.
835 3509 911 3567 ritur
926 3501 1014 3566 etiam
1030 3506 1109 3586 apnd
1126 3506 1305 3587 (lmgorium
1328 3507 1381 3566 lib.

133 3594 226 3653 Porro
242 3593 333 3673 hujus
349 3592 407 3653 loci
423 3592 535 3673 triplex
548 3591 627 3671 apud
643 3595 786 3672 interpre·
836 3596 887 3654 stri
912 3594 1029 3673 epistol.
1057 3594 1106 3652 53.
1135 3592 1197 3652 Sed
1224 3604 1253 3653 et
1278 3594 1371 3654 editio

91 3690 136 3738 tes
161 3680 314 3741 invenitur
334 3681 496 3759 expositio,
519 3679 608 3757 juxta
631 3679 786 3759 triplicem,
834 3681 1109 3761 pronunciationem
1125 3679 1203 3739 banc
1217 3682 1295 3741 notis
1308 3681 1397 3740 suist

89 3784 179 3846 qnam
209 3765 354 3838 admittit,
391 3767 678 3846 pronunciationem.
717 3766 787 3824 Una
835 3768 1042 3846 strat.,Atqne
1059 3786 1095 3825 ea
1111 3765 1197 3824 nobis
1212 3784 1342 3846 quoqne,
1358 3788 1397 3828 ou

89 3855 294 3932 pronunciatio
311 3863 364 3926 est,
379 3852 544 3913 secundum
562 3872 651 3931 quant
668 3852 720 3911 illa
736 3870 786 3930 po·
836 3855 946 3914 sitione
964 3853 992 3911 ei
1007 3851 1227 3931 respondente,
1242 3873 1316 3931 prae
1332 3852 1397 3914 dna‘

89 3941 196 4019 ricope,
214 3942 310 4013 Deus,
329 3943 384 4017 qut
393 3940 563 4016 lenificat,
581 3940 646 3998 sine
662 3940 785 3998 interro·
835 3940 994 4021 probatur3
1011 3938 1061 3998 vel
1076 3939 1197 4010 idcirco,
1212 3940 1294 4020 quod
1306 3958 1397 4019 prorsr

88 4029 209 4104 gatione
225 4027 319 4100 lecta,
334 4028 482 4088 rationem
497 4026 652 4085 contineat
665 4043 786 4104 respon·
835 4036 893 4096 ret,
920 4027 1101 4103 Apostolum
1123 4025 1261 4084 allusisse
1283 4024 1322 4084 ad
1346 4026 1397 4087 loc·

88 4114 180 4174 sionis
196 4115 359 4192 negativae
375 4112 413 4173 ad
427 4112 689 4191 interrogationem
698 4131 786 4193 prae·
836 4114 894 4182 tn,
906 4112 960 4171 ubi
972 4113 1002 4172 in
1015 4111 1126 4171 Christi
1138 4130 1273 4189 persona,
1286 4115 1340 4191 qui
1353 4132 1397 4193 ca]

89 4200 259 4275 cedentem,
282 4209 312 4258 et
334 4198 402 4258 illa:
431 4200 573 4262 Christus
599 4202 705 4273 Jecur,
732 4203 788 4274 qul
836 4210 933 4259 torum
949 4206 1001 4269 est,
1017 4198 1145 4257 dicitur:
1168 4203 1276 4260 sorte
1291 4207 1352 4273 est,
1368 4220 1397 4277 qt

89 4294 232 4346 monum
252 4295 295 4346 est
318 4290 392 4360 etc„
416 4286 551 4345 similiter
575 4300 607 4346 se
622 4283 734 4345 babeat
748 4284 786 4343 ad
835 4287 910 4363 flent
924 4305 973 4344 me
981 4308 993 4362 ,·
1008 4287 1078 4360 quis
1091 4285 1288 4344 coanedicet
1301 4289 1397 4347 asilii

87 4375 361 4452 interrogationem,
374 4372 787 4454 qnaeproximepraeceasit3
836 4392 918 4431 rum:
949 4373 1029 4432 Ecce
1053 4373 1213 4432 Dominus
1244 4374 1330 4431 Deus
1355 4392 1397 4435 au

89 4461 118 4518 in
135 4458 212 4519 hunc
227 4459 370 4519 videlicet
386 4478 505 4518 sensum
520 4458 618 4537 :Quis
632 4454 788 4517 accusabit
837 4477 935 4534 uteun-
952 4461 1085 4534 quiscat,
1099 4457 1349 4533 quicondemrtet
1359 4480 1397 4521 rra

86 4544 234 4605 adversus
250 4545 362 4605 electos
376 4543 463 4605 Dei?
484 4544 595 4617 Nem03
622 4562 688 4602 cunr
704 4542 787 4604 Deus
836 4543 1243 4628 sentcntiaeplsneexignnt
1254 4551 1397 4624 pronunti

89 4632 142 4701 sit,
158 4632 210 4712 qul
221 4632 377 4710 justificat..
409 4630 488 4711 Quis
502 4650 574 4690 vero
590 4636 651 4702 est,
666 4631 718 4709 qni
736 4642 787 4691 eos
835 4630 962 4691 similem
974 4650 1041 4689 cum
1055 4651 1100 4701 ea,
1112 4648 1204 4709 quum
1214 4633 1304 4691 tertio
1315 4630 1397 4693 locor

88 4716 291 4779 condemnet?
310 4718 426 4793 Nem03
442 4714 787 4798 quaudoquttsmots·
837 4718 916 4776 'l'rle
930 4728 979 4777 est
993 4719 1084 4778 etiarn
1101 4715 1178 4776 iilud
1193 4717 1274 4776 Psal.
1292 4721 1358 4781 ld:
1374 4722 1397 4782 l
