3254 5190
93 268 174 336 uos.
588 254 1036 323 murmurmurmur.
1071 284 1075 317 2
1143 318 1147 325 ¹

90 437 229 498 rioribus.
266 430 426 497 Caeterum
441 454 501 495 uon
516 431 584 495 ideo
597 434 677 513 ,quis
693 433 787 513 euspi-
835 431 948 513 pleuds
969 432 1119 493 sententis
1138 430 1323 512 repetitione
1348 427 1436 489 verbi
1450 449 1526 511 supe

91 534 177 585 cetur
188 523 311 601 nuptias
325 540 395 583 esse
405 520 512 595 mulus,
529 519 608 600 quod
623 519 788 580 secundum
835 519 937 580 rioris:
959 516 1021 579 Sed
1036 517 1095 579 hoc
1111 518 1178 578 dico
1194 538 1250 578 vos
1265 514 1432 577 adhortans
1446 516 1487 576 od
1501 517 1526 577 ld

90 609 269 690 Apostolum
284 607 442 686 conjugati
465 626 570 667 curere
586 625 639 665 seu
655 607 788 685 cogitare
837 606 923 683 quod
951 607 1116 665 senceum
1146 612 1206 681 cst,
1243 603 1365 664 Gruece
1395 594 1474 679 πρὸς
1499 595 1526 663 ti

91 705 239 777 cogentur
253 715 307 767 eu,
331 712 411 772 quse
433 691 538 755 mundi
558 698 646 764 sunt,
670 700 699 751 ot
714 710 788 770 quo·
835 685 1009 768 εὔσχημον,
1036 691 1081 751 ud
1106 691 1141 751 id
1166 690 1253 767 quod
1275 690 1445 764 derorum,
1472 689 1526 749 sire

89 782 178 843 modo
193 783 255 841 suis
270 778 452 858 conjugibus
468 778 618 858 placeant.
649 778 726 836 Num
742 796 788 837 co·
832 779 983 854 pulcrum
997 784 1048 837 cst.
1075 772 1526 856 Quonomiuepulclrritudineu

90 871 185 948 gitsre
208 886 287 946 quse
310 873 381 925 sunt
400 863 521 934 mundi,
548 862 663 938 idest,
689 882 789 923 rerum
835 864 1019 943 virginitatis
1041 864 1211 942 oppositum
1235 859 1433 941 turpitudini,
1459 877 1524 941 quse

90 954 303 1034 temporalium
326 950 440 1011 habere
467 949 701 1023 solicitudinem,
726 970 788 1009 non
836 951 869 1011 in
883 950 1045 1011 concubitu
1060 957 1122 1024 est,
1141 947 1276 1009 indicere
1292 947 1393 1007 voluit
1407 948 1523 1027 Aposto-

90 1048 139 1101 eet
152 1039 339 1115 mulum3uti
355 1056 411 1097 nec
423 1034 553 1099 studium
564 1034 704 1114 placendi
720 1055 787 1095 con·
837 1036 897 1110 lus;
923 1045 957 1095 ut
978 1034 1107 1114 proinde
1131 1055 1191 1097 uon
1216 1036 1259 1097 sit
1284 1053 1429 1106 necesse,
1454 1034 1522 1113 quot

86 1127 172 1205 jugi,
199 1125 272 1187 dum
293 1133 394 1185 temen
416 1131 576 1202 utrumque
603 1120 733 1183 refertur
747 1119 789 1180 ed
836 1120 960 1203 quidem
973 1121 1023 1183 hic
1045 1122 1176 1195 fuciunt,
1198 1120 1363 1200 positivum
1386 1140 1442 1200 per
1458 1138 1520 1180 eon·

90 1213 201 1275 bonum
216 1212 321 1281 fiumn,
337 1208 414 1269 illud
429 1208 569 1289 quidem,
584 1219 620 1269 ut
634 1206 723 1269 liberi
738 1205 787 1266 ho·
836 1209 1004 1289 puretirum
1027 1227 1195 1287 exponere,
1216 1209 1403 1282 summm,
1431 1203 1464 1266 id
1481 1213 1519 1281 cst

90 1307 177 1361 ueste
199 1296 368 1361 secuudum
394 1295 494 1357 Deum
522 1293 701 1369 educentur,
730 1293 788 1353 hoc
835 1295 999 1357 honestius.
1022 1294 1103 1355 llum
1117 1293 1291 1359 etmembrs
1303 1291 1456 1375 quaedem
1471 1311 1516 1353 cor

90 1390 469 1462 autemntrervsrurpu
483 1389 516 1443 et
529 1383 705 1449 emoriatur
719 1400 787 1439 uon·
834 1383 916 1461 poris
932 1389 1054 1460 propter
1077 1380 1204 1443 eundem
1226 1398 1351 1441 ausum
1375 1369 1517 1459 ἀσχήμονα

86 1471 195 1552 juges,
215 1479 247 1532 et
262 1475 436 1529 evertentur
457 1467 631 1529 occasiones
653 1463 788 1527 violandi
834 1469 1012 1542 inhonesto,
1024 1467 1178 1529 indecora
1186 1465 1303 1529 Paulus
1314 1464 1516 1547 eppellstinirs

90 1559 206 1621 terico
230 1555 355 1635 'ugelis3
378 1553 510 1634 deniqne
532 1562 593 1613 tem
614 1553 672 1614 hoe
695 1572 786 1632 quum
834 1559 960 1634 cepl2.
988 1552 1303 1625 Oueterumllrusmus
1311 1552 1515 1632 Hieronymum

89 1643 178 1719 illud,
255 1642 315 1703 Dei
328 1641 516 1712 servitutem,
531 1659 664 1701 umorem
679 1648 710 1700 et
723 1638 786 1719 glo·
834 1643 966 1703 imitatus
977 1650 1136 1720 utrumque
1147 1639 1314 1718 conjunxit,
1329 1638 1418 1715 quod
1431 1639 1514 1698 lonc

89 1731 174 1791 rism.
211 1729 395 1809 Quanquam
410 1744 594 1806 sucgerere
616 1726 711 1793 multo
726 1744 786 1787 me·
832 1735 916 1789 stum
942 1746 979 1788 oc
1005 1727 1157 1789 &norum
1178 1733 1230 1787 ert
1267 1724 1362 1787 Unde
1384 1722 1513 1787 refellitur

89 1817 148 1879 lius
164 1823 228 1890 est,
251 1815 426 1894 simpliciter
450 1822 481 1875 et
496 1814 561 1873 sine
581 1813 786 1875 avocamentis
834 1812 971 1895 ejusdem
995 1815 1116 1877 Eresm'i
1141 1813 1306 1887 sententis,
1341 1831 1434 1893 quem
1463 1828 1514 1873 suu

90 1901 204 1965 nemu
217 1902 352 1980 cogiture
368 1921 405 1962 es
420 1918 500 1982 quse
514 1900 638 1961 Domini
652 1908 737 1975 sunt,
756 1906 790 1975 et¹
833 1901 971 1963 sectariis
982 1900 1077 1963 hebet
1087 1899 1325 1977 communem,iu
1335 1899 1438 1961 verbis
1448 1898 1513 1979 Apo

90 1987 240 2069 quomodo
269 1987 424 2068 placeatur
448 1987 533 2048 Deo:
564 1988 691 2048 maxime
719 2005 785 2049 cum
833 1988 905 2049 stoli
928 1987 1039 2051 bonum
1062 1987 1244 2066 virginitetis
1270 1993 1302 2046 et
1327 1984 1513 2047 continentius

89 2074 267 2156 perdifficile
281 2076 321 2135 sit
333 2076 411 2136 inter
426 2073 632 2137 solicitudines
647 2072 786 2134 domesti·
831 2072 1172 2156 prcedicsntis„bouum
1184 2073 1283 2152 socipi
1294 2091 1351 2152 pro
1366 2068 1512 2133 commodo

90 2182 141 2223 css
154 2171 186 2222 et
196 2180 315 2223 umores
326 2159 508 2240 conjugales,
523 2160 654 2221 animum
665 2179 786 2239 purum,
831 2162 910 2222 Num
932 2180 1045 2241 genere
1065 2159 1211 2223 differunt
1235 2158 1350 2221 bouum
1371 2157 1513 2221 honestus

90 2257 121 2311 ct
136 2247 175 2311 ud
191 2268 228 2309 es
250 2267 331 2328 quse
345 2246 469 2309 Domini
491 2254 560 2307 sunt
579 2248 726 2307 intentum
742 2247 786 2319 sic
833 2246 1085 2309 accommodum..
1154 2314 1157 2321 ,
1558 2308 1560 2313 ,

89 2354 285 2408 conseruere,
308 2342 416 2396 utnon
432 2354 524 2414 ssepe
539 2333 644 2395 sordes
665 2352 707 2395 ex
720 2352 785 2393 see·
874 2337 918 2396 Et
947 2334 1034 2412 quod
1061 2332 1250 2415 facultatem
1275 2331 1434 2409 mebant
1461 2333 1513 2393 siut

90 2421 159 2482 culo
175 2430 206 2481 et
220 2441 309 2483 cerne
326 2421 491 2482 contrahet.
529 2419 609 2481 Vide
631 2419 662 2479 S.
680 2421 785 2500 Augu·
831 2418 1446 2499 impedimentoDomiuumobtccrandi.
1460 2419 1513 2481 Duo
1557 2436 1560 2447 ·

90 2506 257 2571 utinum-de
270 2507 350 2571 bono
366 2507 519 2586 conjugali
535 2527 601 2585 cup.
620 2507 667 2567 12.
830 2516 982 2590 postrema
1003 2505 1096 2568 verba
1118 2507 1202 2568 serie
1224 2505 1367 2585 leguntur¹
1386 2506 1420 2565 in
1433 2524 1513 2566 exeu-
1558 2500 1560 2511 '

132 2595 183 2657 35.
199 2595 304 2655 Porro
319 2596 375 2655 hcc
391 2594 436 2654 ud
454 2595 625 2655 utilitatem
645 2599 784 2653 vestrum
832 2595 964 2676 pluribus
979 2595 1093 2657 Latinis
1108 2602 1169 2654 tum
1184 2591 1270 2653 Mes.
1291 2611 1387 2673 quum
1408 2592 1513 2673 impres
1558 2596 1560 2603 '

89 2681 170 2741 dico.
193 2680 343 2760 Quoniam
360 2681 512 2762 superiora
527 2678 620 2740 verbs
635 2680 787 2739 continent
833 2685 883 2743 sis.
898 2682 1050 2761 Plersque
1058 2680 1225 2743 recentiore
1231 2678 1346 2741 hubent
1352 2680 1514 2741 Dumium

89 2768 329 2829 exhortationem
344 2766 384 2827 ed
406 2767 604 2840 caelibatum,
626 2785 706 2825 nunc
720 2784 786 2825 oum
834 2769 1036 2835 obsecrandi:
1061 2766 1145 2847 quod
1170 2784 1292 2827 sensum
1317 2765 1414 2827 hebet
1434 2784 1514 2847 prou·

89 2852 261 2915 moderetur
284 2862 316 2915 et
336 2854 474 2932 exponit,
497 2873 537 2913 ne
558 2852 696 2913 videatur
720 2871 786 2913 esse
832 2867 916 2936 ptum
930 2864 961 2916 et
971 2853 1101 2923 facilem,
1117 2863 1147 2915 et
1160 2853 1392 2915 convenientem
1404 2871 1515 2922 cunm,

89 2942 292 3021 praeceptive,
331 2939 449 3001 Graece
479 2939 518 3001 sd
545 2939 687 2999 verbum:
716 2938 786 2999 Hoc
833 2941 912 3023 quod
928 2962 1020 3022 supra
1034 2941 1110 3003 dixit
1125 2939 1254 3012 Paulus,
1268 2946 1306 3000 ut
1320 2943 1439 3003 vcccur
1453 2955 1515 3003 ore·

89 3035 195 3088 autem
212 3027 255 3087 ad
271 3034 410 3089 vestrum
425 3029 567 3103 ipsorum
586 3025 785 3087 concretio
833 3031 930 3103 ttoni,
948 3036 978 3089 et
993 3027 1074 3108 quod
1089 3030 1200 3091 Petrus
1218 3031 1246 3087 1.
1262 3027 1352 3107 epist.
1370 3031 1399 3090 3.
1413 3036 1451 3091 ct
1464 3042 1516 3089 nou

89 3114 178 3188 dico,
203 3113 311 3187 idest,
328 3113 372 3173 ad
388 3119 523 3175 vestram
539 3113 728 3187 utilitatem,
753 3119 787 3171 ut
832 3117 1053 3193 impediantur
1077 3117 1238 3177 orationes
1260 3120 1392 3174 vestm.
1431 3114 1515 3194 Quae

90 3208 194 3261 noster·
215 3202 314 3262 vertit
351 3201 410 3260 Est
426 3202 505 3261 enirn
520 3200 616 3261 Paulo
631 3199 786 3279 frequens,
833 3201 902 3263 dum
922 3202 1312 3277 vcrohsbent,1)cmtno
1334 3198 1514 3265 obsecrandi

91 3295 262 3351 concretum
278 3307 390 3367 ponere
403 3307 458 3366 pro
473 3287 632 3348 obstructo.
670 3288 785 3349 Sensus
833 3288 925 3368 Quod
938 3290 1068 3351 Lirenus
1083 3291 1126 3351 sic
1143 3291 1376 3368 interpretetur,
1390 3289 1515 3351 Domus

89 3368 190 3437 eutem
205 3381 268 3435 estc
284 3372 376 3453 Quod
386 3383 449 3435 tem
460 3373 595 3434 studiose
608 3372 694 3435 vohis
707 3394 783 3435 com·
833 3376 1031 3452 obsecrandi,
1047 3377 1082 3435 id
1096 3384 1151 3452 cst,
1167 3395 1255 3437 sucre
1270 3376 1441 3437 scrvtcndt.
1458 3374 1514 3438 (ltu

89 3459 197 3521 mendo
209 3453 264 3539 τὴν
277 3452 422 3538 ἀγαμίαν,
436 3460 466 3521 id
478 3459 785 3529 noneliorsumfucio,
832 3463 992 3523 thusiunus
1017 3471 1134 3525 sutem:
1163 3465 1306 3527 Domino
1332 3459 1514 3532 obsecrandi,

89 3566 181 3627 quum
203 3555 237 3609 ut
259 3555 389 3609 vestrum
411 3567 511 3608 curem
534 3568 570 3609 sc
593 3567 786 3629 promoveam
833 3551 867 3611 td
883 3557 939 3625 cet,
954 3552 1060 3611 Deum
1072 3569 1133 3626 per
1147 3569 1239 3611 sucro
1254 3550 1442 3612 invocandi
1470 3548 1513 3609 to

89 3632 261 3709 utilitatem,
271 3654 380 3714 nempe
391 3635 588 3714 spiritualem.
602 3636 694 3699 Hanc
704 3635 784 3695 enim
833 3637 962 3698 iustiore
975 3657 1036 3698 non
1050 3657 1163 3717 peuce,
1187 3637 1271 3698 etin
1293 3634 1340 3696 his
1362 3635 1458 3701 codex
1470 3636 1514 3699 Dt·

88 3723 229 3802 superine
251 3720 419 3781 declaravit
442 3733 473 3783 et
492 3723 593 3782 stetim
613 3741 716 3783 rursus
733 3740 784 3781 ex·
834 3725 987 3796 nuticnus,
1010 3733 1040 3785 et
1054 3722 1115 3785 duo
1131 3722 1399 3800 constantienses,
1421 3725 1516 3787 eure

88 3807 189 3890 plicet
832 3812 957 3872 Erssmo
993 3810 1114 3891 legunt,
1153 3813 1293 3874 Domino
1332 3806 1515 3875 observasti

35 3914 41 3925 ·
132 3897 206 3957 Non
216 3895 415 3973 uttoqcrum
424 3895 678 3970 oobutnjtotam.
695 3891 786 3975 Quod
833 3896 936 3976 Atque
952 3916 987 3957 eo
1003 3896 1091 3959 modo
1107 3898 1219 3978 legisse
1241 3917 1274 3958 se
1293 3895 1517 3960 declaraturus

87 3981 229 4059 lacerem,
245 3984 272 4044 si
285 3985 437 4063 prsecepti
449 3983 627 4043 necessitate
644 4002 700 4042 vos
715 4002 783 4043 con·
833 3983 955 4063 glossae
981 3983 1190 4059 interlinealis,
1217 3982 1288 4045 dum
1313 3985 1442 4067 supplet
1460 3981 1518 4047 reti·

89 4070 268 4150 stringerem
293 4068 333 4129 ed
361 4069 571 4131 abstinentium
597 4069 786 4131 mstrimonii.
833 4089 958 4151 procum
972 4091 1020 4133 sc:
1036 4075 1178 4136 Domino
1192 4089 1224 4132 sc
1240 4072 1450 4134 observandi:
1464 4072 1521 4133 tot

88 4157 183 4217 Esset
196 4157 276 4218 enim
288 4155 437 4235 ejusmodi
447 4165 642 4237 praeceptum
657 4156 785 4236 laqueus
834 4166 934 4219 textus
952 4159 1015 4219 illic
1029 4158 1139 4220 hubent
1155 4157 1351 4220 ebremundi.
1375 4160 1456 4223 Num
1466 4162 1521 4223 Do·

90 4243 136 4316 iis,
147 4245 199 4326 qui
209 4244 363 4305 continere
374 4264 433 4305 non
444 4250 582 4324 possuut3
596 4245 668 4325 quis
683 4261 785 4303 neces·
835 4248 923 4308 mino
948 4264 980 4306 sc
1005 4246 1192 4307 obsecrandi
1217 4266 1278 4306 uon
1305 4243 1381 4309 lecit
1406 4262 1521 4309 sonsum

89 4331 178 4390 sitste
194 4329 323 4409 quodum
338 4329 505 4411 impelleret
517 4349 568 4389 eos
584 4330 615 4391 in
629 4337 786 4411 peccatum
835 4331 977 4393 Similiter
993 4333 1118 4413 exponit
1131 4330 1328 4406 Lomburdus,
1345 4328 1525 4399 auserunt

90 4417 313 4494 fornicationis3
327 4415 785 4498 utpoteprohibitosuremedio
835 4438 865 4480 sc
879 4421 1032 4481 Domino.
1072 4419 1139 4481 Nec
1153 4437 1242 4481 secus
1256 4419 1351 4500 nugo
1368 4420 1525 4485 mnsam:

90 4524 165 4565 suso
179 4504 433 4578 incontinentiae,
456 4502 488 4564 id
511 4512 571 4577 est,
593 4526 613 4565 c
634 4502 786 4581 conjugio.
835 4507 967 4587 itemque
979 4507 1116 4567 'rhomes
1126 4505 1276 4585 Aquinus,
1292 4508 1381 4588 cujus
1392 4525 1526 4571 commen·

89 4589 268 4671 Metuplroru
280 4590 384 4673 luquei
395 4590 600 4670 desumptssb
611 4590 787 4670 aucupibus.
836 4594 931 4654 terius
947 4594 990 4654 sic
1005 4592 1114 4655 habet:
1136 4594 1188 4655 Ad
1203 4594 1305 4669 iared,
1327 4595 1417 4672 quod
1430 4592 1528 4674 {wul-

131 4677 194 4743 sse
208 4678 253 4739 od
276 4678 310 4739 id
325 4680 411 4757 qood
432 4680 598 4740 honestum
621 4684 673 4740 est.
710 4676 786 4759 Sup·
835 4686 934 4742 tatem
943 4681 1099 4758 praebeat
1113 4681 1212 4743 olicus·
1236 4681 1434 4745 oberrares·
1453 4682 1527 4744 selu
