3254 5190
135 271 209 338 488
647 257 881 312 consumamus
897 257 929 311 lli
948 256 1014 312 CAP.
1031 258 1079 312 vlt

134 439 197 498 tius
212 436 356 497 ecclesiae
371 435 448 496 haec
460 435 594 496 doctrina
610 441 658 494 est
671 442 829 514 perpetua,
878 433 975 497 dendo
992 455 1028 495 ac
1043 436 1140 494 virum
1152 431 1368 513 relinquendo.
1390 433 1481 494 Patet
1496 431 1525 491 id
1540 451 1575 492 ax

136 525 265 603 ejusque
276 522 364 602 praxi
375 521 564 582 continuato:
579 528 613 582 ut
623 521 673 581 hic
685 528 831 598 agnoscat
878 522 979 582 verbis
990 521 1114 581 Domini
1126 520 1208 600 apud
1218 521 1356 580 Marcum
1372 540 1439 600 cap.
1454 521 1512 590 10,
1526 519 1574 579 ubi

136 611 301 690 cajetanus
317 615 489 670 torrentem
511 609 676 669 doctorum
700 613 730 666 et
739 608 831 681 judi·
877 625 999 687 prorsus
1022 607 1155 667 similiter
1178 607 1216 667 do
1237 615 1370 688 utroque
1390 605 1574 684 conjugelo·

137 700 259 759 ciorum
275 695 549 755 ecelesiasticorum
565 691 622 770 (sic
637 694 716 753 enim
732 692 831 774 loqui·
879 695 994 775 quitur:
1032 696 1228 772 Quicumque
1254 694 1414 754 dimiserit
1448 710 1574 753 uxorem

136 780 212 859 tur),
236 782 284 843 cui
299 800 331 842 se
348 800 498 861 opponere
520 801 581 840 nou
596 779 720 850 audeat,
748 800 832 841 suam
879 799 977 842 ersom.
1001 782 1177 842 Etmusor
1189 781 1346 840 dimiserit
1357 783 1573 841 vimmacum

137 871 254 931 interim
277 868 448 948 opinionem
469 888 528 927 uon
544 866 753 942 dissimulans3
777 865 833 926 sed
880 866 949 947 Quo
965 874 1046 929 certe
1072 868 1139 927 loco
1154 867 1258 928 facere
1272 866 1356 927 velle
1370 867 1574 947 exceptionem

137 977 218 1039 quae
233 974 351 1017 cessare
361 956 426 1033 jam
442 954 560 1014 omnino
577 952 693 1026 debeat,
713 962 831 1033 postea·
881 956 913 1014 in
936 955 1027 1034 priori
1049 954 1196 1027 membro,
1223 961 1255 1013 et
1276 975 1338 1014 non
1361 955 1393 1014 in
1412 952 1572 1033 posteriori,

139 1064 228 1124 quam
236 1040 707 1122 SynodusTridentinaclareac
720 1039 834 1101 diserte
880 1043 1074 1122 periniquum
1099 1048 1153 1101 est
1192 1039 1278 1120 Quin
1304 1042 1396 1101 etiam
1422 1059 1462 1100 ex
1484 1038 1571 1098 Panlo

139 1151 204 1190 eam
219 1150 282 1191 rem
297 1135 389 1188 totam
405 1125 546 1188 definivit
569 1147 633 1188 can.
649 1129 676 1186 7.
692 1144 764 1186 sess.
782 1129 832 1188 24.
880 1127 936 1188 hoc
951 1129 1049 1209 ipsum
1064 1126 1178 1207 liquet;
1193 1128 1248 1208 qui
1263 1128 1366 1187 verbis
1380 1126 1569 1207 sequentibus

122 1288 124 1293 Α
139 1217 219 1278 Saue
234 1216 260 1276 si
274 1216 340 1274 viro
348 1222 417 1294 post
428 1213 579 1275 dimissam
591 1212 730 1273 adulterii
741 1232 835 1275 causa
881 1213 926 1288 id,
950 1213 1031 1295 quod
1047 1216 1151 1276 statuit
1167 1213 1205 1273 de
1220 1214 1285 1290 viro
1307 1231 1435 1274 uxorem
1453 1213 1569 1273 lrabsme

140 1305 297 1382 conjugem
312 1301 419 1361 liceret
433 1301 526 1362 uliam
541 1299 666 1372 ducere,
680 1319 728 1359 res
744 1300 833 1360 vehe-
880 1301 1032 1362 infidelem
1066 1309 1097 1363 et
1130 1301 1367 1364 consentientem
1402 1299 1567 1373 cohabitare,

139 1398 254 1450 menter
266 1386 397 1449 absurda
409 1397 600 1467 sequeretur:
616 1386 750 1448 melioris
767 1407 834 1446 cou-
882 1387 1002 1464 dicens,
1017 1406 1084 1449 nort
1100 1387 1241 1450 dimittet
1255 1388 1348 1446 illam
1355 1431 1366 1460 ,
1389 1387 1489 1446 statim
1503 1387 1565 1445 simi·

141 1477 259 1537 ditionis
275 1494 350 1546 esse,
367 1482 514 1553 quantum
530 1473 570 1534 ad
586 1481 765 1553 potestatem
781 1494 833 1533 nu·
881 1475 948 1536 litor
957 1474 1075 1535 dicitde
1084 1477 1220 1547 muliere,
1232 1492 1301 1535 nors
1313 1474 1459 1534 dimittet
1467 1474 1563 1533 virum.
1613 1508 1618 1541 1

139 1562 230 1623 bendi
245 1562 358 1635 attinet,
379 1559 546 1621 adulteram
562 1581 579 1618 a
594 1561 659 1621 viro
676 1559 835 1633 dimissam,
882 1561 942 1624 Sed
955 1562 1216 1640 streperas-isim
1229 1558 1392 1633 discedere,
1405 1559 1562 1640 sequestro
1616 1574 1618 1623 ζ

141 1670 230 1731 quam
246 1650 445 1720 innocentem,
461 1667 539 1727 quae
553 1647 650 1706 virum
665 1646 836 1708 adulterum
882 1649 988 1710 tribuit
1003 1668 1039 1708 ac
1052 1649 1185 1721 mulieri,
1208 1649 1239 1708 in
1263 1667 1316 1719 eo,
1338 1646 1424 1727 quod
1447 1646 1563 1724 subjicit:
1614 1677 1618 1713 1

141 1735 260 1797 dimisit.
298 1735 376 1794 Nam
399 1734 452 1794 illa
474 1743 576 1815 posset
602 1733 689 1793 alteri
715 1733 835 1806 nubere,
883 1737 974 1814 Quod
990 1735 1164 1810 eiiofidelie
1175 1735 1317 1810 discedit,
1334 1733 1486 1795 discedat.
1500 1731 1562 1791 Nan
1610 1762 1618 1795 ε

141 1822 237 1885 soluto
252 1841 306 1902 per
322 1820 502 1882 adulterium
525 1822 619 1899 priori
639 1821 837 1892 matrimonio,
882 1823 979 1883 virilis
1002 1823 1121 1901 generis
1145 1830 1191 1881 est
1213 1820 1370 1896 infidelis,
1397 1813 1417 1879 ὁ
1440 1812 1562 1890 ἄπιστος,
1605 1846 1612 1855 ·

141 1917 296 1991 postquam
312 1909 360 1967 vir
376 1909 464 1968 aliam
480 1907 631 1981 duxisset,
648 1907 721 1967 hacc
735 1914 837 1967 sutem
884 1911 940 1972 etsi
954 1908 1102 1969 muliebre
1117 1907 1360 1987 comprehendat
1603 1858 1618 1965 i

142 2016 200 2056 non
216 2003 327 2073 posset.
930 1999 978 2055 12.
994 1997 1080 2056 Nom
1095 1998 1224 2056 coeteris
1243 2014 1298 2070 epo
1314 1994 1404 2069 dico,
1431 2011 1497 2054 noa
1511 1993 1563 2052 Do-
1604 2012 1618 2055 z

184 2083 282 2163 Igitur
297 2101 369 2141 vera
384 2082 460 2141 ratio
476 2088 536 2154 est,
563 2080 739 2161 Apostolum
755 2078 838 2151 illud,
884 2086 999 2143 minoe.
1034 2081 1167 2156 Graece,
1199 2082 1338 2142 Ooeterie
1368 2088 1493 2156 ouum,
1520 2085 1563 2138 etc
1604 2068 1618 2163 'p

142 2170 221 2252 quod
244 2168 282 2229 de
304 2168 432 2227 muliere
456 2167 590 2240 dixerat,
616 2168 738 2228 hicnon
753 2164 837 2227 addi·
885 2169 1065 2250 Quaeritur,
1081 2168 1193 2248 quibus
1209 2165 1362 2229 caeteris?
1385 2167 1473 2228 Multi
1487 2172 1563 2227 creu-
1603 2176 1618 2223 i

142 2257 230 2328 disse,
246 2256 318 2335 quia
334 2255 460 2334 reliquit
470 2253 699 2334 intelligendum
715 2274 751 2314 ac
766 2273 837 2333 sup·
884 2278 933 2318 roe
949 2256 1121 2333 intelligunt
1136 2253 1326 2316 Christianos
1348 2254 1498 2315 habentes
1511 2271 1563 2312 cou-
1606 2272 1618 2309 z

142 2342 283 2424 plcndum
295 2360 333 2400 ex
342 2343 486 2421 superiori
495 2341 642 2403 membro:
658 2342 838 2420 praesertim
881 2345 973 2424 juges
989 2339 1136 2412 infideles,
1154 2340 1262 2421 quibus
1278 2341 1393 2402 scilicet
1409 2349 1480 2400 aute
1494 2336 1564 2399 iidem
1608 2356 1618 2389 ι

142 2451 211 2491 cum
237 2428 267 2489 id
295 2426 332 2487 de
357 2429 422 2488 viro
449 2431 521 2490 satis
545 2428 656 2488 luisset
676 2448 694 2487 a
718 2425 839 2488 Christo
887 2429 998 2492 Christi
1014 2437 1183 2508 susceptam
1198 2428 1315 2489 fuerant
1330 2428 1495 2506 conjuncti
1516 2424 1566 2484 lios
1609 2444 1618 2481 ι

143 2517 274 2578 Domino
290 2534 473 2594 expressum.
496 2515 539 2574 Et
552 2517 596 2575 ito
612 2514 699 2575 docet
711 2515 838 2594 August.
886 2518 965 2577 enim
1003 2522 1221 2596 consequenter
1255 2516 1376 2576 instruit
1413 2512 1567 2594 Apostolus
1614 2550 1618 2563 ·

143 2605 193 2664 lib.
212 2607 239 2662 1.
256 2600 295 2662 de
312 2621 450 2662 sermone
466 2602 590 2662 Domini
606 2604 636 2661 in
652 2609 750 2661 monte
773 2621 838 2680 cap.
887 2611 1032 2683 quantum
1059 2602 1098 2662 ad
1126 2603 1270 2682 conjuges
1298 2601 1506 2672 dimittendos,
1531 2592 1567 2656 rel
1615 2642 1618 2649 .

146 2692 194 2751 14.
211 2697 241 2749 et
259 2690 306 2748 16.
888 2712 948 2750 uon
964 2687 1172 2750 dimittendos:
1196 2708 1263 2748 cum
1285 2690 1316 2749 iu
1333 2687 1569 2768 praecedentibus

187 2775 246 2837 Sed
276 2775 355 2834 forte
385 2776 555 2856 quempiam
585 2774 683 2835 adhuc
711 2781 840 2847 moveat,
887 2785 1004 2837 tantum
1020 2777 1131 2856 egerit,
1148 2784 1181 2836 ut
1196 2775 1316 2849 volunt,
1343 2774 1382 2836 de
1397 2774 1570 2854 conjugibus,

145 2861 225 2944 quod
241 2881 333 2941 supra
348 2883 407 2922 uon
423 2861 500 2922 dixit
513 2860 693 2940 Apostolus,
716 2880 840 2920 uxorem
888 2884 1012 2945 quorum
1028 2874 1163 2941 uterque
1178 2862 1368 2923 Christianus
1385 2871 1475 2923 esset.
1513 2861 1570 2922 Su·

143 2970 202 3011 uon
216 2949 365 3009 dimittere
376 2949 481 3022 virum,
498 2948 646 3029 quomodo
661 2968 740 3008 nunc
756 2948 839 3007 dicit:
889 2971 953 3011 sum
977 2958 1077 3011 autem
1107 2949 1187 3009 hunc
1214 2949 1344 3010 iaciunt:
1372 2949 1507 3010 caeteris
1528 2965 1572 3025 ego

150 3038 208 3098 Vir
233 3054 367 3096 uxorem
393 3053 460 3096 nors
487 3036 644 3096 dimittet:
674 3035 729 3094 sed
754 3035 840 3108 dixit,
890 3037 1017 3111 suadeo,
1040 3045 1174 3098 caeteros
1198 3036 1300 3097 hortor
1320 3045 1350 3095 et
1365 3055 1483 3097 moneo.
1519 3034 1573 3094 Nou

144 3144 270 3185 uxorem
293 3142 311 3182 a
333 3124 398 3182 viro
422 3143 482 3183 non
513 3125 666 3202 separari:
695 3130 841 3201 tanquam
889 3126 968 3185 enim
983 3123 1082 3183 habeo
1096 3132 1291 3203 praeceptum
1302 3122 1438 3196 Domini,
1455 3120 1534 3202 quod
1548 3121 1574 3181 iis

148 3212 206 3272 hac
221 3210 388 3271 differentia
403 3210 547 3270 sermonis
569 3211 736 3270 insinuetur
751 3229 841 3287 quae·
890 3213 1068 3272 annuntiem.
1092 3211 1179 3269 Haec
1195 3210 1355 3290 Augustini
1373 3209 1527 3290 expositio
1541 3214 1575 3267 est

149 3297 218 3358 dam
237 3298 314 3377 juris
337 3297 491 3375 imperitus
515 3297 591 3358 inter
610 3299 707 3357 virum
723 3303 756 3356 ct
768 3317 841 3357 uxo·
890 3299 941 3358 lib.
958 3302 984 3358 1.
1001 3297 1040 3358 do
1056 3316 1142 3357 serm.
1156 3298 1277 3357 Domini
1290 3300 1320 3357 in
1336 3305 1440 3356 monte
1457 3316 1520 3376 cap.
1538 3295 1575 3355 16.

148 3405 225 3445 rem:
248 3394 281 3444 ιιι
304 3385 368 3442 ιίιο
392 3380 510 3463 quidem
534 3383 582 3461 jus
605 3389 769 3463 competat,
793 3383 842 3442 ubi
890 3394 919 3444 et
934 3385 984 3445 lib.
1012 3389 1038 3444 1.
1063 3384 1100 3444 de
1123 3383 1217 3444 adult.
1239 3385 1357 3462 conjug.
1384 3403 1454 3462 cap.
1472 3387 1521 3445 13.
1539 3383 1576 3442 ll.

149 3490 240 3535 causa
267 3470 383 3542 subest,
410 3489 532 3530 uxorem
560 3490 578 3529 u
605 3490 637 3530 se
663 3468 842 3541 dimittendi,
890 3480 921 3532 et
935 3471 1137 3552 sequentibus.
1170 3472 1334 3549 Augustini
1350 3471 1529 3531 sententiam
1544 3471 1576 3548 ip

148 3558 254 3618 mulier
269 3565 367 3617 autem
383 3556 530 3617 dimittere
545 3558 642 3617 virum
657 3577 716 3615 non
731 3557 841 3636 possit:
889 3560 952 3617 sius
967 3557 1066 3618 verbis
1080 3555 1213 3617 reddidit
1228 3557 1369 3618 Seduliue
1391 3557 1425 3616 in
1445 3575 1577 3617 commen·

147 3645 173 3703 si
188 3653 290 3705 tamem
304 3665 322 3704 a
337 3645 404 3704 viro,
419 3663 483 3703 eam
496 3643 661 3704 dimittente
677 3651 841 3723 separetur,
890 3645 976 3704 torio.
1001 3645 1097 3704 Juxta
1113 3663 1189 3723 quos
1200 3665 1260 3705 non
1271 3645 1440 3723 praecepti,
1456 3642 1511 3703 sed
1522 3663 1577 3701 con·

147 3739 182 3791 ut
206 3737 353 3805 moneat,
390 3729 470 3809 quod
497 3730 662 3810 Apostolus
687 3729 842 3810 praecipit,
889 3730 948 3791 silii
965 3739 1009 3790 est
1025 3729 1063 3802 id,
1079 3729 1159 3810 quod
1174 3732 1321 3810 sequitur,
1345 3746 1384 3791 ue
1406 3729 1507 3791 fidelis
1521 3749 1577 3789 cou-

147 3821 299 3894 innupto,
315 3825 372 3877 out
387 3820 458 3877 viro
470 3819 699 3879 reconcilietur.
722 3818 841 3895 Exque
886 3817 992 3897 jugem
1015 3815 1166 3877 infidelem
1194 3816 1338 3889 dimittat,
1370 3816 1395 3876 si
1419 3817 1578 3878 consentiat

146 3904 257 3967 deinde
284 3923 472 3984 consequens
501 3905 554 3977 sit,
585 3904 661 3964 hanc
688 3902 841 3984 praecepti
889 3924 989 3964 secum
1005 3902 1149 3964 habitare.
1188 3901 1259 3983 Qua
1282 3904 1313 3964 in
1335 3923 1369 3962 re
1383 3904 1577 3983 Augustinus

146 4001 261 4071 partem
292 3990 331 4052 ad
359 3991 455 4050 virum
481 4012 540 4051 non
566 3993 731 4071 pertinere:
759 3987 841 4069 quod
890 3998 1055 4071 sequuntur
1071 3999 1157 4049 autor
1171 3990 1293 4068 glossae
1310 3990 1520 4062 interlinealia
1532 3988 1579 4049 Pe

145 4078 269 4139 volebat
283 4077 462 4138 Ambrosius
479 4077 530 4138 ille
545 4069 742 4156 ψευδὸνυμος.
889 4087 952 4137 trus
968 4075 1157 4137 isembardus
1180 4077 1230 4137 lib.
1255 4080 1284 4137 4.
1301 4076 1425 4139 Senten.
1454 4077 1522 4139 dist
1537 4076 1579 4136 39.

187 4166 299 4225 Verum
330 4163 419 4223 facile
446 4164 559 4225 tollitur·
588 4163 637 4227 hic
671 4163 839 4242 scrupulus.
889 4163 1154 4246 etGratisnusdB.
1168 4174 1284 4243 quaest
1301 4168 1405 4243 1.csp.
1430 4167 1579 4234 semim

144 4253 221 4312 Nam
234 4249 384 4311 dimittere
396 4258 428 4310 et
439 4251 581 4332 separari,
598 4271 654 4331 pro
667 4269 726 4330 quo
739 4257 840 4310 noster
889 4250 1076 4331 approbante
1087 4250 1198 4330 glossa
1221 4249 1298 4312 Item
1311 4250 1482 4325 Hervueus,
1496 4250 1579 4330 Aqui·

145 4340 291 4417 interpres
307 4338 395 4397 vertit
410 4335 580 4411 discedere,
591 4335 710 4413 ,eadem
727 4344 795 4395 sunt
810 4337 841 4396 in
889 4358 951 4409 nas,
967 4337 1094 4398 Liranus
1110 4345 1141 4398 et
1156 4335 1376 4399 carthusianus
1393 4339 1426 4398 iu
1444 4355 1580 4401 commm-

144 4445 177 4485 re
191 4425 359 4504 praesenti:
382 4424 440 4483 uisi
463 4424 545 4504 quod
560 4425 606 4483 vir
628 4421 779 4484 dimittere
795 4442 840 4482 so·
888 4425 988 4485 tariis:
1004 4443 1061 4483 nec
1076 4445 1137 4485 non
1151 4424 1341 4486 senteutiarii
1356 4424 1513 4506 plerique,
1525 4421 1581 4504 qui

144 4511 205 4572 lest
211 4509 348 4588 jubendo
361 4529 396 4570 ac
406 4509 543 4583 dicendo,
556 4528 640 4573 uuor
650 4510 839 4586 oadeforoe,
887 4510 944 4572 bus
959 4519 990 4571 et
1005 4510 1180 4572 Dominicus
1195 4508 1288 4573 Setus
1302 4509 1430 4573 umedit

143 4604 177 4656 ut
202 4603 249 4658 est
274 4597 305 4657 in
335 4598 566 4678 epigrammate:
596 4596 703 4657 mulier
729 4603 839 4671 autem,
931 4597 1041 4658 Verum
1058 4597 1126 4658 eliis
1142 4597 1215 4658 haec
1230 4598 1383 4660 sententia
1402 4618 1468 4660 non
1480 4596 1578 4678 plebs·

143 4702 222 4765 quse
232 4683 343 4762 jubere
365 4704 426 4744 non
448 4691 566 4764 potest,
589 4681 719 4745 dimittat
740 4681 837 4743 disce·
887 4691 950 4758 tur,
976 4703 1032 4745 nec
1053 4703 1125 4745 vero
1147 4684 1307 4764 probanda
1330 4692 1386 4746 cst
1425 4685 1579 4767 linquam
