3254 5190
472 280 861 340 svsmnmmuonrnos.
899 281 983 338 v.
1001 286 1059 374 s.¹
1409 289 1483 358 249

45 456 164 519 laedes
177 477 248 538 esp.
264 459 303 532 b,
325 476 405 538 quae
418 465 519 519 tamen
533 459 670 520 snmlem
685 460 739 520 ha·
788 480 876 522 aures
892 458 1026 520 adhunc
1043 459 1148 532 finem,
1170 467 1205 520 ut
1227 481 1287 520 non
1308 457 1434 520 videant
1456 465 1486 520 et

45 544 108 603 best
128 563 148 603 e
168 545 282 625 priori,
305 543 357 603 ubi
384 546 520 625 proxime
542 546 739 626 sequebatur:
788 568 848 609 non
863 545 1003 620 audiant,
1025 545 1081 607 sed
1102 567 1162 607 non
1184 545 1319 616 dedisse,
1341 553 1377 605 nt
1391 543 1486 606 oculis

44 630 166 690 daudet
181 631 289 692 oenlm
310 637 435 693 cestros.
473 630 664 712 Quamquam
680 653 740 693 uon
788 634 940 707 viderent,
964 640 995 693 et
1008 634 1131 695 nuribus
1146 631 1297 708 audirent,
1320 631 1351 692 id
1367 639 1427 706 est,
1451 639 1487 691 nt

45 717 110 797 ipsis
124 718 249 778 omuino
263 716 438 796 Prophetae
447 716 548 778 verbis
559 718 608 778 hic
622 719 737 780 citatur.
788 718 976 782 attenderent
991 717 1030 779 ad
1053 739 1105 794 ea,
1135 738 1214 799 qnae
1230 716 1370 779 viderent
1385 727 1418 779 et
1431 736 1484 777 au·

45 804 88 864 Sic
101 804 183 864 subn
200 802 283 884 apud
293 804 476 884 Prophetam
487 811 518 865 et
532 802 572 864 ad
586 805 684 884 ipsum
700 804 739 866 de
788 807 913 868 dierant

46 890 151 969 populo
162 889 300 951 Judsiee
310 889 444 970 loquitur
454 889 614 952 Dominus:
636 896 739 953 Aures
752 884 755 888 “
830 893 935 973 Igitur,
948 890 1030 970 quod
1042 889 1080 950 de
1090 891 1114 953 J
1115 889 1221 952 ndeeis
1232 888 1305 950 dicit
1313 889 1484 970 Apostolus,

46 980 276 1053 evaporans,
300 983 330 1036 et
345 977 452 1038 oeulos
467 977 678 1057 ejasclande5
697 997 739 1040 ne
788 976 958 1058 hujusmodi
979 984 1037 1036 est:
1068 977 1232 1037 ItnaDeo
1253 976 1392 1038 derelicti
1406 984 1485 1050 sunt,

45 1063 121 1138 feste
139 1063 250 1124 videet
264 1063 363 1124 oculis
377 1065 457 1138 suis,
482 1071 512 1123 et
526 1064 660 1125 auribus
674 1068 739 1126 suis
787 1075 834 1139 ut,
868 1062 949 1144 quod
975 1063 1088 1123 homiui
1114 1070 1256 1144 soporato
1282 1064 1429 1142 contingit
1452 1064 1485 1122 in
1554 1061 1557 1069 '

46 1149 170 1226 cadim,
206 1156 237 1209 et
262 1149 358 1209 corde
387 1168 443 1210 suc
468 1150 646 1225 intelliyat,
681 1159 737 1212 etc.
788 1170 927 1231 corpore,
949 1152 1104 1229 patientur
1126 1151 1157 1209 in
1179 1150 1294 1223 animc3
1317 1150 1433 1212 scilicet
1451 1156 1486 1209 ut

45 1235 200 1316 dilegatur
220 1235 300 1297 idem
321 1236 407 1296 loeus
421 1237 489 1297 Aet.
513 1234 566 1295 nlt.
584 1245 616 1297 et
630 1237 737 1297 Matth.
786 1257 859 1321 prae
874 1243 994 1316 stupore
1009 1255 1066 1297 nec
1082 1236 1175 1296 oculis
1189 1243 1311 1296 utantur
1325 1234 1364 1296 ad
1379 1236 1484 1296 viden·

48 1326 97 1397 13Ἰ
121 1320 177 1383 sed
200 1323 291 1401 juxta
315 1324 483 1383 versionem
507 1323 615 1398 Lxx,
637 1323 738 1385 verbis
787 1325 875 1398 dnm,
897 1342 953 1383 uec
969 1323 1093 1384 auribus
1116 1321 1155 1383 ad
1172 1321 1368 1396 audiendum,
1392 1324 1437 1383 sic
1450 1328 1485 1381 nt

47 1407 174 1470 nonnihil
197 1407 238 1468 ab
260 1407 402 1469 Hebraeo
424 1407 652 1488 discrepantem.
689 1409 737 1471 sd
786 1409 943 1472 adsudant
958 1412 1066 1471 animis
1089 1408 1129 1468 ad
1143 1409 1287 1489 mysteria
1307 1408 1412 1470 salutis
1431 1428 1485 1489 per

48 1515 128 1576 quun
150 1496 245 1555 etism
266 1495 389 1555 Marone
411 1502 442 1555 et
463 1495 565 1556 Lucas
581 1495 737 1570 secedunt,
785 1496 988 1577 Evangelinm
1002 1495 1165 1570 revelatae,
1176 1494 1270 1576 idque
1285 1515 1394 1576 exque
1409 1504 1483 1557 tem·

48 1583 187 1662 idipsum
202 1580 374 1661 Prophetae
389 1582 590 1642 testimoninm
605 1582 738 1644 breviter
787 1604 857 1666 pore
873 1582 1011 1644 Christus
1026 1583 1159 1656 advenit,
1175 1602 1273 1663 nsque
1286 1583 1319 1644 in
1330 1601 1483 1662 praesens.

48 1670 230 1748 affingentes,
245 1668 298 1728 ille
312 1687 379 1747 esp.
395 1671 434 1741 4.,
448 1669 505 1728 iste
520 1688 586 1748 esp.
603 1670 632 1728 8.
663 1669 736 1730 an·
785 1669 948 1732 Manifeste
971 1669 1122 1731 convincit
1137 1669 1185 1729 hic
1208 1669 1309 1743 locus,
1330 1677 1364 1728 ut
1386 1679 1417 1730 et
1430 1669 1484 1730 elii

48 1753 407 1826 terumillsmclansulam,
422 1756 737 1831 usqsseinbodt'erum
786 1756 914 1830 similes,
943 1757 987 1817 its
1009 1754 1156 1836 quosdam
1177 1776 1196 1815 a
1217 1757 1286 1817 Dec
1309 1754 1423 1831 deseri,
1450 1763 1485 1815 ut

48 1841 130 1917 diem,
151 1859 236 1922 quae
250 1838 333 1920 apud
347 1839 533 1919 Prophetam
549 1864 608 1903 non
619 1842 738 1922 legitur,
786 1843 932 1904 auxilinm
949 1845 986 1903 iis
1000 1849 1122 1923 praesto
1137 1844 1265 1917 nonsit,
1288 1862 1350 1922 qno
1366 1862 1398 1902 se
1414 1863 1483 1903 con·

49 1927 142 1988 lesse
152 1926 288 1988 Paulum
304 1925 455 2006 adjecisse
468 1936 585 2008 putant,
597 1938 632 1988 ut
647 1929 737 2008 signi·
787 1937 920 2004 vertant3
951 1929 1004 1990 sed
1025 1928 1064 1989 sd
1087 1948 1155 1989 eam
1177 1949 1238 1990 rem
1261 1948 1340 1988 novo
1363 1928 1485 1990 divinae

49 2013 192 2088 leuetid,
202 2011 738 2095 quodpraedictumestaProphete,
786 2018 904 2097 gratiae
926 2017 1040 2076 anxilio
1063 2035 1139 2095 opus
1156 2034 1239 2087 esse,
1262 2013 1301 2076 de
1322 2034 1382 2095 quo
1405 2015 1484 2077 idem

46 2102 97 2180 jam
117 2099 276 2182 impletum
299 2117 382 2174 esse,
405 2109 436 2160 et
457 2100 593 2180 quotidie
610 2101 737 2182 impleri,
785 2101 949 2183 Apostolus
973 2107 991 2163 2
1015 2102 1094 2161 Tim.
1118 2104 1164 2159 2.:
1187 2104 1222 2163 ss·
1242 2102 1373 2179 qnando
1396 2104 1484 2163 Deus

49 2186 122 2268 qussi
148 2186 251 2248 diest:
273 2187 472 2266 Experieutie
497 2208 577 2248 nunc
601 2197 737 2263 testatur,
786 2192 838 2250 det
851 2190 917 2248 illis
928 2191 1161 2265 poenitentiam
1176 2189 1220 2248 od
1235 2189 1483 2264 coquoscmdam

48 2275 80 2334 ite
93 2293 126 2335 se
139 2294 204 2335 rem
219 2272 341 2335 bebere.
785 2279 959 2337 veritatem.

80 2358 139 2421 Sed
152 2368 190 2421 ut
204 2359 318 2432 demus,
333 2358 514 2439 Apostolum
529 2361 633 2440 aliquo
648 2360 737 2423 modo
830 2364 857 2422 9.
880 2365 924 2424 Et
938 2360 1048 2423 David
1066 2359 1159 2419 dicit:
1182 2356 1315 2436 (Psalmo
1333 2357 1395 2433 68.)

48 2448 209 2526 respexisse
223 2445 263 2506 ed
286 2454 480 2507 memoratum
494 2446 613 2508 Ieseieo
628 2447 736 2522 locum,
829 2451 905 2511 stas
919 2466 1027 2509 mensa
1043 2464 1152 2507 eorum
1173 2451 1210 2508 in
1232 2447 1379 2523 laqueum
1404 2456 1433 2508 et
1447 2449 1483 2507 in

48 2535 186 2595 veriorem
212 2540 314 2593 umen
343 2531 469 2594 arbitror
499 2534 648 2607 Herveei,
686 2535 738 2615 qui
785 2539 974 2611 ceptionem,
992 2542 1021 2594 et
1035 2537 1071 2595 in
1087 2535 1275 2594 scandalum
1290 2539 1320 2593 et
1334 2536 1370 2594 in
1385 2536 1482 2593 setri-

48 2620 171 2682 inselmi
193 2618 281 2680 titulo
301 2619 388 2680 citari
410 2619 534 2695 solitus,
558 2622 737 2682 sententiam
786 2623 945 2684 bettonem
966 2622 1037 2681 illis.
1075 2619 1137 2680 Hic
1158 2639 1264 2682 verens
1286 2619 1318 2680 in
1340 2620 1482 2682 Hebraeo

48 2707 183 2767 s'lcleto
198 2704 366 2786 probatam,
388 2706 518 2767 Paulnm
529 2709 650 2787 proprie
664 2706 738 2767 heec
785 2709 829 2773 sio
841 2709 970 2789 legitur:
992 2710 1067 2769 Erit
1077 2726 1186 2768 mensa
1199 2725 1309 2768 eorum
1321 2726 1428 2769 cosam
1440 2708 1484 2766 eie

48 2793 128 2854 verbs
142 2793 351 2873 desumpsisse
366 2811 407 2852 ex
421 2792 507 2853 Mose
517 2793 610 2854 Dent
626 2796 676 2855 29.
694 2794 736 2854 lo·
785 2799 820 2857 ie
849 2797 1016 2873 laqueum,
1050 2802 1080 2855 et
1108 2797 1144 2856 in
1173 2793 1412 2869 retributiones,
1447 2797 1482 2854 in

48 2889 147 2959 queste
161 2878 203 2940 ed
227 2898 343 2939 omnem
358 2878 470 2939 Israel:
493 2882 537 2941 Et
559 2899 628 2942 noe
650 2881 737 2940 dedit
785 2883 1019 2961 offendiculum.
1057 2880 1110 2942 Sic
1132 2891 1233 2942 autem
1260 2880 1342 2959 apud
1364 2879 1483 2942 Lxx.:

49 2966 123 3027 uobis
137 2966 556 3042 Dorm'nusecrintells'pens
570 2966 737 3044 (Hebraico
785 2971 978 3031 Fietmensa
986 2987 1096 3029 eorum
1104 2986 1214 3028 eoram
1223 2969 1308 3028 eisin
1321 2971 1481 3045 laqueum,
1596 2975 1604 2982 '

48 3051 83 3111 sd
105 3049 382 3130 Mtpendum),
407 3059 437 3112 et
462 3054 569 3116 oculos
594 3054 737 3115 videntes
785 3064 815 3116 et
836 3060 873 3118 in
892 3056 1150 3130 retribationem,
1174 3063 1203 3116 et
1225 3058 1261 3114 in
1282 3055 1481 3129 scandalum,

47 3135 204 3215 (Hebraico
219 3139 264 3199 od
280 3137 479 3218 videndum),
492 3149 522 3200 et
536 3159 639 3215 anses,
655 3160 737 3218 quae
785 3143 849 3204 sive
876 3143 1112 3221 offendiculam.
1155 3142 1207 3202 le
1235 3160 1294 3221 qno
1320 3141 1430 3223 liquet,
1463 3161 1483 3200 a

45 3233 169 3303 potsunt
198 3225 313 3287 audire
343 3221 508 3302 (Hebraico
531 3228 574 3288 ad
597 3228 736 3288 audien·
784 3228 880 3291 Paulo
892 3229 1028 3290 additum
1045 3247 1126 3302 esse,
1149 3227 1228 3307 quod
1244 3226 1336 3289 habet
1350 3224 1482 3288 secundo

47 3312 138 3394 dun),
161 3332 263 3391 aesque
283 3317 320 3374 in
333 3321 532 3389 praesentem
548 3315 640 3375 diem.
676 3315 737 3377 Hic
784 3318 851 3378 loco
867 3307 919 3375 καὶ
934 3309 981 3385 εἷς
994 3308 1102 3393 θήραν,
1126 3323 1156 3375 et
1169 3318 1206 3375 in
1218 3317 1406 3390 captiosum,
1429 3332 1483 3373 sen

46 3400 213 3462 suimvides
223 3399 372 3479 edjectam
385 3400 551 3462 elansulem
564 3420 643 3482 quae
654 3401 735 3482 apud
785 3406 989 3466 venedorum
996 3425 1008 3480 ,·
1031 3403 1090 3463 nisi
1111 3401 1187 3462 forte
1204 3422 1258 3482 pro
1274 3401 1386 3481 laqueo
1401 3403 1481 3462 Pen-

46 3486 167 3548 lesaiam
181 3507 244 3548 nou
257 3485 436 3568 apparebat3
458 3488 582 3548 ntnihil
597 3508 672 3569 opus
688 3491 736 3564 sit,
783 3492 831 3550 lns
857 3493 1025 3570 captionem
1053 3489 1175 3568 scripsit
1206 3484 1286 3566 (nem
1316 3487 1395 3550 idem
1419 3486 1483 3549 iere

47 3593 104 3634 ern
117 3573 224 3636 iacere
237 3572 327 3635 Pauli
337 3572 584 3635 additamentum.
784 3573 976 3656 significent),
991 3595 1057 3637 enm
1073 3594 1145 3636 vero
1157 3584 1282 3656 partem,
1298 3566 1344 3644 et<
1355 3568 1482 3651 παγίδα,

80 3660 144 3722 llee
166 3657 275 3734 telem,
298 3660 381 3740 qued
404 3657 444 3720 ad
464 3661 539 3721 alios
560 3662 677 3735 Moses,
700 3682 736 3723 ac
784 3667 821 3724 in
843 3664 1010 3741 laqueum,
1034 3682 1074 3723 ex
1094 3663 1309 3744 interpretibus
1328 3661 1428 3723 LXX.
1451 3663 1482 3721 in

47 3743 79 3806 de
96 3745 167 3808 eliis
189 3744 306 3807 Paulus
328 3746 506 3827 loquantur,
528 3747 670 3829 qnodque
692 3747 735 3809 di·
782 3753 917 3830 margine
944 3750 1099 3830 scriptam,
1135 3751 1235 3810 textui
1260 3750 1413 3830 quispiam
1439 3749 1482 3808 in·

46 3851 154 3894 versum
178 3831 257 3893 diem
281 3831 415 3893 indicent
436 3832 618 3896 hodiernum.
655 3835 735 3896 Nem
783 3838 917 3898 seruerit

46 3918 91 3993 dli,
111 3919 150 3981 sd
166 3938 244 4000 qnos
258 3919 369 3994 Moses,
392 3928 476 3980 erant
490 3923 734 4000 petresistnmm,
825 3923 919 3984 Porro
946 3944 1007 3983 non
1032 3929 1078 3984 est
1103 3920 1273 3995 diversum,
1310 3919 1391 4000 quod
1415 3920 1482 3979 loco

46 4002 202 4087 dequibus
217 4006 350 4079 Paulus,
373 4014 402 4066 et
424 4006 463 4066 ad
478 4026 555 4086 qnos
570 4009 734 4069 Dominus:
783 4009 868 4071 verbi
890 4011 1070 4071 enuntiativi
1091 4011 1168 4084 erit,
1190 4007 1307 4068 Panlns
1321 4005 1421 4066 LXX.
1438 4024 1481 4066 se

46 4092 171 4170 Implete
183 4111 369 4155 mensuram
388 4101 524 4170 patrum
546 4103 733 4171 vestrorum,
782 4105 867 4158 cutus
879 4097 1000 4175 scripsit
1009 4093 1196 4176 imprecandi
1206 4093 1294 4153 medo
1307 4084 1481 4170 γενηθήτω,

45 4176 140 4263 Μ
165 4184 226 4253 23,
248 4188 282 4241 ut
301 4178 443 4261 proinde,
474 4200 551 4262 quae
572 4183 604 4242 in
625 4181 693 4242 illos
715 4201 735 4240 e
782 4183 848 4260 fiet.
885 4181 964 4242 Nam
991 4182 1119 4244 intentio
1143 4178 1316 4259 Prophetae
1339 4185 1400 4250 est,
1422 4197 1481 4239 non

45 4263 121 4327 lose
133 4267 217 4328 dieta
232 4275 317 4342 suut,
334 4268 486 4346 ¹,apposite
509 4268 601 4328 etiam
616 4271 646 4329 iu
661 4269 734 4329 istos
781 4269 863 4331 nude
886 4269 1062 4349 praedicere
1082 4268 1160 4328 banc
1178 4285 1322 4347 poenam,
1345 4263 1399 4323 sed
1414 4283 1481 4325 eam

45 4348 174 4415 dicentur
195 4373 215 4413 a
235 4352 351 4427 Paulo;
372 4354 502 4415 maxime
523 4353 606 4434 qnod
627 4355 734 4414 horum
782 4365 925 4438 tanquam
937 4356 1053 4433 justam
1068 4362 1175 4433 optare
1191 4360 1221 4413 ot
1235 4350 1419 4433 approbere3
1433 4360 1480 4411 nt·

45 4441 124 4501 εἴη
134 4449 241 4521 typum
253 4438 404 4520 quendam
415 4439 604 4520 prseierrent
615 4442 667 4502 ills
678 4461 734 4502 sua
774 4451 852 4530 pote
867 4443 954 4521 cnjus
970 4444 1025 4515 sit,
1048 4462 1133 4501 suem
1156 4439 1345 4500 voluntatem
1359 4435 1480 4499 divinae

44 4527 128 4587 suini
142 4526 256 4588 duritie
270 4535 301 4588 et
316 4524 526 4587 obstinatione.
564 4528 616 4588 Ex
629 4527 733 4589 iisdem
781 4529 929 4591 voluntati
944 4529 1004 4589 sibi
1019 4536 1101 4589 certo
1124 4527 1262 4607 cognitae
1286 4522 1479 4585 conformare.

44 4610 111 4674 lesi
124 4612 228 4674 verbis
241 4612 433 4693 intelligitur,
455 4633 515 4675 non
531 4634 598 4675 esse
612 4634 734 4675 sensum
782 4616 872 4697 Quod
894 4635 933 4677 ex
956 4635 992 4676 eo
1014 4623 1114 4696 patet,
1137 4615 1210 4696 qnia
1233 4611 1387 4694 Propheta
1408 4631 1480 4672 mox

43 4697 138 4775 Pauli,
160 4700 259 4762 Deum
281 4699 403 4762 dedisse
424 4698 555 4762 Judaeis
575 4701 679 4762 oculos
702 4710 734 4768 et
782 4705 820 4765 ab
851 4703 1039 4768 enuntiativo
1068 4701 1156 4764 modo
1183 4698 1222 4761 ed
1240 4699 1481 4785 imprecativum
