3254 5190
94 284 167 351 nte
466 312 470 321 .
590 272 1039 337 muneremunere·

92 453 183 515 tionis
209 453 254 514 rei
278 459 363 522 sunt,
389 457 441 511 aut
467 450 556 511 etiam
582 447 731 530 perfidiae
757 451 787 511 ln
836 451 934 531 textui
960 447 1043 528 apud
1069 447 1151 524 illos,
1177 458 1310 530 exeepto
1335 449 1515 523 Primasieet

90 539 190 599 Deum
219 556 255 599 ao
284 536 436 616 semilegii
469 538 582 598 crimen
618 538 786 597 ineurrunt:
837 537 1046 608 carthusiano,
1062 537 1207 601 insertum
1215 538 1269 597 ait
1292 536 1354 609 His
1368 533 1515 598 mediter

92 623 342 703 quemadmodum
381 622 590 685 adnotavimus
626 621 666 684 ed
698 621 788 685 illud:
837 622 962 687 Grneois
985 623 1117 683 Basilius
1143 624 1195 685 lit.
1208 623 1259 691 ‚de
1281 642 1356 687 vera
1377 623 1516 702 virginet

92 711 184 789 (leod
198 713 225 772 si
238 728 307 773 non
322 730 353 771 se
368 713 545 783 continent,
560 708 694 771 nubant.
837 709 933 771 eodex
947 709 1089 788 Apostoli
1103 707 1240 771 Graecus
1256 708 1424 777 Vaticanus
1443 709 1514 771 niet

134 798 184 858 lix
205 797 262 859 hoo
285 796 368 869 loeo,
394 797 481 859 simul
504 817 543 857 ex
558 805 583 856 a
592 804 621 855 te
641 795 787 875 superiori
837 796 1037 874 antiquitatis,
1053 805 1130 857 teate
1144 795 1284 859 Mariano
1301 798 1334 857 in
1348 792 1466 870 seholiit
1477 815 1513 855 rr·

90 891 236 945 eontextn
256 885 356 963 palem
378 882 541 945 destruitur
563 902 644 943 error
659 882 788 943 hoereti-
836 903 890 962 per
905 882 1031 943 Hieron.
1055 881 1362 963 Hnodeniquefauit
1376 880 1514 943 munet

90 990 191 1031 oerum
203 973 295 1032 nostri
308 972 459 1049 temporis,
470 970 522 1048 qui
534 978 623 1029 vetus
633 968 789 1030 Joviuiani
836 968 992 1049 Apostoli,
1007 970 1109 1044 liuatu
1126 976 1178 1044 est,
1196 970 1334 1031 liberatn
1349 976 1403 1031 ert
1435 965 1513 1047 Quen

91 1056 201 1135 dogma
229 1066 424 1130 renovantes,
454 1056 627 1135 eonjugium
657 1063 788 1133 sequent
837 1064 866 1115 et
892 1055 1098 1135 Hieronymus
1125 1055 1257 1118 attendit
1281 1057 1314 1117 in
1341 1052 1513 1136 epistoltrd

90 1143 267 1222 virginitati.
290 1141 453 1203 Refellitnr
469 1144 539 1201 item
554 1143 788 1214 commentarius,
836 1142 1041 1221 ageruchiam
1052 1162 1120 1223 esp.
1131 1145 1163 1203 2.
1175 1141 1294 1204 dietum
1319 1144 1446 1205 Vsusne
1459 1143 1512 1200 nito

91 1249 152 1310 qno
165 1230 278 1291 bonnm
301 1230 333 1291 iu
354 1230 414 1293 hoe
435 1229 536 1311 sepite
555 1230 789 1309 interpretantur
835 1231 953 1291 mulier
975 1231 1112 1304 altipeta
1134 1237 1194 1305 tet,
1217 1238 1251 1297 ,et
1271 1237 1400 1297 monne
1421 1227 1511 1293 soleta

89 1316 285 1392 eommodnm,
301 1316 382 1397 qued
392 1315 518 1399 molesto
534 1316 701 1396 opponitur.
719 1315 789 1375 Hoe
836 1317 918 1379 Sene
931 1317 997 1377 tisri
1009 1319 1114 1396 potnit,
1128 1325 1162 1379 nt
1177 1337 1216 1381 ea
1230 1316 1322 1379 diano
1336 1318 1412 1392 topi,
1427 1315 1512 1375 nnn

90 1404 170 1465 enim
183 1413 274 1484 paeto
289 1404 461 1483 eonjugium
476 1403 532 1462 erit
546 1402 668 1476 malum,
682 1409 789 1480 utpote
837 1401 963 1465 Graeois
985 1423 1077 1483 quern
1101 1404 1135 1474 in
1151 1404 1270 1465 Latinis
1296 1400 1451 1473 endieils'ns
1468 1399 1511 1461 tu

89 1511 141 1554 res
155 1490 359 1553 molestiarum
374 1488 473 1569 plena.
510 1488 606 1571 Atqui
620 1488 694 1549 dicit
707 1489 788 1567 Apo·
836 1489 1097 1553 transsoriberstnr
1111 1509 1151 1559 ex
1165 1490 1231 1551 loen
1252 1490 1344 1551 simili
1357 1485 1510 1570 qnemdixi,

90 1577 204 1651 stolus,
220 1597 288 1641 enm
302 1578 379 1641 bene
394 1574 509 1649 faeere,
530 1575 583 1654 qui
597 1576 788 1637 matrimonio
835 1576 921 1637 Rom.
940 1579 968 1639 1.
989 1576 1103 1639 &usne
1117 1585 1221 1639 eutem
1235 1575 1335 1637 clerus
1349 1584 1414 1643 est:
1427 1571 1509 1635 nolis·

87 1664 192 1744 jungit
205 1663 298 1727 tiliam
312 1683 413 1725 snam:
436 1661 490 1723 aed
515 1662 637 1735 molins,
659 1663 788 1743 quinon
836 1684 901 1725 rem
916 1663 1041 1744 ligatam
1056 1682 1126 1726 esse
1140 1663 1262 1725 vinculo
1277 1665 1421 1743 conjugii.

87 1752 201 1831 jungit
238 1750 311 1813 Non
331 1770 403 1829 ergo
425 1750 535 1811 bonnm
553 1746 697 1829 intelligit
712 1767 787 1809 com·
876 1752 1008 1829 Quanto
1024 1758 1164 1826 tempore
1186 1753 1239 1811 vir
1265 1753 1333 1824 ains
1348 1753 1436 1813 uiuit
1466 1748 1510 1811 Pro

90 1837 220 1899 modum.
258 1836 309 1899 Sie
331 1837 410 1899 enim
429 1857 491 1899 non
513 1836 606 1910 beue,
633 1835 687 1898 sed
709 1834 788 1895 male
836 1858 897 1918 quo
912 1839 998 1899 Rom.
1024 1839 1307 1913 internecuno,
1331 1840 1511 1911 sive,ntatt

92 1923 221 1999 meret,
243 1925 296 2005 qni
315 1922 409 1989 tiliam
430 1924 620 1984 matrimonio
634 1925 789 2003 jungeret,
837 1923 971 1995 Graece:
988 1926 1110 1986 uiuenti
1125 1927 1205 1985 otro.
1227 1924 1278 1985 Ex
1290 1933 1419 2005 utroque
1432 1931 1510 1985 man

91 2020 126 2072 nt
145 2012 199 2092 qni
218 2011 320 2073 multis
342 2030 409 2074 eam
431 2009 642 2085 incommodis,
663 2027 743 2090 ques
757 2008 789 2067 in
835 2011 902 2080 loeo
931 2018 1012 2073 reete
1041 2009 1152 2073 donent
1176 2010 1347 2090 Theologi,
1373 2006 1511 2073 insolubile

91 2098 281 2161 matrimonio
296 2106 374 2172 eunt,
389 2098 545 2176 objiceret.
568 2097 672 2177 Quare
686 2114 787 2157 oense·
836 2118 906 2163 esse
931 2099 1152 2159 matrimonium
1179 2107 1308 2178 noeque
1333 2099 1461 2178 conjuge
1480 2095 1511 2155 ri

92 2204 191 2265 quens
214 2196 262 2247 est
282 2185 410 2264 intelligi
424 2185 536 2247 bonnm
558 2183 684 2256 morale,
710 2190 744 2244 et
757 2181 789 2243 iu
835 2192 934 2245 vente.
969 2184 1069 2264 quue
1084 2204 1125 2245 ex
1139 2182 1275 2264 professo
1290 2183 1395 2259 tradit.
1409 2185 1511 2262 leupo

92 2291 128 2333 eo
151 2270 233 2351 qaod
255 2271 439 2347 dieitbsne,
464 2271 547 2332 etin
561 2290 598 2332 eo
619 2267 701 2350 qnod
717 2267 790 2329 dicit
836 2271 982 2334 tissimm
1013 2280 1099 2333 utens
1126 2272 1290 2351 seriptura,
1318 2269 1512 2351 Chrysoun

91 2359 215 2425 melina.
255 2358 401 2439 Sequitur
422 2358 557 2419 dormine
584 2356 623 2421 de
648 2353 789 2418 secundia
835 2378 923 2419 serm.
945 2356 985 2419 de
1006 2355 1112 2419 libello
1134 2356 1269 2437 repudii..
1299 2357 1441 2438 intellige
1458 2372 1513 2417 sert

92 2446 215 2525 nuptiis.
836 2445 954 2509 dietum
962 2444 1115 2524 Apostoli,
1136 2453 1223 2506 extra
1237 2463 1344 2505 oenum
1363 2466 1452 2525 quem
1464 2445 1524 2523 ips·

135 2533 321 2599 39„de
335 2532 474 2608 nllipnte
496 2538 541 2593 est
554 2531 626 2606 lapi.
663 2528 788 2600 Greeee,
836 2531 948 2593 dudum
963 2532 1082 2612 exeepit
1103 2530 1164 2603 iilis
1184 2530 1304 2593 verbis:
1327 2532 1421 2610 Quod
1438 2532 1515 2595 etia·

93 2608 215 2678 δέδεται
231 2613 331 2699 νόμῳ,
348 2620 450 2694 liyato
465 2624 507 2678 est
522 2619 600 2694 lupi,
624 2616 673 2676 vel
688 2616 788 2695 potius
836 2617 939 2695 tidelis
953 2617 1256 2692 tormentuosum
1278 2619 1515 2681 Nontat'nrra·

87 2704 175 2787 lene,
199 2705 313 2767 seilieet
326 2704 526 2776 metrimonii,
547 2711 582 2765 ut
596 2701 788 2763 diseederea
836 2706 932 2769 vitati
946 2704 1099 2779 mojona
1113 2712 1168 2779 sat,
1185 2714 1243 2765 ete
1270 2704 1317 2765 nt
1330 2707 1406 2785 qnia
1419 2704 1516 2775 dent·

91 2806 145 2851 eno
160 2791 226 2873 piro
242 2792 340 2855 etalii
353 2793 467 2857 nubere
481 2810 543 2852 non
557 2789 661 2869 poerit
700 2789 788 2869 Quae
836 2792 980 2857 trimeniis
1016 2792 1228 2853 consummetis
1254 2791 1408 2869 Apostnlo
1436 2807 1516 2853 aem

93 2878 301 2956 interpretatio
315 2880 412 2958 magia
427 2877 528 2957 planet
549 2883 675 2956 propter
689 2874 789 2935 lenum
836 2886 898 2953 eat3
920 2877 997 2938 nihil
1019 2894 1142 2959 quoqne
1164 2878 1232 2956 ejus
1254 2874 1415 2941 doctrines
1435 2879 1518 2951 oittttt

94 2960 224 3026 similem
238 2966 324 3027 Rom.
334 2967 384 3038 7.,
404 2965 459 3043 qui
472 2965 550 3024 sieut
567 2964 599 3025 iu
614 2960 731 3023 Graeco
747 2960 788 3021 le·
835 2964 997 3027 dissolutio
1010 2964 1193 3026 matrimonii
1204 2965 1446 3039 inconsummati,
1454 2978 1518 3046 qast

93 3051 188 3129 gitur,
209 3050 382 3131 hujusmodi
401 3050 678 3130 interpretationem
699 3047 790 3128 plane
836 3053 870 3111 fit
883 3052 914 3113 in
928 3051 1057 3113 eeclesia
1072 3071 1127 3130 per
1140 3050 1297 3129 religionis
1305 3052 1474 3130 mgreasum
1484 3049 1516 3111 sl

94 3134 611 3218 ridetnrtxigere,qnemedmodnm
619 3135 787 3196 illionaten·
835 3138 930 3199 tarius
959 3138 1136 3217 eonjngnm:
1167 3138 1211 3198 nti
1241 3134 1464 3203 deelaravimus
1488 3133 1517 3197 td

94 3221 209 3284 dimus:
231 3224 283 3285 ubi
298 3232 329 3287 et
343 3223 419 3285 illud
434 3225 603 3304 expositum
618 3230 682 3295 est,
697 3240 789 3302 qnam
836 3223 951 3286 dietum
965 3224 1063 3285 lenum
1077 3223 1161 3285 Rom.
1180 3224 1208 3283 t.

94 3308 192 3389 legem
217 3309 332 3372 Paulus
357 3310 523 3390 intelligat:
550 3328 616 3371 eam
641 3308 789 3380 nimirem
882 3311 1014 3388 Quodsi
1028 3308 1199 3371 dormierit
1212 3312 1264 3369 vir
1286 3314 1366 3385 ejus:
1404 3311 1517 3375 Grues:

94 3414 176 3475 qnae
205 3398 375 3459 eontinetnr
398 3397 448 3460 his
473 3395 591 3457 verbis:
620 3396 791 3472 Relinquat
837 3399 874 3460 so·
894 3406 1002 3459 anum
1017 3404 1047 3458 et
1068 3397 1252 3470 dormierit,
1276 3405 1334 3457 ete„
1374 3398 1517 3461 Vernnet

96 3483 189 3543 tomo
200 3490 332 3561 putrem
344 3503 437 3545 sunm
458 3491 488 3543 et
508 3490 661 3557 matrem,
682 3489 711 3544 st
730 3480 790 3540 ud·
838 3480 1145 3545 redundrrevidetur.
1169 3480 1515 3563 Quipleoneamnstlt

98 3570 237 3631 luerabtt
257 3574 355 3633 oron
375 3589 469 3633 seut:
494 3577 524 3631 et
546 3576 642 3631 erunt
663 3570 728 3631 dno
754 3570 790 3628 in
839 3590 899 3630 nou
914 3569 1095 3651 infrequens.
1126 3570 1517 3646 numerumnunerum

95 3673 193 3717 terne
206 3674 284 3718 nnn.
314 3656 475 3719 Seierrdnrn
486 3666 596 3730 tamen,
609 3655 791 3730 illudlepia
839 3666 909 3719 tuns
924 3657 1024 3731 fuerit,
1038 3665 1074 3717 nt
1087 3657 1246 3736 exponitur
1260 3657 1347 3719 Rom.
1368 3662 1396 3718 7.
1430 3655 1517 3719 otae·

94 3742 197 3803 multis
211 3744 380 3814 veteribus,
394 3744 569 3823 praesertim
585 3743 712 3814 Latinis,
731 3760 790 3801 non
839 3742 972 3804 vandum
998 3754 1045 3804 eat
1066 3742 1104 3805 de
1127 3743 1200 3804 eolis
1221 3743 1396 3807 hominibus
1415 3741 1519 3807 mortn‘t

95 3829 168 3909 legi.
200 3830 328 3893 Tertull.
343 3829 393 3893 lib.
409 3829 448 3891 de
468 3850 587 3910 monog.
611 3849 676 3910 cap.
696 3833 744 3891 11.
760 3835 792 3890 et
840 3829 941 3893 disere
956 3831 1140 3910 scripturam
1156 3838 1216 3893 tem
1231 3832 1344 3893 veteris
1363 3825 1518 3914 qnamsori

95 3914 269 3996 Cyprianus
290 3917 341 3978 lib.
365 3921 393 3979 3.
408 3918 517 3978 testim.
541 3937 609 3997 erp.
631 3918 680 3977 61.
697 3916 793 3976 nitent
841 3920 1021 3991 testamenti,
1036 3915 1116 3996 qnod
1130 3915 1296 3991 dormiant3
1315 3928 1519 3999 propterspu

95 4002 153 4063 hoe
166 4003 272 4066 moder
294 4004 413 4067 Mulier
427 4007 538 4067 uineta
552 4012 615 4078 eat,
636 4002 792 4081 qtsomdt‘u
840 4005 1077 4065 resurrectionis.
1114 4002 1193 4065 Nem
1210 4001 1248 4064 de
1271 4003 1369 4067 brutis
1384 4000 1519 4069 mimoni·

95 4091 146 4151 rel
171 4098 329 4167 qnantum
354 4092 507 4167 temperie
533 4093 614 4153 vivit
639 4093 690 4150 nir
716 4092 790 4163 ejus.
840 4092 898 4152 bus
912 4091 989 4152 nitu
1003 4110 1132 4170 nsquam
1146 4089 1210 4150 tale
1224 4089 1347 4170 legitur.
1387 4092 1519 4155 naono

95 4176 204 4257 Aeque
218 4198 278 4239 nou
290 4188 458 4258 ugnomnnt
469 4177 595 4239 Hieron.
611 4176 663 4237 lib.
680 4181 707 4237 1.
724 4196 790 4237 uon·
841 4179 874 4239 in
887 4178 945 4239 heo
959 4177 1111 4239 locutione
1125 4174 1227 4236 nudus
1241 4176 1468 4243 charientismos
1478 4181 1520 4241 et

95 4272 142 4323 tra
153 4261 310 4327 Jovinian.
326 4284 393 4344 etp.
409 4264 438 4325 8.
454 4273 486 4326 et
499 4265 531 4326 in
544 4265 664 4345 apolog.
680 4282 746 4341 eap-
763 4267 791 4327 2.
840 4264 928 4326 velut
941 4285 1010 4327 eum
1024 4283 1154 4345 puerum
1167 4282 1222 4342 pro
1238 4282 1329 4327 servo
1348 4264 1450 4329 dieunt
1460 4261 1520 4327 dni·

96 4349 260 4429 Augustis.
287 4350 427 4413 debono
452 4350 591 4412 ridnitst.
613 4371 679 4431 esp.
707 4354 737 4411 4.
761 4361 793 4411 et
840 4359 961 4432 pturae:
984 4350 1037 4413 sed
1059 4350 1199 4428 mysterii
1213 4352 1407 4430 significatio.
1442 4350 1519 4429 Onjtt

98 4440 147 4499 12.
164 4445 195 4497 et
209 4436 259 4499 lib.
276 4442 304 4499 2.
320 4436 359 4501 de
380 4436 475 4499 adult
496 4438 615 4518 conjug.
635 4457 699 4516 eap
716 4437 746 4497 3.
762 4446 794 4499 et
841 4436 999 4512 inditium,
1021 4435 1105 4518 qnod
1126 4436 1203 4497 haee
1221 4438 1345 4518 phrasis
1359 4442 1403 4501 ait
1421 4432 1521 4522 μυμῦ

96 4526 126 4587 4.
163 4523 229 4586 Neo
250 4523 362 4604 10ςίκο
386 4524 528 4587 videntur
546 4532 793 4586 uommenmtores
841 4523 993 4599 fidelium,
1008 4524 1038 4586 id
1054 4531 1230 4596 eetsornm,
1250 4528 1307 4606 qni
1321 4526 1520 4591 oradnmm

96 4609 201 4682 Amlu,
222 4610 379 4690 Pelagius,
403 4612 587 4684 Primasius,
601 4610 748 4675 sedulius
761 4621 794 4673 et
843 4620 964 4673 tuorum
980 4610 1238 4681 resurrectionem.

97 4692 332 4775 canutum,
352 4700 425 4781 qnia
445 4716 506 4761 nen
528 4707 700 4780 erponem:
723 4697 794 4763 lieet
837 4750 840 4755 .
889 4700 1043 4761 Liberata
1058 4707 1121 4778 sst,·
1136 4701 1189 4765 uni
1205 4699 1401 4767 vultam
1413 4700 1520 4769 ΟΜ
