3254 5190
145 288 214 354 148
691 279 922 333 assumturus
942 279 970 332 lli
990 280 1054 333 CAP.
1073 281 1121 335 tn.

141 464 304 536 utrumque
321 458 576 528 commentarium,
601 459 658 516 etsi
682 457 711 516 iu
735 458 837 536 Augu·
887 456 1029 518 dentibus
1056 456 1223 532 concludit,
1251 468 1282 518 et
1311 459 1402 518 simili
1428 481 1495 519 cnm
1523 460 1582 521 illis

141 543 212 601 stini
226 551 342 623 partem
359 544 527 622 proniores,
552 552 585 602 ut
610 544 791 604 Primasium
808 552 839 604 et
886 544 1039 604 schemate
1062 545 1174 604 dictum
1205 553 1264 604 est:
1296 544 1401 618 Igitur
1432 565 1488 621 eqo
1519 551 1582 625 ipre

140 628 327 690 Haimouem.
884 638 988 691 mente
1011 635 1114 691 servio
1134 633 1196 707 legi
1214 633 1285 691 Dei.
1309 631 1387 692 Nam
1408 653 1468 713 qua
1487 632 1583 695 fronte

182 715 280 795 Igitur
294 717 425 789 istorum,
448 737 522 796 quos
535 716 607 789 dixi,
623 718 836 788 sententiaest,
885 714 968 778 dicet
993 717 1069 778 haec
1091 716 1247 789 Judaens‚
1270 726 1324 777 aut
1342 717 1491 779 dicentem
1514 723 1583 801 quis

138 802 318 881 Apostolum
341 802 388 862 hic
413 811 443 862 et
464 802 606 885 deinceps
628 805 712 883 loqui
735 805 766 863 in
782 822 837 862 sua
883 803 976 875 ierat,
993 805 1018 863 si
1033 803 1229 883 praedicans,
1251 824 1311 864 nou
1326 802 1505 880 iurandum,
1529 828 1583 869 nee

140 891 233 968 ipsius
260 910 404 969 persona,
431 897 462 950 et
483 892 613 951 omnium
629 910 746 964 eorum,
769 891 835 970 qui,
883 891 1108 962 moechandum,
1121 890 1592 973 iuraturtameuetmoechatur,

138 977 329 1057 quantumvis
342 977 473 1036 sentiant
485 980 516 1037 iu
528 997 561 1038 se
573 978 672 1057 legem
684 976 835 1058 quandam
884 986 915 1036 et
929 985 1049 1037 caetera
1064 976 1152 1049 iacit,
1176 997 1256 1058 quae
1280 977 1348 1057 lege
1363 979 1582 1059 prohibentur?

138 1073 353 1143 repugnantem
369 1063 430 1142 legi
442 1065 550 1124 mentis
562 1083 642 1135 suae,
658 1063 688 1124 id
701 1071 755 1136 est,
768 1082 835 1123 con·
884 1062 988 1143 Quare
1005 1062 1042 1123 ad
1054 1084 1212 1144 personam
1225 1065 1353 1124 hominis
1364 1066 1419 1126 sub
1432 1067 1503 1147 lege
1516 1088 1580 1130 con·

138 1152 341 1229 cupiscentiae
357 1150 497 1225 fomitem,
513 1151 600 1231 cujus
616 1151 747 1211 motibus
764 1150 835 1210 inci·
884 1152 996 1223 stituti‚
1013 1159 1044 1209 et
1059 1150 1157 1212 adhuc
1173 1154 1201 1211 iu
1218 1171 1310 1230 regno
1326 1153 1445 1231 peccati
1460 1172 1580 1215 versan-

137 1244 237 1296 tantur
252 1235 291 1297 ad
307 1257 359 1310 ea,
375 1257 454 1318 quse
470 1235 593 1299 divinae
608 1238 670 1316 legi
686 1236 835 1299 contraria
883 1238 930 1311 tis,
946 1237 1133 1299 haecomnia
1150 1241 1315 1317 pertinere,
1330 1238 1412 1298 nullo
1429 1238 1519 1301 modo
1533 1261 1577 1301 re·

137 1331 216 1395 sunt,
229 1325 294 1402 jam
309 1327 408 1385 renati
424 1333 525 1385 tamen
542 1332 573 1386 et
587 1325 641 1385 sub
657 1325 754 1405 gratia
766 1343 834 1382 cou·
883 1323 1005 1384 risimile
1021 1334 1074 1384 est.

137 1412 250 1481 stituti,
274 1419 374 1471 mente
397 1432 432 1471 ac
448 1411 603 1472 voluntate
619 1412 836 1491 conquiescunt
926 1411 1055 1471 Accedit
1070 1411 1203 1491 ejusdem
1216 1412 1354 1492 Apostoli
1367 1411 1451 1474 locus
1462 1414 1577 1475 adGal.

137 1501 167 1557 in
182 1498 250 1578 lege
265 1499 335 1557 Dei.
359 1497 509 1578 Quiesce
532 1499 760 1558 commentarius
784 1495 834 1556 ad·
884 1500 929 1572 5.,
945 1498 996 1557 ubi
1011 1497 1049 1558 de
1064 1518 1153 1559 carne
1168 1507 1198 1558 et
1214 1499 1318 1579 spiritu
1335 1499 1480 1579 loquens,
1501 1500 1578 1561 hand

137 1585 257 1644 modum
274 1596 494 1645 consentaneus
510 1595 555 1646 est
572 1587 669 1645 textui
686 1595 715 1643 et
742 1603 834 1663 scopo
883 1584 974 1645 dubie
988 1584 1027 1644 ad
1043 1594 1171 1658 renatos,
1188 1587 1231 1646 sic
1246 1586 1305 1645 ait:
1322 1588 1409 1646 Haec
1425 1590 1512 1647 enim
1524 1589 1578 1649 sibi

136 1671 232 1744 Pauli,
244 1673 296 1751 qui
307 1670 414 1732 docere
426 1673 490 1732 vult
502 1669 834 1746 homiuem,in0hristo
883 1673 1017 1732 invicem
1043 1673 1277 1748 adversantur,
1304 1681 1340 1733 at
1361 1691 1449 1749 aon,
1481 1694 1576 1753 qaae·

137 1768 281 1830 renatum,
297 1780 356 1820 non
369 1760 496 1839 amplius
505 1761 665 1820 obnoxium
679 1777 746 1820 esse
753 1757 833 1819 dam·
883 1777 1014 1835 caraque
1029 1761 1136 1835 valtis,
1154 1760 1212 1819 illa
1225 1760 1366 1836 sociate.
1383 1761 1475 1842 Quae
1486 1762 1579 1824 verba

137 1849 258 1919 nationi,
275 1850 412 1926 quamvis
428 1847 527 1908 adhuc
543 1867 633 1908 carne
649 1849 763 1907 serviat
772 1846 834 1925 legi
883 1867 948 1907 cum
961 1847 1122 1926 persimilis
1134 1849 1193 1906 sint
1207 1848 1251 1919 iis,
1273 1868 1355 1927 quae
1366 1848 1414 1908 hic
1422 1849 1578 1929 leguntur:

137 1936 267 2012 peccati,
295 1934 364 1994 durn
390 1947 488 1995 tamen
511 1936 576 2014 ipsa
597 1944 696 1993 mente
718 1937 835 1994 serviat
890 1934 986 1993 Video
1002 1934 1419 2008 atiamleaemtnmemoris
1429 1940 1516 2011 meis,
1529 1956 1578 1997 re·

138 2021 196 2099 legi
211 2022 278 2092 Dei,
295 2031 325 2081 et
339 2043 399 2081 non
418 2022 583 2083 secundum
599 2039 718 2081 carnem
734 2021 834 2080 ambu·
881 2028 1082 2098 praenestem
1097 2022 1158 2096 legi
1180 2026 1294 2082 mentis
1315 2041 1404 2083 meae
1411 2069 1421 2098 ,
1439 2035 1487 2084 et:
1510 2025 1579 2086 Noa

138 2109 187 2182 let,
203 2118 237 2167 ut
252 2109 360 2168 dicitur
378 2111 407 2168 in
423 2112 482 2170 fine
498 2110 586 2187 hujus
602 2108 720 2185 capitis,
737 2117 768 2167 et
778 2109 833 2167 ini·
884 2111 977 2181 enirn,
994 2107 1079 2182 qaod
1095 2108 1178 2181 vola,
1195 2110 1252 2168 hoe
1268 2128 1338 2184 ogo,
1356 2117 1400 2169 ct:
1423 2111 1511 2172 Velle
1522 2109 1579 2170 cd·

137 2197 178 2255 tio
194 2196 357 2274 sequentis.
878 2198 963 2268 jacet
978 2195 1071 2268 milri,
1085 2194 1240 2270 perficere
1256 2203 1361 2255 autem
1379 2198 1500 2258 bonum
1517 2215 1580 2258 aaa

180 2282 250 2341 ‹lam
265 2302 319 2361 pro
335 2281 392 2340 hoc
406 2282 561 2342 intellectu
577 2282 705 2358 primum
721 2279 793 2337 iacit
804 2280 834 2337 in
883 2283 1012 2341 inuenio
1020 2325 1030 2355 ,
1054 2282 1127 2340 satia
1142 2279 1278 2359 proiecto
1294 2283 1475 2356 ostendunt,
1492 2285 1579 2345 etiam

137 2377 281 2428 contextu
296 2370 421 2428 mutatio
437 2369 589 2447 temporis.
612 2364 689 2425 Cum
711 2366 789 2426 enim
806 2366 835 2425 iu
882 2366 963 2427 huuc
979 2365 1075 2426 locum
1090 2366 1129 2426 ad
1152 2387 1311 2446 personam
1334 2369 1462 2430 hominis
1486 2370 1580 2431 renati

137 2453 387 2534 praecedentibus
402 2455 439 2514 ab
456 2455 584 2515 eoloco:
600 2453 662 2513 Sed
670 2459 835 2529 peccatam
883 2474 918 2513 ac
939 2452 1101 2532 spiritualis
1125 2472 1192 2514 esse
1214 2454 1419 2529 referendum,
1443 2459 1493 2517 cui
1517 2476 1578 2517 cum

139 2561 206 2602 aon
222 2545 356 2616 cognovi
363 2586 373 2615 ,
391 2542 428 2602 de
445 2562 477 2602 se
493 2544 522 2602 in
538 2541 703 2619 praeterito
719 2538 836 2598 locutus
883 2559 973 2599 carne
992 2539 1104 2599 bellum
1127 2549 1172 2599 est
1192 2541 1363 2601 intestinam
1380 2550 1474 2621 atque
1492 2543 1579 2604 conti·

137 2629 243 2688 luisset
258 2629 428 2707 Apostolus,
444 2630 546 2707 utqui
562 2623 723 2705 aliquando
736 2627 837 2683 luerat
884 2645 983 2686 nuum.

139 2715 195 2774 sub
224 2713 308 2792 lege,
336 2735 414 2774 nunc
437 2715 475 2775 de
498 2735 530 2775 se
553 2710 656 2773 eodem
672 2709 836 2772 secuudum
927 2711 1017 2792 Quae
1032 2732 1103 2772 vero
1118 2732 1172 2793 pro
1185 2712 1307 2774 diversa
1323 2717 1473 2776 sententis
1483 2717 1579 2777 iacere

138 2820 282 2881 praesens
313 2810 430 2881 tempus
458 2800 592 2881 loquitur
617 2796 733 2858 dicens:
765 2798 835 2871 Ego
883 2799 1073 2869 videbantur,
1089 2818 1148 2879 quo
1164 2818 1254 2859 seusu
1269 2801 1443 2877 dictasint,
1459 2821 1499 2864 ax
1514 2822 1579 2862 cou-

138 2896 246 2948 actem
262 2889 502 2961 carnalitatem,
525 2895 652 2964 atquae
668 2889 836 2964 sequuntur
884 2885 1080 2967 sequentibus
1107 2884 1273 2961 elucescet,
1305 2889 1435 2948 maxime
1465 2909 1505 2949 ex
1531 2888 1581 2948 illa

138 2992 235 3054 usque
249 2977 286 3032 ad
304 2975 393 3033 finem
409 2975 532 3053 capitis;
549 2971 664 3052 alioqui
680 2981 761 3031 certe
773 2967 834 3029 dic·
885 2972 1083 3043 conclusione,
1099 2992 1160 3052 qua
1176 2973 1258 3032 clare
1272 2973 1496 3053 distinguendo,
1511 2974 1581 3035 dicit

140 3071 229 3132 turne,
246 3081 302 3140 ego
318 3068 418 3121 autern
433 3060 564 3120 carnalis
579 3057 645 3131 sui,
662 3066 692 3117 et
707 3066 835 3127 caetera,
883 3058 1057 3138 Apostolus,
1069 3076 1101 3117 se
1113 3067 1212 3118 mente
1220 3061 1333 3120 servire
1342 3060 1404 3140 legi
1412 3062 1482 3136 Dei,
1494 3079 1580 3123 carne

138 3149 163 3206 si
180 3149 237 3206 ista
252 3146 415 3207 secundum
426 3144 504 3206 idern
515 3158 635 3226 tempus
646 3143 834 3223 eundemque
884 3154 984 3204 autem
1011 3145 1071 3223 legi
1093 3147 1219 3224 peccati.
1250 3144 1338 3225 Quae
1359 3146 1513 3210 distinctio
1528 3167 1579 3228 pro

142 3240 261 3304 statum,
278 3254 338 3314 quo
354 3235 518 3315 superiora,
544 3232 582 3292 de
597 3251 630 3291 se
646 3229 726 3290 dicta
740 3228 836 3289 vellet
884 3232 1094 3294 commentario
1111 3241 1158 3292 est
1172 3231 1210 3291 ad
1226 3241 1355 3306 caetera,
1370 3252 1451 3314 quae
1466 3233 1515 3296 hic
1530 3233 1578 3294 ob·

142 3319 276 3399 intelligi.
309 3320 456 3401 Quamvis
481 3321 575 3398 igitur
596 3336 752 3399 personam
775 3336 834 3375 uon
883 3319 996 3378 scurius
1013 3318 1094 3378 dicta
1108 3316 1256 3378 videntur.

141 3416 244 3477 mutet,
258 3417 390 3486 tempore
399 3415 500 3468 tamen
508 3412 633 3476 mutato,
644 3402 732 3462 simul
741 3404 835 3462 etiam
927 3404 1015 3485 Quod
1032 3425 1103 3483 ergo
1119 3402 1205 3463 dicit:
1227 3407 1297 3479 qu
1318 3413 1423 3466 autem
1440 3408 1579 3468 cantatis

140 3491 249 3551 indicat
263 3496 459 3555 mutationem
475 3496 505 3553 in
522 3491 628 3551 eodem
643 3489 770 3561 homine,
783 3489 836 3568 qui
882 3509 952 3550 sam
959 3536 969 3566 ,
994 3491 1128 3570 intellige
1144 3510 1203 3551 non
1215 3499 1332 3565 mente,
1352 3491 1407 3554 sed
1422 3511 1516 3554 carne
1529 3492 1577 3553 ad·

138 3579 220 3656 prius
236 3578 292 3638 sub
307 3581 375 3659 lege
391 3590 420 3639 ct
438 3601 492 3660 per
514 3579 611 3657 legem
634 3584 835 3655 transgressor
882 3577 940 3637 huc
955 3580 1184 3656 concupiscente
1200 3587 1302 3638 contre
1314 3579 1464 3659 spiritum.
1489 3578 1579 3660 Quod

138 3666 251 3738 iactus,
273 3675 378 3746 postea
400 3665 437 3726 ad
453 3674 563 3725 statum
578 3664 693 3743 gratiae
708 3662 833 3722 transla·
881 3685 941 3724 uon
958 3674 1003 3725 est
1018 3663 1155 3724 absolute
1170 3665 1320 3725 carnalem
1343 3666 1427 3735 ease,
1455 3666 1511 3727 sed
1533 3686 1577 3727 se·

138 3762 195 3827 tus,
211 3751 310 3813 adhuc
325 3763 428 3813 tamen
444 3753 595 3832 experitur
610 3753 640 3810 in
657 3770 689 3809 se
701 3769 833 3828 pugnam
882 3751 1012 3811 cundum
1027 3749 1161 3831 aliquid,
1188 3759 1336 3831 quatenus
1360 3750 1479 3812 scilicet
1491 3754 1577 3814 homo

136 3838 342 3918 quotidianam
358 3841 458 3899 carnis
473 3838 619 3898 adversus
634 3837 772 3915 spiritum
787 3855 831 3895 re·
879 3857 935 3917 per
960 3839 1087 3918 gretiam
1116 3848 1278 3898 renovatus
1312 3837 1409 3898 adhuc
1444 3839 1577 3902 fomitem

136 3924 285 3986 bellantis.
310 3927 378 3987 Hoc
392 3935 618 4004 argumentum,
634 3944 653 3983 a
667 3923 832 3983 mutatione
879 3926 997 4004 peccati
1012 3924 1190 3998 circumfert,
1206 3923 1328 3985 assidue
1345 3936 1576 3988 commoventem

136 4014 279 4092 temporis
295 4021 445 4092 sumptum
460 4012 553 4090 magis
564 4011 662 4072 adhuc
674 4007 831 4089 probabile
880 4012 911 4070 in
937 4012 1003 4092 ipso
1026 4009 1173 4090 peccandi
1196 4009 1355 4071 desideria.
1386 4010 1448 4090 Qui
1474 4024 1576 4074 autem

134 4099 187 4159 fiet
201 4118 239 4158 ex
253 4101 305 4171 iis,
329 4119 409 4180 quae
425 4097 566 4158 dicuntur
581 4097 659 4157 infra
675 4117 763 4157 versu
783 4098 830 4155 17.
879 4098 1064 4157 hortantum
1079 4097 1166 4156 modo
1183 4097 1313 4157 carnalis
1333 4107 1392 4170 est,
1417 4100 1442 4159 is
1466 4099 1575 4181 simpli·

134 4196 164 4245 et
179 4187 239 4258 20,
254 4197 288 4245 ut
303 4187 344 4245 ibi
359 4184 485 4246 videbis.
879 4186 954 4244 citer
970 4192 1016 4244 est
1032 4184 1205 4263 spiritualis,
1221 4192 1325 4263 utpote
1340 4183 1410 4263 legi,
1425 4205 1508 4267 quae
1518 4189 1574 4268 spi·

176 4271 364 4332 Confirmant
387 4271 495 4332 deinde
517 4291 639 4332 sensum
662 4272 743 4330 hunc
765 4273 831 4351 ipsa
877 4271 996 4331 ritualia
1011 4279 1069 4344 est,
1085 4271 1289 4344 consentiens,
1315 4280 1346 4331 et
1359 4271 1488 4352 proinde
1501 4275 1574 4344 Deo,

132 4360 271 4439 Apostoli
287 4360 396 4433 verba,
419 4360 530 4438 quibus
544 4361 640 4419 utitur
657 4361 686 4419 in
702 4377 829 4437 sequen·
878 4359 928 4439 qui
943 4359 1040 4437 legem
1056 4356 1146 4418 dedit

134 4445 228 4505 tibus:
255 4448 327 4507 It'oa
355 4448 440 4522 qaod
466 4446 558 4519 volo,
589 4447 645 4506 ltoc
671 4463 750 4521 ayo,
777 4444 829 4504 sed
921 4444 1015 4505 Porro
1031 4451 1247 4505 connectuntur
1262 4443 1337 4506 haec
1352 4464 1420 4506 cum
1441 4449 1573 4529 superio

134 4534 220 4607 quod
236 4534 300 4607 odi,
317 4533 400 4594 illud
415 4535 513 4611 socio,
531 4540 577 4591 etr
595 4533 666 4592 Noa
683 4550 738 4607 eqo
754 4550 829 4607 ope·
877 4531 969 4591 ribus.
994 4533 1072 4591 Nam
1095 4529 1170 4591 doce
1186 4550 1202 4589 a
1223 4531 1291 4589 vult
1313 4532 1496 4612 Apostolus,
1521 4533 1572 4597 etsi

129 4636 188 4678 ror
203 4620 293 4679 illud.
306 4619 401 4680 Item:
415 4622 583 4680 Consentio
592 4625 621 4676 et
632 4618 830 4678 condelector
873 4617 938 4695 jam
956 4618 985 4676 in
1002 4616 1121 4678 Christo
1136 4618 1232 4677 renati
1248 4638 1308 4678 non
1330 4621 1460 4701 amplius
1484 4624 1572 4683 rimus

130 4705 193 4781 leot
209 4708 279 4767 Dei.
303 4705 446 4788 Denique
461 4704 545 4780 illud,
562 4703 642 4785 quod
660 4724 828 4784 exprsece·
879 4703 934 4762 sub
958 4703 1040 4782 lege,
1067 4705 1152 4782 cujus
1179 4706 1336 4765 occasione
1363 4717 1521 4786 peccatum
1542 4709 1570 4767 iu
