3270 5182
466 304 629 362 scurolis
645 308 665 364 l.
683 303 724 364 ah
742 306 930 364 mammos.
963 306 1048 362 im.
1068 310 1184 364 ill-12.
1466 317 1541 388 405

98 480 253 553 universe,
266 480 320 541 aad
335 479 374 542 de
389 481 461 543 tolia
475 484 625 563 magistris
639 487 796 565 eeuprae·
846 492 893 546 eet
907 483 1183 566 superaedificatio;
1208 483 1263 546 sed
1285 505 1372 547 nemo
1385 495 1485 567 potest
1498 487 1542 548 di·

99 566 285 628 dicatoribue
312 567 520 648 accipiendum
550 589 636 647 esser
671 590 797 653 quornm
846 591 964 633 veram
994 572 1140 633 collocare
1172 571 1399 634 fundamentum
1428 573 1466 633 ah
1495 592 1541 649 eo,

100 654 221 715 scilicet
239 663 285 716 est
306 654 413 715 docere
435 654 542 716 fidelos
559 676 609 732 aa,
636 676 715 739 quae
730 665 799 719 sunt
846 658 928 738 qood
943 679 962 719 a
977 678 1025 719 me
1039 660 1170 739 positum
1185 667 1240 719 est.

99 739 292 802 Christianae
306 742 442 802 veritatis
457 762 493 802 ac
511 743 643 823 pietatis.
890 745 981 824 Quod
995 746 1314 809 ercammarus.
1337 745 1541 826 Vertiposaet

142 826 258 906 Quaeri
280 835 383 888 tamen
397 836 515 908 potett,
542 829 692 910 quomodo
708 831 796 906 dicat,
847 848 886 890 ex
915 830 1049 892 Graeco:
1085 835 1141 908 qai
1176 839 1220 892 ert
1255 833 1398 894 caerae
1424 836 1521 896 Jecur
1528 853 1540 908 ,·

100 914 187 975 altus
207 914 464 990 mperoediflcat:
493 935 559 975 cnm
581 919 622 976 sit
643 918 797 978 mohicocci
848 916 1100 997 quemadmodum
1123 920 1204 978 etin
1217 920 1346 980 vetustis
1362 918 1541 996 quibusdam

97 1020 160 1060 uon
184 1008 300 1062 tantum
328 1020 441 1081 ponere
472 1000 712 1078 fundamentum,
743 1002 797 1065 sed
846 1002 963 1063 Latinis
977 1003 1094 1083 legitur.
1118 1003 1178 1065 Sed
1193 1023 1260 1065 oum
1275 996 1436 1082 θεμέλιος,
1458 1006 1541 1082 fac·

98 1088 193 1148 totius
208 1086 336 1148 aedificii
358 1086 485 1147 formam
508 1108 544 1148 ae
566 1089 686 1151 modum
709 1109 795 1171 prae·
846 1089 1049 1165 dementum,
1065 1089 1192 1151 Graecia
1207 1093 1404 1152 masculinnm
1418 1093 1465 1164 sit,
1481 1091 1540 1151 La·

98 1173 239 1234 scrihere.
277 1174 482 1250 Respondeo,
509 1175 638 1237 Paulum
661 1176 796 1238 etiamid
845 1177 917 1235 tinia
931 1185 1085 1251 nentrum,
1105 1185 1188 1238 recte
1210 1194 1244 1236 aa
1257 1176 1364 1252 hahet,
1386 1177 1472 1254 quod
1486 1183 1540 1253 cst,

97 1259 224 1323 fecisse:
250 1268 344 1340 atque
365 1261 398 1320 id
421 1269 513 1321 totam
535 1265 682 1325 contineri
703 1264 736 1324 in
751 1283 796 1337 eo,
846 1269 902 1322 ota
919 1263 1007 1322 etiam
1021 1264 1147 1324 Erasmo
1170 1263 1375 1343 suffragatore.
1412 1263 1541 1324 Sensus:

97 1345 180 1427 quod
191 1347 265 1409 dicit
276 1348 460 1427 seposuisse
471 1347 704 1410 fundamentum.
725 1351 796 1410 Non
824 1344 826 1351 ’
845 1347 936 1429 Quod
960 1349 1186 1411 fundamentum
1209 1359 1254 1410 est
1279 1347 1417 1410 Christus
1438 1350 1541 1423 Jesua,

97 1434 181 1493 enim
206 1435 330 1514 ponitur
353 1433 596 1510 fundamentum,
623 1437 680 1496 nisi
704 1438 796 1496 totius
844 1435 995 1496 sciliceta
1009 1437 1095 1497 nobis
1110 1435 1266 1518 Apostolia
1280 1437 1485 1508 annuntiatus,
1508 1446 1541 1497 et

97 1518 235 1581 aedificii
260 1520 356 1580 forma
377 1521 459 1600 prins
481 1523 625 1584 inanimo
641 1531 795 1603 conrepta
844 1523 963 1583 avobis
976 1521 1036 1583 fida
1051 1530 1202 1604 receptus.
1239 1523 1350 1603 Itaque
1369 1541 1417 1582 ras
1433 1512 1540 1582 eodem

96 1605 794 1687 Sedquiaecoleaiasemperaedidcatur,idoo·
842 1607 936 1669 redit:
959 1609 1025 1669 sive
1056 1609 1193 1671 Christus
1218 1611 1285 1688 ipsa
1312 1608 1538 1670 tundamentum

96 1712 161 1774 que
188 1692 293 1774 primis
317 1693 547 1755 aedificantibus
575 1705 691 1779 oportet
720 1697 796 1759 alios
844 1694 975 1769 dicatur,
1004 1697 1071 1756 sivo
1093 1695 1230 1757 doctriua
1253 1695 1291 1758 de
1307 1697 1441 1769 Christo,
1471 1697 1539 1757 sive

95 1780 275 1857 auceedere;
290 1789 453 1860 propterea
467 1800 516 1857 se,
532 1785 586 1862 qui
599 1785 715 1864 primus
729 1783 795 1845 fue·
843 1781 920 1842 fides
945 1783 978 1841 in
1004 1780 1164 1844 Christum.
1204 1784 1275 1844 Non
1298 1792 1413 1865 pugnat
1439 1791 1539 1842 autem

93 1875 159 1939 rat,
187 1868 380 1928 architectum
402 1876 507 1942 vocat,
533 1869 609 1931 alios
623 1870 796 1951 superaedi·
844 1886 910 1928 cum
935 1868 993 1929 hoc
1018 1868 1101 1941 loco,
1126 1869 1209 1950 quod
1236 1871 1323 1931 etiam
1346 1868 1486 1948 Apostoli
1508 1875 1539 1926 et

94 1954 237 2014 ficantes:
265 1955 395 2016 marimo
426 1956 500 2034 quia
530 1955 569 2017 de
597 1956 794 2019 fundamento
842 1952 1017 2034 Prophetae
1031 1955 1227 2017 fundamenta
1236 1955 1358 2035 mystici
1369 1956 1474 2034 templi
1486 1974 1539 2014 ro·

94 2039 170 2100 fidei
199 2041 277 2101 hone
304 2041 481 2101 collocando
507 2045 672 2124 praecipue
696 2044 796 2104 fuerat
843 2041 1365 2121 cauturldphes.i.etApoca121.
1395 2043 1475 2102 Nam
1489 2061 1538 2100 so·

94 2127 157 2207 ipsi
172 2126 376 2188 laborandum.
400 2127 515 2188 Dicunt
529 2129 591 2204 alii,
607 2133 688 2210 ipsos
703 2133 795 2191 etiam
843 2128 891 2188 lus
900 2125 1037 2188 Christus
1043 2127 1270 2190 fundamentum
1278 2137 1341 2204 eat3
1356 2130 1538 2208 inquantum

96 2213 382 2293 superaedificantes
412 2234 480 2274 esse
509 2216 703 2292 architectos3
740 2216 795 2278 aad
843 2214 918 2275 fides
940 2215 972 2275 in
994 2213 1143 2276 Christum
1165 2224 1238 2276 ante
1259 2217 1358 2275 omnia
1377 2213 1539 2294 requiritur

95 2300 225 2362 Paulum
248 2320 281 2361 sa
303 2319 409 2360 vocare
437 2302 629 2363 architectum
647 2302 733 2364 velut
754 2322 795 2364 ex
842 2323 880 2362 ac
895 2321 950 2381 pro
965 2299 1158 2362 fundamento
1176 2300 1316 2362 collocari
1331 2300 1423 2361 debet
1434 2301 1466 2359 in
1480 2299 1539 2359 hoo

94 2395 197 2466 parta,
213 2389 286 2465 quia
299 2387 527 2447 tundamentum
545 2390 654 2468 posuit.
683 2389 794 2451 Verum
843 2384 993 2468 spirituali
1007 2385 1152 2447 aedificio.
1175 2387 1337 2449 Caeterum
1352 2395 1384 2447 et
1396 2387 1536 2465 Apostoli

95 2473 127 2534 id
156 2472 285 2532 detrahit
305 2474 344 2535 de
369 2475 485 2534 ratione
509 2475 677 2549 architecti,
706 2477 793 2554 cujus
842 2483 873 2536 et
886 2474 1059 2554 Prophetae
1080 2472 1275 2535 fundamenta
1297 2473 1450 2545 dicuntur,
1476 2493 1538 2534 non

94 2568 158 2632 est,
180 2560 225 2619 uti
240 2559 391 2634 dicebam,
411 2559 450 2622 de
464 2567 528 2621 toto
543 2561 680 2623 aedificio
696 2561 793 2642 dispo·
841 2562 872 2622 in
886 2579 1070 2641 unoquoque
1083 2560 1181 2634 fideli,
1210 2559 1264 2621 aed
1288 2569 1429 2638 respectu
1444 2562 1536 2621 totius

93 2666 177 2707 nera.
210 2646 299 2726 Quod
326 2656 356 2707 et
380 2646 512 2708 Paulum
537 2647 647 2709 iecisse
666 2656 792 2722 constat,
841 2647 989 2708 eccleciae
1003 2652 1147 2726 tanquam
1158 2648 1246 2709 nnius
1256 2646 1374 2726 templi:
1389 2654 1537 2728 quatenns

95 2734 151 2814 qui
165 2732 386 2794 solicitudinem
398 2735 525 2795 aedificii
536 2734 717 2814 perficiendi,
733 2735 793 2796 col·
840 2725 977 2795 nimir'um
999 2753 1055 2794 sua
1077 2733 1227 2808 doctriua,
1256 2753 1347 2815 quarn
1360 2736 1428 2795 Deo
1451 2752 1534 2813 rese·

92 2821 193 2880 locato
208 2817 419 2894 fundamento,
437 2824 527 2881 etiam
543 2822 652 2883 absens
666 2822 792 2882 nonde
840 2820 921 2882 laute
928 2829 1121 2900 acceperunt,
1132 2821 1304 2881 hominihus
1315 2819 1434 2893 tradita,
1448 2819 1536 2898 quasi

94 2907 214 2988 posuit3
237 2908 294 2966 imo
310 2916 345 2966 ut
358 2908 545 2986 perficiatur,
571 2910 635 2989 agit
647 2917 692 2970 tot
705 2928 791 2990 prae·
840 2910 985 2969 sustinent
992 2915 1087 2968 totum
1098 2907 1245 2969 ecclesiae
1256 2906 1432 2967 aediticium.
1448 2905 1536 2985 Quae

93 2996 192 3073 ceptio
206 3013 241 3055 ac
255 2995 376 3055 monitis
386 2995 444 3056 hac
458 2996 523 3075 ipsa
537 2994 674 3075 epistola,
685 2995 792 3057 volens
840 2995 964 3075 quidem
979 3002 1026 3055 est
1040 2993 1178 3055 doctrina
1193 2994 1232 3055 de
1246 2994 1363 3056 Christo
1375 2993 1535 3054 salvatore

93 3099 161 3151 cos,
192 3099 268 3159 quos
296 3101 351 3160 per
379 3083 581 3160 Evangelium
610 3084 640 3142 in
670 3082 790 3144 Christo
840 3081 943 3161 Quare
958 3078 1040 3161 quod
1060 3080 1201 3162 Apostoli
1222 3091 1256 3141 et
1277 3080 1448 3159 Prophetae
1467 3077 1534 3138 fun·

93 3167 208 3248 genuit,
224 3176 256 3227 et
269 3187 397 3246 quorum
412 3175 528 3249 patrem
539 3188 574 3229 se
587 3179 679 3229 vocat
693 3171 791 3250 capite
839 3168 980 3228 dameuta
1001 3168 1161 3229 ecclesiae·
1174 3167 1328 3238 dicantur,
1352 3165 1384 3226 id
1409 3167 1454 3227 eis
1475 3185 1542 3226 non·

95 3255 249 3334 sequenti,
272 3255 311 3314 ad
326 3257 433 3315 aetatis
448 3257 479 3315 in
495 3252 615 3314 Christo
630 3255 791 3334 plenitudi·
840 3255 997 3334 competit,
1021 3253 1080 3314 nisi
1094 3257 1212 3314 ratione
1233 3253 1323 3313 unius
1338 3253 1534 3327 fundamenti,

92 3361 178 3412 nem,
204 3348 347 3420 tanquam
363 3341 400 3402 ad
416 3341 544 3402 aedificii
565 3341 699 3417 culmea,
724 3362 790 3424 per·
838 3338 1041 3422 praedicando
1057 3360 1110 3399 seu
1130 3340 1264 3401 docendo
1285 3340 1323 3400 ah
1339 3341 1412 3417 ipsis
1426 3341 1533 3418 positi:

93 3428 216 3495 docere.
840 3428 925 3505 quod
948 3434 992 3487 cst
1014 3427 1155 3488 chasma
1176 3431 1279 3491 Jesua.
1324 3426 1385 3505 Qui
1407 3427 1536 3504 proinde

143 3515 364 3592 Unusquisque
386 3521 492 3575 autem
509 3514 619 3575 videat
633 3516 792 3593 quomodo
838 3512 1067 3575 fundamentum
1093 3513 1182 3592 hujus
1208 3513 1337 3574 aedificii
1360 3513 1535 3593 primarium

94 3602 344 3680 superaedificet.
353 3601 501 3681 Quoniam
509 3602 791 3664 multierantdocto·
841 3610 888 3661 est
905 3621 942 3661 ac
962 3600 1146 3680 principale,
1172 3620 1238 3660 cum
1255 3597 1395 3679 Apostoli
1415 3609 1447 3659 et
1459 3597 1533 3658 Pro·

91 3708 142 3748 res
164 3686 398 3749 Corinthiorum:
425 3689 588 3766 generatim
610 3708 662 3750 eos
683 3698 793 3762 monet,
839 3689 950 3768 phetae
961 3686 1138 3747 secundaria
1149 3696 1266 3747 tanaim
1277 3689 1391 3748 ratione
1399 3685 1536 3764 ejusdem

92 3783 127 3834 ut
143 3775 275 3856 quisque
289 3776 448 3855 diligenter
463 3774 614 3848 attendat,
634 3777 791 3854 quomodo
840 3772 969 3835 aedificii
997 3773 1191 3834 fundamenta
1226 3773 1374 3853 appellari
1408 3773 1535 3852 possint.

93 3862 350 3938 ruperacdiflcct,
366 3862 398 3922 id
414 3871 471 3935 est,
487 3861 610 3940 qualem
627 3863 792 3925 doctrinam
840 3859 955 3941 Quade
966 3880 999 3920 re
1010 3860 1098 3941 plura
1109 3860 1150 3921 ad
1161 3861 1272 3922 dictum
1279 3861 1376 3922 locum
1382 3859 1495 3939 Ephes
1505 3861 1534 3919 2.

93 3947 164 4008 fidei
188 3950 219 4008 in
241 3948 432 4010 fundamento
455 3949 573 4028 positae
596 3950 792 4030 superaddat3
885 3950 933 4008 12.
957 3950 992 4010 st
1005 3949 1075 4026 qais
1096 3956 1204 4008 auum
1224 3947 1466 4024 superaedificat
1481 3964 1535 4006 crs·

94 4053 135 4095 nc
159 4032 237 4095 torto
259 4055 297 4095 ex
326 4036 474 4096 saeculari
500 4035 705 4115 philosophia,
732 4056 793 4117 qua
837 4054 898 4111 per
911 4035 1234 4112 fondamentum-hoc
1255 4052 1391 4107 acram,
1418 4049 1535 4107 capea-

93 4120 278 4182 videhantur
293 4123 446 4192 instructi,
462 4122 511 4183 uel
527 4141 565 4182 ex
582 4124 722 4203 opinione
736 4123 792 4203 pri·
841 4129 908 4181 tum
915 4167 926 4197 ,
943 4123 1065 4199 lapides
1077 4124 1248 4199 pretiosos,
1264 4121 1372 4197 liquo,
1390 4119 1535 4196 foenum,

93 4217 185 4281 vata,
212 4207 513 4288 admisceant‘aliqua
529 4209 726 4271 dissentauea
740 4228 791 4268 ve·
841 4210 1002 4286 stipulam.
1018 4209 1112 4286 Syrus
1124 4210 1272 4286 interpres
1284 4213 1355 4288 apte
1367 4212 1535 4267 contextum

93 4296 179 4356 ritati
192 4304 223 4355 et
237 4293 420 4375 simplicitati
440 4294 636 4357 Christianae.
843 4294 963 4374 implet,
985 4293 1089 4354 addita
1109 4294 1164 4374 pel
1186 4293 1306 4372 singula
1329 4291 1535 4373 distinguendi

141 4386 191 4442 11.
214 4383 477 4444 nocumentum
493 4387 576 4444 enlm
593 4384 685 4444 aliud
700 4402 793 4444 namo
841 4380 1004 4462 particula:
1027 4399 1143 4443 summ
1151 4427 1162 4458 ,
1189 4388 1450 4456 automatum,
1478 4388 1537 4442 cut

91 4475 198 4547 potest
210 4488 330 4546 ponera
337 4514 347 4544 ,
363 4479 494 4546 praetor
507 4472 542 4530 id
556 4471 642 4547 qaod
655 4472 794 4547 positum
842 4469 964 4545 lapidas
976 4470 1130 4544 pretioroa
1136 4513 1147 4543 ,
1166 4476 1224 4528 oct
1237 4470 1327 4544 liqna
1341 4476 1396 4529 etc.
1419 4468 1534 4529 Locum

95 4564 149 4617 est.
172 4557 267 4629 Nam,
282 4558 396 4636 inquit,
416 4556 496 4637 quod
513 4558 552 4617 ed
567 4555 794 4618 fundamentum
840 4556 920 4615 hunc
927 4554 1068 4635 Apostoli
1081 4555 1239 4615 obscurum
1250 4575 1318 4616 esso
1331 4565 1364 4616 et
1372 4555 1464 4637 plane
1478 4554 1533 4615 dif-

94 4645 212 4716 attinet,
227 4641 310 4715 illud,
326 4643 410 4704 salvo
426 4645 483 4704 hoc
495 4643 794 4725 aedificioactemplo
840 4640 950 4702 fieileru
960 4641 1000 4702 ad
1011 4640 1244 4721 intelligendum,
1270 4651 1398 4704 testatur
1409 4645 1535 4721 August.

95 4732 174 4807 Dei,
202 4732 312 4793 mutari
333 4750 394 4794 non
415 4740 523 4813 potest
560 4732 656 4796 Varia
669 4730 794 4814 quidem
841 4728 895 4791 lih.
917 4726 956 4789 de
977 4726 1038 4791 fide
1054 4727 1245 4811 etoparihna
1266 4732 1359 4793 alh.
1381 4737 1414 4792 et
1432 4730 1481 4793 16.
1504 4738 1537 4791 ot
