3254 5190
95 279 171 350 254
605 254 839 331 commeatus
858 272 891 329 nt
908 274 974 329 cae.
988 274 1029 328 xl.

93 450 133 512 ad
153 450 288 512 Timoth.
316 455 332 512 l
357 449 521 530 epistolae,
543 452 591 512 4.:
613 450 683 511 Hoc
706 453 792 512 euim
839 471 921 534 quae
936 451 1123 513 Judaeorum
1144 451 1382 531 assumptionem
1407 458 1455 512 est
1469 470 1495 512 ct

92 541 216 616 faciem
239 545 267 598 et
291 545 321 598 te
343 541 448 613 ipsum
468 539 594 599 saluum
615 538 734 614 facies,
762 546 792 599 et
840 547 987 601 secutura.
1016 539 1128 618 Neque
1150 540 1229 599 enim
1250 540 1336 618 prius
1359 538 1495 599 mortui:

94 644 153 699 eos,
177 629 277 702 quite
292 626 440 685 audiunt.
464 626 506 685 Et
521 624 655 687 Jacabus
678 627 709 685 in
731 626 792 685 fine
838 634 962 706 surgent
974 625 1129 700 advitam,
1148 624 1495 707 quamdudaicnspopu]

94 731 167 772 suae
180 711 342 791 epistolae:
366 714 428 790 Qui
439 715 581 773 converti
591 712 703 789 feeerit
714 731 791 789 pec·
838 715 985 792 receperit
1000 712 1089 772 fidem
1106 710 1234 772 Christi.-

94 806 231 858 catorem
255 798 295 857 ah
319 816 427 858 errore
448 802 521 859 viae
540 817 633 873 auae,
654 799 791 859 salvabit
880 802 997 861 Rursus
1019 799 1072 860 alii
1094 800 1187 858 vitam
1202 817 1242 859 ex
1257 799 1383 858 mortuis
1405 799 1495 878 figura

93 888 236 945 amintam
253 889 321 959 ejus
335 903 356 944 a
370 893 480 946 morte.
503 887 546 946 Et
560 885 709 945 Dominus
725 887 790 965 ipse
839 889 1075 966 interpretantur
1095 885 1248 945 cumulum
1264 885 1422 957 bonorum,
1446 893 1488 958 et,

94 971 202 1031 Matth.
221 973 285 1031 18.:
308 973 343 1032 Si
358 979 387 1031 te
402 974 554 1047 audierit,
571 973 715 1032 lucratus
729 975 791 1032 eris
839 970 961 1033 Oecum.
971 973 1113 1052 loquitur,
1122 972 1495 1049 perfectumiateprumq

91 1058 229 1135 fratrem
252 1064 353 1118 tuum
837 1060 1002 1135 pendium,
1027 1060 1121 1135 quale
1142 1062 1202 1118 erit
1224 1060 1260 1118 in
1279 1060 1429 1136 pulsata
1450 1075 1495 1118 eor

139 1144 186 1204 15.
209 1145 245 1206 Si
266 1149 351 1205 euim
367 1148 494 1206 amissio
515 1162 626 1205 eorum
645 1148 789 1205 reconoi—
838 1149 989 1222 munique
1007 1149 1072 1206 vita
1095 1165 1133 1206 aa
1147 1149 1379 1206 resurreetione
1396 1163 1436 1207 ec
1449 1163 1495 1205 me

93 1231 186 1292 tiatio
202 1239 246 1290 cst
260 1232 376 1291 mundi
383 1255 396 1310 ,·
418 1250 500 1310 quac
515 1236 702 1308 assumptio,
726 1235 789 1292 nisi
838 1236 907 1292 tuis.
925 1232 1014 1312 Quae
1026 1252 1127 1293 omnes
1140 1233 1347 1313 expositiones
1359 1231 1495 1312 probabi

92 1321 162 1378 vita
188 1335 226 1379 ex
252 1319 410 1379 mortuis?
435 1318 575 1379 Studium
601 1319 677 1378 illud
702 1339 789 1379 snum
838 1327 915 1379 sunt
938 1320 1033 1380 Porro
1049 1337 1212 1399 quamncn
1227 1317 1495 1399 sitdesperandae‘

93 1424 198 1466 rursus
214 1407 387 1486 comprobat
403 1425 442 1466 ex
457 1426 502 1478 eo,
525 1404 606 1487 quod
620 1405 696 1466 utile
711 1406 788 1467 futu·
838 1406 980 1467 dacorum
995 1407 1087 1480 salus,
1104 1406 1177 1467 licet
1187 1405 1227 1465 ad
1242 1413 1362 1486 tempus
1377 1406 1484 1466 amini

92 1511 158 1552 rum
174 1493 213 1552 sit
227 1492 300 1572 ipsis
312 1492 461 1572 gentibus.
484 1490 600 1552 Probat
610 1501 711 1553 autem
723 1513 788 1554 sen·
837 1494 948 1572 abjecti
968 1495 1034 1567 sint,
1056 1496 1155 1573 pergit
1177 1492 1276 1552 adhuc
1291 1491 1402 1553 docere
1417 1491 1495 1553 duah

92 1581 187 1640 tentia
201 1579 293 1638 simili
309 1600 374 1640 cum
390 1579 443 1639 illa
453 1579 673 1660 praecedente:
697 1580 789 1659 Quod
836 1580 1018 1660 metaphoris
1042 1580 1219 1657 subjunctis.
1241 1580 1284 1638 Et
1303 1580 1382 1640 hanc
1397 1580 1495 1659 ponirn

92 1667 283 1727 ridelictum
297 1668 430 1727 illorum
441 1667 788 1727 divitiaeauntmundi
837 1674 974 1747 quartam
995 1668 1141 1727 rationem
1161 1666 1308 1747 Apostoli,
1331 1674 1483 1747 sumptam

93 1761 148 1814 etc.
171 1756 317 1830 Amissio,
334 1752 451 1814 Graece
467 1745 617 1831 ἀποβολὴ,
642 1755 787 1830 abjectio,
836 1755 985 1834 qualitate
999 1754 1155 1833 majorum,
1178 1764 1213 1814 nt
1227 1753 1355 1833 patebit

91 1860 183 1920 quam
206 1843 331 1919 opponit
349 1843 556 1922 assumptioni.
579 1842 788 1921 Rejectionem
882 1843 930 1902 16.
954 1841 1045 1920 Quod
1067 1843 1093 1901 si
1114 1840 1264 1901 delibatio
1286 1848 1401 1902 sancta
1426 1847 1482 1916 est,

91 1929 166 2008 legit
186 1928 316 2006 August.
339 1929 407 1989 loco
428 1947 520 2009 supra
543 1930 594 1987 cit
625 1928 787 1990 Caeterum
835 1946 947 1989 marm
986 1927 1117 1988 Graece:
1155 1930 1190 1989 Si
1226 1934 1334 1988 autem
1364 1929 1495 2005 primiti

92 2016 327 2094 assumptionem
341 2014 477 2095 intellige
491 2036 552 2077 nou
567 2012 787 2094 adjunctionem
835 2023 973 2090 saumae,
998 2022 1027 2073 et
1047 2018 1234 2090 conspersio.
1257 2015 1336 2074 Nam
1360 2032 1495 2076 marm

91 2100 279 2162 iudaeorum
295 2102 334 2162 ad
348 2111 466 2181 gentes,
482 2109 516 2160 ιιι
530 2100 651 2182 quidam
665 2102 787 2180 volunt;
834 2122 906 2164 men
920 2110 967 2162 est
980 2100 1021 2162 ad
1031 2100 1125 2162 multa
1139 2101 1298 2180 generale;
1321 2094 1449 2180 φύραμα
1463 2118 1495 2162 re

91 2187 144 2248 sed
159 2207 220 2267 qua
235 2188 408 2249 assumendi
423 2198 495 2248 sunt
509 2209 528 2249 a
542 2190 620 2262 Deo,
636 2191 691 2269 qui
704 2190 787 2269 prius
835 2190 993 2261 Graecum,
1009 2208 1045 2248 ac
1056 2189 1197 2249 Latinum
1212 2189 1397 2268 conspersio,
1412 2206 1495 2269 prop

92 2273 204 2354 abjecti
219 2284 312 2335 erant
335 2276 425 2336 Hunc
437 2277 517 2335 euim
533 2274 720 2336 intellectum
735 2295 786 2355 po·
835 2275 1007 2356 significant
1027 2274 1154 2335 farinam
1177 2294 1271 2354 aqua,
1296 2276 1370 2334 vino
1392 2284 1448 2336 aut
1468 2274 1495 2335 ol

91 2361 187 2421 stulat
200 2362 356 2422 antithesis
378 2363 457 2422 inter
480 2363 681 2440 abjectionem
696 2369 726 2422 et
739 2381 786 2421 as-
834 2369 1031 2442 temperatam
1054 2362 1094 2422 ad
1115 2360 1305 2441 pinsendum.
1335 2360 1495 2444 Conspersss

91 2449 297 2527 sumptionem.
327 2449 395 2508 Nec
422 2467 508 2508 secus
534 2451 681 2529 accipitur
707 2447 786 2509 inira
834 2469 902 2509 nem
918 2448 993 2528 legit
1008 2448 1098 2508 etism
1112 2447 1247 2508 Hilarius
1263 2467 1410 2510 enarrans
1421 2448 1495 2509 Psal

91 2553 157 2614 cap.
178 2537 244 2594 14.:
265 2537 353 2595 Deus
367 2538 452 2594 euim
468 2535 559 2595 illum
576 2538 755 2611 assumpsit.
836 2538 885 2597 58.
907 2536 995 2595 Prior
1016 2537 1121 2614 itaque
1142 2534 1219 2594 hacc
1239 2534 1420 2614 metaphora
1447 2534 1495 2597 ee

134 2620 178 2693 Si,
199 2620 301 2699 inquit
323 2620 502 2701 Apostolus,
525 2620 714 2682 Judaeomm
736 2619 786 2681 ab·
834 2623 926 2681 mitur
938 2623 978 2682 ab
994 2640 1037 2695 oo,
1054 2620 1257 2700 quodinlege
1267 2619 1375 2697 fiebat;
1398 2621 1495 2683 uhiD

85 2707 184 2787 jectio
197 2724 252 2786 per
274 2710 461 2768 occasionem
481 2706 581 2768 valuit
601 2705 640 2767 ad
655 2708 786 2766 reconci·
835 2707 944 2768 oblatis
966 2715 997 2767 et
1022 2726 1076 2788 per
1098 2707 1156 2767 hoc
1177 2707 1374 2768 sanctificatis
1390 2706 1495 2770 nume

90 2793 243 2853 liationem
258 2795 392 2872 gentium
404 2811 470 2853 cum
481 2794 557 2867 Deo,
569 2792 643 2874 quid
654 2792 786 2853 dicemus
833 2795 978 2875 primitiis,
999 2802 1034 2853 ut
1047 2795 1233 2873 praecipitur
1247 2794 1337 2853 Num.
1356 2795 1417 2870 15,
1440 2814 1495 2877 qua

92 2878 131 2939 de
142 2881 348 2958 assumptione
360 2878 557 2952 Judaeorum,
573 2899 633 2960 qua
648 2880 785 2939 nimirum
835 2900 962 2960 cumque
986 2900 1085 2940 massa
1107 2889 1215 2959 postea
1240 2880 1327 2941 fieret
1348 2899 1389 2942 ex
1413 2901 1449 2942 eo
1473 2880 1495 2943 fi

89 2972 281 3028 assumentur
294 2986 314 3027 a
327 2966 396 3027 Deo
418 2965 457 3027 ad
480 2967 609 3047 gratiam
624 2965 786 3046 Evangelii
834 2974 945 3040 mento,
967 2966 1164 3047 reputabatur
1183 2974 1295 3027 sancta.
1317 2965 1369 3028 sie
1390 2969 1489 3048 igitur

92 3060 123 3113 et
137 3052 176 3112 ad
192 3051 323 3112 salutem
344 3054 376 3113 in
397 3053 458 3113 fine
479 3053 601 3129 saeculi,
623 3053 682 3112 nisi
705 3050 785 3132 quod
834 3053 1032 3134 patriarchae,
1056 3053 1109 3132 qui
1124 3059 1195 3114 sunt
1210 3054 1293 3113 velut
1307 3055 1495 3135 primitiaep

93 3157 132 3199 ea
146 3139 239 3198 multo
254 3140 348 3218 magis
365 3141 405 3200 sit
418 3139 575 3218 profutura
590 3137 734 3219 gentibus
750 3157 786 3200 ac
835 3141 901 3219 puli
914 3139 1050 3214 Judaiei,
1065 3142 1162 3202 sancti
1176 3138 1306 3213 luerunt,
1330 3141 1424 3201 etiam
1438 3158 1495 3222 pop

91 3227 147 3286 toti
162 3222 280 3297 mundo,
301 3225 342 3285 ad
355 3227 519 3287 nemtatem
540 3227 622 3286 vitae
637 3244 676 3284 ex
689 3232 786 3286 morte
834 3227 881 3289 lue
904 3227 969 3306 ipse
992 3245 1032 3286 ex
1054 3225 1114 3285 illis
1136 3227 1320 3306 progenitus,
1342 3226 1495 3308 reputabit

90 3309 233 3392 peccati?
254 3310 314 3371 Vel
328 3313 505 3392 simpliciter
519 3311 576 3372 hoc
589 3320 694 3392 paeto:
835 3320 965 3374 sanctus.
979 3312 1030 3373 Ita
1039 3310 1204 3392 Chryscst,
1216 3310 1495 3394 Oecnm,Gaignae

135 3397 167 3459 Si
190 3394 377 3458 iudaeorum
402 3399 533 3478 abjectio
560 3399 652 3460 cessit
676 3397 786 3458 mundo
836 3408 866 3460 et
880 3401 940 3472 alii,
962 3399 1118 3479 primitias,
1140 3418 1240 3480 aeque
1257 3406 1292 3459 nt
1305 3419 1378 3460 mox
1393 3399 1495 3462 radica

93 3482 133 3543 ad
146 3492 337 3563 peccatorum
352 3486 567 3559 remissionem,
582 3483 656 3565 quid
675 3483 787 3545 mundo
835 3488 1068 3566 interpretantes
1080 3485 1104 3546 J
1105 3485 1268 3547 udaeorum
1282 3487 1483 3565 patriarchas.

91 3569 227 3631 conferet
242 3589 343 3632 eorum
363 3573 539 3653 assumptio,
560 3572 620 3631 nisi
640 3572 787 3648 justifica·
878 3572 990 3632 Noster
999 3573 1149 3651 interpres
1160 3573 1307 3654 primitias
1315 3572 1495 3635 delibatious

90 3658 211 3731 tionem,
234 3665 377 3736 quaeest
397 3660 461 3718 vita
479 3677 518 3719 ex
532 3657 680 3717 mortuis?
702 3657 788 3719 Solet
835 3659 1039 3738 sceau-quod
1060 3659 1213 3739 primitiae
1235 3659 1328 3739 primo
1352 3658 1495 3722 delineat

91 3744 170 3804 enim
185 3744 350 3823 Apostolus
373 3747 488 3805 ratione
511 3744 697 3823 distinguere
711 3745 788 3805 haec
836 3743 866 3804 id
889 3755 943 3816 est,
965 3753 1000 3804 ut
1018 3746 1116 3824 portio
1140 3744 1289 3825 quaedam
1311 3746 1426 3827 exigua
1448 3744 1495 3810 der

91 3829 161 3902 duo,
177 3832 253 3890 mori
266 3830 409 3911 peccatis,
425 3839 454 3890 et
470 3832 575 3892 virere
590 3831 657 3890 Dec
672 3850 727 3911 per
737 3832 787 3910 ju·
835 3838 957 3891 mantur
971 3851 1011 3893 ex
1025 3832 1142 3911 reliquo
1164 3851 1288 3911 corpore
1307 3851 1363 3894 seu
1377 3832 1495 3895 fiumen

90 3917 211 3991 stitiam,
234 3925 326 3996 atque
341 3917 398 3976 hoe
413 3937 485 3996 prae
506 3917 558 3979 illo
573 3917 657 3978 velut
670 3916 788 3999 aliquid
836 3937 890 3978 seu
905 3917 1032 3978 aliarum
1047 3938 1154 3991 rerum,
1177 3920 1243 3979 Deo
1261 3918 1445 3981 offerendae.
1466 3918 1495 3981 lt

89 4004 188 4082 suajus
203 4003 430 4079 commendare;
452 4006 497 4064 uti
511 4005 620 4065 videre
635 4012 681 4065 est
695 4024 787 4084 snpra
835 4003 911 4064 forte
937 4005 1108 4084 significare
1128 4005 1225 4065 voluit
1246 4004 1438 4081 fermentum,
1460 4024 1495 4088 qu

90 4110 156 4169 cap.
172 4093 200 4152 6.
216 4109 271 4170 per
293 4090 409 4170 aliquot
427 4110 540 4152 versus.
564 4091 635 4171 Quo
657 4093 787 4173 pertinet
834 4091 923 4152 modo
946 4090 1120 4172 'l'heophyl
1150 4082 1294 4169 ἀπαρχὴν
1317 4094 1495 4174 interpretat

90 4179 181 4237 etiam
196 4175 349 4257 illudcap.
364 4181 410 4237 4.:
430 4180 582 4239 Traditus
598 4187 641 4239 ert
652 4183 788 4256 propter
836 4187 891 4238 est.
915 4179 956 4237 At
978 4180 1089 4252 nescio,
1111 4197 1202 4257 quem
1224 4187 1321 4253 recte3
1345 4200 1440 4260 quum
1461 4198 1495 4241 us

90 4265 206 4324 delicta
235 4272 365 4340 nostra,
397 4272 427 4324 ct
451 4269 626 4327 resumsit
651 4272 787 4342 propter
835 4263 997 4344 loquendi,
1023 4266 1201 4344 praesertim
1224 4265 1400 4345 Scripturas
1423 4284 1495 4328 mou

85 4351 347 4428 justificationes
362 4359 514 4412 normam.
835 4372 895 4412 non
910 4352 1028 4424 habeat,
1050 4358 1084 4412 ut
1097 4351 1243 4412 fermento
1258 4371 1369 4413 nomen
1385 4346 1495 4432 ἇπαρχ

133 4437 233 4497 Aliter
253 4445 354 4498 tamen
378 4437 487 4501 Graeci
504 4435 665 4519 Origenes,
689 4436 785 4519 Chry·
836 4439 1025 4512 attribuatur,
1048 4459 1085 4499 ac
1106 4440 1159 4499 vix
1181 4437 1282 4500 soleat
1302 4437 1485 4502 fermentum

90 4531 209 4584 eostam.
226 4530 258 4584 et
271 4523 434 4600 Theodcr,
456 4544 532 4605 quea
554 4525 639 4584 multi
658 4542 785 4604 sequun·
835 4525 1495 4606 seripturishaberehonaereisignificatione

89 4618 145 4672 tur.
174 4610 352 4690 intelligunt
375 4612 454 4671 enim
476 4612 567 4672 vitam
591 4632 629 4670 ex
650 4613 784 4683 mortuis,
834 4612 979 4671 Fortasse
1006 4611 1196 4692 Theophyl.,
1223 4621 1257 4673 ut
1282 4613 1372 4674 homo
1398 4613 1495 4676 (trra

89 4697 294 4760 ιιιιὶνοιιιιοιιι
317 4707 500 4759 mortuorum
525 4699 784 4772 resurrectionem,
834 4699 1011 4780 posterioris
1033 4700 1160 4773 aetatis,
1181 4718 1292 4780 panem
1313 4698 1495 4764 fermentata
