3254 5190
503 286 896 341 unwmmnonmos.
930 284 1016 339 vaus.
1040 282 1063 338 r.
1482 295 1502 360 7

81 483 114 533 eu
133 480 204 541 quae
224 463 332 541 scripta
352 471 399 521 ost
421 460 459 520 od
478 461 644 522 Hebraeos.
668 459 758 540 Quod
849 460 943 519 Porro
972 452 1092 519 servum
1112 459 1192 520 Jesu
1214 458 1324 521 Christi
1353 480 1386 520 se
1415 470 1505 522 vocat

80 568 153 628 qnare
175 548 206 607 in
230 566 266 605 ca
288 546 401 608 fectum
423 549 560 620 nonsit,
591 546 653 606 illic
682 549 757 608 ratio
807 547 974 626 apostolus,
1003 546 1053 604 vel
1075 546 1208 625 generali
1231 548 1346 607 ratione
1369 546 1503 629 redemp-

80 633 263 711 sestigsbitnr.
806 633 894 693 tionis
916 641 1037 692 nostrae
1058 653 1111 712 per
1135 631 1301 706 Christum,
1335 636 1387 713 qui
1411 634 1449 694 ob
1471 633 1503 694 id

108 723 215 782 &reus
230 723 312 782 Jesu
328 720 453 782 Christi.
476 724 572 784 Jesus
588 714 681 801 (quod
695 720 757 779 He·
806 721 836 778 in
870 718 1006 798 symbolo
1039 718 1110 778 fidei
1141 728 1170 778 et
1199 739 1252 799 per
1284 739 1401 780 omnem
1431 721 1505 780 novi

77 807 156 866 braice
178 806 318 865 scribitur
340 803 443 897 Μ’)
473 807 623 886 proprium
650 826 755 867 nomen
805 805 973 865 testamenti
1013 806 1189 885 scripturam
1220 806 1368 866 Dominus
1401 816 1505 868 noster

75 905 109 952 est
126 892 202 952 illins
227 891 363 966 bominis,
388 894 439 972 qui
462 914 499 953 ex
521 893 617 952 Maris
640 894 756 971 virgine
804 901 943 952 vocatur:
965 892 1124 971 velpotius
1137 892 1253 951 ratione
1271 892 1397 972 speciali
1414 914 1502 974 prop·

73 989 143 1038 mtns
166 978 248 1038 idem
272 987 318 1038 est
339 979 418 1038 filins
439 978 508 1040 Dei.
542 980 632 1058 Quod
647 998 756 1038 nomen
804 987 850 1038 ter
870 979 1064 1038 ministerium
1086 977 1183 1047 verbi,
1217 980 1248 1038 in
1271 999 1329 1059 quo
1352 980 1503 1040 serviebat

73 1073 204 1124 uocatum
229 1072 273 1122 est
296 1065 336 1123 ab
366 1068 480 1140 ouqelo
506 1069 698 1142 priusquam
719 1068 755 1126 in
805 1063 924 1125 Christo
946 1065 1083 1124 Domino.
1128 1062 1227 1141 Quam
1250 1067 1422 1125 servitutem
1445 1068 1502 1145 sig·

69 1161 145 1212 utero
164 1154 398 1228 conciperetur,
421 1153 492 1213 Luc
510 1155 547 1226 2.,
571 1151 690 1212 dicente
711 1154 753 1211 vi·
804 1152 903 1211 nificat
926 1170 1016 1230 quum
1039 1149 1110 1211 dicit
1137 1148 1176 1210 de
1199 1152 1368 1225 Timotheo,
1391 1152 1501 1232 Philip.

68 1237 161 1297 delicet
191 1237 230 1296 ad
255 1237 374 1317 Josepb
402 1240 498 1298 virum
527 1239 656 1298 Mariae:
693 1241 755 1298 Vo-
804 1241 832 1296 2.
856 1241 944 1299 Sicut
964 1241 1054 1313 putri
1076 1238 1163 1314 tillus
1182 1257 1303 1298 mecum
1319 1241 1450 1298 servivit
1465 1241 1501 1299 iu

67 1325 137 1384 cobis
153 1342 273 1383 nomeu
289 1328 355 1398 eius
369 1328 498 1387 Jesum:
514 1325 544 1385 id
560 1333 614 1397 cst,
630 1324 754 1397 Graece,
804 1325 976 1400 evouqelto.
1022 1323 1111 1384 Unde
1137 1333 1167 1382 et
1192 1325 1325 1403 ejusdem
1355 1325 1501 1405 epistolae

67 1412 181 1488 σωτῆρα
186 1436 199 1486 ,·
216 1411 333 1483 Latine,
348 1413 556 1472 salvotorem.
581 1413 653 1487 Ipse
670 1415 755 1470 enim
802 1412 885 1471 initio
908 1410 1100 1470 Timotheum
1126 1410 1184 1470 sibi
1199 1412 1229 1470 in
1245 1411 1301 1470 hoc
1316 1430 1426 1489 genere
1441 1431 1501 1471 ser·

64 1499 177 1557 ultum
190 1498 293 1574 saciet
305 1499 465 1572 populum
480 1517 604 1559 suumu
616 1501 755 1573 peccatis
801 1499 904 1557 vitatis
931 1495 1083 1575 adjungit:
1113 1497 1237 1557 Paulus
1260 1506 1289 1556 et
1318 1499 1500 1558 Timotheus

64 1604 171 1643 eorum.
209 1581 317 1642 Mattla
343 1589 369 1642 1.
407 1587 451 1646 Et
472 1604 540 1645 nou
564 1592 608 1644 est
630 1587 666 1643 iu
689 1586 753 1644 olio
801 1588 883 1644 servi
898 1588 979 1645 Jesu
995 1584 1119 1643 Christi.
1146 1583 1327 1662 Hujusmodi
1341 1604 1429 1663 porro
1444 1586 1497 1643 mi·

62 1673 161 1748 oltqreo
185 1670 284 1729 sudus.
329 1672 393 1730 Nec
416 1675 499 1732 euim
522 1671 614 1730 aliud
636 1690 753 1731 nornen
801 1671 952 1730 nisterium
983 1671 1111 1730 maxime
1141 1678 1205 1730 erat
1235 1670 1432 1751 apostolatus,
1460 1670 1499 1731 de

64 1768 98 1817 ut
110 1757 168 1816 ereb
185 1758 273 1815 coelo
296 1756 408 1816 datum
425 1759 614 1833 homiuibus,
639 1761 753 1833 inquo
802 1777 859 1836 quo
883 1756 1024 1836 sequitur.

62 1851 197 1919 oporteat
214 1860 273 1902 uos
288 1844 392 1902 saluos
406 1845 483 1921 pleri.
506 1846 606 1904 Actor.
623 1846 652 1902 4.
668 1842 753 1903 Idem
851 1845 986 1904 Vocatus
1000 1843 1182 1917 Apostolus,
1208 1843 1238 1903 id
1261 1853 1313 1916 est,
1336 1843 1494 1904 vocatione

62 1931 138 1990 bomo
154 1928 312 2007 dignitatis
326 1930 446 1990 nomine
467 1929 604 1991 Christus
619 1937 751 1990 vocatur.
801 1929 962 2009 apostolus.
991 1928 1068 1987 Nam
1091 1937 1220 1989 vocotus
1242 1931 1272 1988 in
1295 1929 1412 1991 Graeco
1436 1949 1496 1988 non

62 2017 131 2076 Nam
158 2016 212 2096 qui
241 2015 394 2075 Hebraice
426 2018 533 2094 mult)
564 2036 631 2076 cnm
668 2017 753 2075 schin
801 2018 995 2096 participium,
1019 2015 1073 2075 sed
1096 2036 1204 2077 nomen
1228 2025 1280 2089 est,
1303 2009 1439 2092 ulchc:
1462 2035 1498 2076 ac

62 2102 145 2163 denso
177 2098 315 2180 lpropter
342 2101 422 2181 quod
443 2124 462 2163 a
484 2105 507 2164 J
509 2123 606 2164 osane
633 2122 698 2182 cap.
724 2106 751 2161 1.
800 2105 824 2161 si
840 2102 920 2162 dicat
934 2103 1083 2162 vocatium
1098 2111 1150 2161 aut
1165 2103 1342 2163 vocatitium
1365 2103 1425 2162 Per
1439 2103 1497 2162 hoc

62 2192 126 2249 ott.
150 2188 316 2266 Evangelii
338 2184 467 2264 pecata<
490 2191 635 2261 scribitur,
658 2192 753 2267 sigma
800 2199 900 2249 autem
930 2188 1079 2267 significat
1108 2208 1223 2248 senon
1252 2208 1411 2268 usurpasse
1439 2187 1497 2248 sibi

62 2271 226 2364 geminato),
249 2273 369 2334 Graece
391 2269 518 2352 χριστὸς
540 2275 654 2348 dicitur,
676 2276 752 2334 alias
800 2296 905 2335 munus
934 2282 986 2334 aut
1013 2294 1123 2334 nomen
1146 2275 1290 2354 apostoli:
1321 2274 1373 2335 sed
1405 2273 1442 2333 ad
1466 2273 1497 2333 id

63 2351 256 2438 rdsrppksoc,
280 2369 387 2420 unctus
401 2363 517 2422 Latine.
542 2363 611 2442 Quo
634 2363 752 2421 nomine
800 2369 937 2420 vocatum
960 2359 1054 2421 luisse
1070 2380 1089 2418 a
1104 2357 1231 2434 Christo,
1255 2371 1285 2421 et
1308 2360 1428 2441 quidem
1443 2381 1495 2421 vo·

62 2467 141 2526 quum
174 2446 228 2506 alii
258 2446 344 2506 multi
373 2455 507 2527 tompore
536 2448 645 2509 veteris
676 2447 751 2526 legis
800 2450 920 2507 catione
931 2446 1110 2519 immediata,
1123 2447 1373 2525 quemadmodum
1386 2455 1418 2506 et
1429 2466 1495 2505 cae·

64 2533 192 2594 bonorati
222 2533 348 2605 luerint,
377 2542 412 2592 ut
439 2554 540 2613 reges,
570 2533 751 2606 sacerdotes,
799 2535 854 2594 tori
877 2535 975 2593 vocati
995 2541 1087 2604 erant,
1110 2531 1268 2612 dequibus
1284 2533 1496 2593 diciturlltarc

62 2621 233 2700 prophetae,
255 2619 335 2700 qnod
355 2619 422 2679 oleo
444 2622 591 2682 materiali
612 2620 652 2680 ad
674 2622 751 2680 hacc
802 2625 828 2683 3.
859 2621 989 2680 Vocovtt
1012 2620 1054 2679 ocl
1077 2638 1107 2678 se
1130 2640 1206 2696 quos
1228 2621 1330 2680 voluit
1351 2623 1424 2697 ipse.
1445 2621 1496 2680 De

63 2707 148 2767 officia
171 2706 290 2767 soleant
311 2707 428 2785 inungi:
454 2709 573 2788 proprie
595 2717 695 2767 tamen
717 2727 752 2765 ac
800 2709 956 2768 vocatione
972 2706 1060 2767 Pauli
1083 2704 1122 2764 ad
1136 2706 1353 2786 Apostolatum,
1375 2706 1495 2787 quando

62 2804 198 2873 perpetus
231 2793 447 2853 consuetudine
483 2796 647 2874 scripturae
681 2795 752 2854 novi
801 2802 831 2852 et
845 2792 992 2875 quomodo
1008 2794 1173 2870 contigerit,
1197 2793 1326 2872 legenda
1340 2802 1386 2853 est
1402 2793 1494 2852 histo·

62 2880 227 2939 testamenti
256 2879 348 2938 Jesus
378 2881 525 2940 Dominus
554 2881 751 2959 significatum
800 2882 845 2939 ria
874 2879 975 2939 Actor.
1007 2884 1034 2941 9.
1060 2885 1108 2938 11.
1133 2890 1159 2939 et
1187 2880 1235 2939 13.
1264 2888 1293 2939 et
1321 2878 1495 2940 consulendi

62 2967 104 3026 dle
126 2968 264 3026 nimirum
284 2965 381 3041 homo,
404 2968 455 3047 qui
473 2975 595 3047 propter
612 2967 752 3027 unionem
801 2968 1003 3026 commentarii
1024 2987 1114 3046 super
1138 2987 1182 3041 co,
1205 2967 1284 3047 quod
1307 2967 1410 3026 scribit
1431 2967 1496 3045 ipse

64 3054 136 3114 inse
152 3052 276 3112 divinae
290 3060 414 3113 nabrrae
436 3074 502 3113 cum
524 3054 662 3124 humana,
685 3052 750 3132 Spi·
801 3052 839 3112 ad
862 3052 960 3113 Galat.
986 3057 1013 3112 1.
1037 3073 1070 3113 se
1100 3053 1288 3133 evangelium
1318 3073 1403 3112 snum
1434 3074 1494 3112 non

62 3141 112 3199 ritu
134 3147 238 3198 sancto
267 3147 374 3199 unctus
402 3149 449 3200 est
476 3139 678 3212 invisibiliter,
709 3141 752 3199 ita
801 3141 839 3200 ab
867 3140 987 3200 homine
1018 3142 1185 3219 accepisse,
1218 3161 1317 3220 neque
1346 3138 1495 3211 didicisse,

63 3240 88 3284 nt
108 3225 196 3285 simul
218 3234 302 3298 esset,
325 3246 360 3286 ac
379 3247 450 3306 pras
465 3226 601 3287 omnibus
624 3227 699 3298 aliis,
722 3235 753 3285 et
800 3226 853 3286 sed
872 3245 932 3303 per
947 3227 1173 3286 revelatione-m
1187 3231 1216 3289 J
1216 3247 1268 3286 esu
1284 3228 1409 3287 Christi.

64 3333 119 3383 rex,
141 3321 171 3370 et
194 3311 344 3384 sacerdos,
367 3322 399 3374 et
420 3313 581 3394 propheta,
604 3312 750 3393 donisque
845 3314 1030 3388 Apostolus,
1060 3313 1086 3370 si
1108 3311 1202 3371 solum
1225 3315 1352 3373 nominis
1375 3321 1496 3392 etymon

63 3400 189 3478 gratuitis
223 3397 262 3457 ad
295 3398 371 3459 haec
405 3400 499 3460 officia
532 3401 751 3480 pertinentibus
802 3409 975 3478 spectemus,
1001 3398 1133 3476 legatum
1155 3418 1209 3457 seu
1230 3401 1369 3459 nuncium
1392 3402 1423 3458 in
1446 3418 1496 3477 ge·

63 3485 308 3546 instructissimus.
342 3485 432 3547 Unde
447 3495 477 3546 et
492 3488 522 3546 in
546 3506 581 3547 eo
603 3485 751 3546 vocabulo
801 3505 872 3546 nere
895 3485 1055 3563 significat,
1078 3484 1189 3557 idest,
1214 3505 1279 3544 enm
1302 3486 1353 3565 qui
1376 3487 1497 3545 mittitur

64 3573 132 3632 solet
153 3570 280 3650 intelligi
303 3571 488 3652 hypostasis,
510 3574 540 3632 in
564 3592 652 3653 quam
674 3571 752 3632 duae
802 3592 867 3631 oum
896 3570 1059 3644 mandatis,
1091 3579 1125 3629 ut
1154 3572 1297 3650 accipitur
1326 3573 1349 3632 J
1351 3593 1417 3631 oan.
1448 3571 1496 3632 13.

63 3670 195 3733 naturae,
218 3658 321 3719 divina
344 3669 374 3718 et
395 3660 539 3733 humana,
562 3660 751 3719 conveniunt.
801 3662 909 3734 Neque
925 3658 1087 3734 apostolus
1108 3660 1273 3731 majestat
1291 3677 1326 3717 eo
1343 3661 1498 3735 quimtat

100 3745 178 3805 Illud
196 3746 294 3805 obiter
312 3744 429 3825 adjicio,
453 3745 585 3807 Graecos
601 3746 677 3806 baec
692 3745 751 3804 duo
801 3746 902 3804 illum.
936 3745 1048 3804 Verum
1071 3764 1127 3803 usu
1150 3744 1314 3824 scripturae
1335 3765 1358 3803 s.
1382 3744 1437 3804 soli
1454 3744 1498 3805 illi

63 3833 273 3893 sacranomina
287 3832 422 3892 breviata
437 3832 753 3894 scriberesolerecum
803 3832 940 3892 dicuntur
970 3831 1123 3911 Apostoli,
1156 3832 1208 3910 qui
1237 3840 1377 3911 tanquam
1406 3830 1499 3910 legati

63 3920 173 3998 virgula
188 3917 378 3997 superducta,
400 3919 525 3979 inhuno
539 3918 667 3991 modum,
690 3915 753 3995 Ιῆῖ,
802 3918 885 3977 missi
914 3927 982 3977 sunt
1003 3938 1021 3976 a
1044 3915 1162 3977 Christo
1185 3918 1315 3976 Domino
1346 3916 1384 3975 ad
1411 3937 1497 3998 prse-

61 4006 133 4082 χρς,
158 4004 209 4064 vel
230 4003 325 4065 literis
341 4006 512 4085 majusculis
532 4000 626 4078 lH‘X,
650 4000 753 4078 XP‘E,
803 4004 961 4064 dicandum
995 4005 1199 4083 evangelium,
1232 4013 1355 4083 accepta
1389 4004 1428 4063 ab
1462 4024 1498 4064 eo

61 4106 144 4172 atque
166 4091 246 4152 idem
268 4100 376 4170 postea
396 4093 521 4152 servatis
537 4091 663 4152 Graecis
686 4092 753 4150 cha·
803 4093 881 4151 omni
909 4098 1069 4170 potestate,
1099 4111 1176 4171 quae
1205 4090 1244 4149 ad
1272 4088 1441 4150 fundandae
1470 4097 1500 4150 et

60 4180 220 4240 mribus
243 4177 355 4238 fecisse
376 4180 508 4239 Latinos.
532 4178 612 4238 Hinc
635 4177 754 4252 factum,
803 4177 950 4256 regendas
973 4178 1116 4238 ecclesias
1139 4179 1308 4257 pertineret.

61 4276 90 4326 ut
112 4269 141 4328 in
163 4265 344 4326 hodiernum
372 4285 468 4346 usque
498 4263 577 4323 diem
599 4266 698 4326 Latini
720 4265 754 4323 li·
847 4264 941 4324 Tales
963 4263 1049 4324 fuere
1071 4263 1228 4324 duodecim
1251 4263 1310 4336 illi,
1340 4283 1414 4344 quos
1437 4263 1499 4320 Do·

61 4355 125 4413 teris
147 4372 257 4414 revera
279 4350 420 4425 Graecis,
447 4371 521 4432 ques
545 4353 673 4431 imperiti
694 4353 752 4412 Ro·
804 4351 899 4411 minus
919 4371 957 4411 ex
977 4351 1113 4410 omnibus
1133 4350 1286 4429 discipulis
1300 4351 1361 4409 suis
1381 4348 1500 4422 electos,

60 4460 156 4501 manu
185 4446 312 4520 putant,
344 4439 448 4499 eadem
478 4439 598 4497 nomina
628 4439 753 4517 pingant
804 4438 953 4516 apostolos
976 4438 1141 4498 nominavit
1163 4440 1235 4498 Luc.
1254 4442 1280 4498 6.
1310 4437 1381 4496 Non
1403 4445 1502 4495 autem

59 4526 109 4587 boo
130 4526 235 4587 modo:
258 4524 490 4599 Ifl‘s,x1³'s.
525 4524 617 4603 Quod
638 4545 754 4598 moneo,
804 4525 847 4584 illi
870 4526 934 4584 sive
964 4526 1152 4605 septuaginta
1183 4524 1345 4585 secundum
1368 4522 1501 4583 Graecos

58 4635 111 4676 non
132 4624 167 4676 ut
188 4615 342 4692 scriptura
369 4619 512 4683 mutetur,
543 4611 598 4672 sed
626 4619 659 4671 ut
687 4613 753 4691 ojus
805 4610 932 4685 codices,
954 4613 1019 4671 sive
1043 4613 1230 4690 septuaginta
1253 4611 1311 4671 duo
1335 4609 1501 4672 secundum

58 4704 133 4784 origo
154 4707 310 4764 noscatur.
804 4698 946 4775 Latinos;
979 4699 1097 4758 tametsi
1135 4701 1191 4780 ipsi
1224 4700 1315 4764 etiam
1348 4697 1430 4759 missi
1462 4693 1505 4757 ad,
