3254 5190
145 253 195 321 34
661 247 1028 305 cosmmssusncss.
1047 249 1065 303 1.

144 423 204 483 illis
218 421 396 484 benedicere
418 432 482 483 erat
503 422 582 486 bene
604 427 728 507 precari,
751 433 784 485 ut
798 425 841 483 vi·
889 428 1051 501 passiones
1072 429 1279 502 iynominiae.
1308 427 1431 507 Repetit
1446 435 1476 486 et
1491 427 1586 505 pluri-

145 508 282 570 debimus
304 509 381 570 infra
396 509 436 569 ad
451 509 525 570 illud
544 531 609 592 cap.
627 515 676 573 12.
700 511 841 573 Benedi-
890 510 946 571 bus
961 511 1101 589 declarat,
1125 515 1156 574 in
1171 533 1249 594 quae
1273 511 1458 574 dedecorosa
1474 512 1590 593 flagitia

146 598 205 656 cite
217 597 478 674 persequentibus
493 615 556 658 uos.
892 599 1025 678 prolapsi
1039 602 1099 660 sint
1114 599 1277 680 supradicti
1293 601 1442 680 sapientes
1457 599 1486 658 in
1503 598 1589 679 puni·

187 682 283 760 Igitur
306 702 412 743 sensus
435 693 495 743 est:
518 684 579 764 Qui
599 693 741 765 tanquam
755 684 841 744 Deus
892 686 1005 747 tionem
1020 686 1146 766 peccati,
1169 707 1231 767 quo
1246 688 1416 747 servierunt
1431 696 1590 746 creaturae

145 770 274 828 omnium
295 789 394 830 rernm
417 779 544 845 creator,
568 779 597 831 et
613 772 740 831 omnium
756 771 841 832 nobis
890 773 992 850 potius
1008 794 1096 852 quem
1111 775 1245 834 creatori.
1269 775 1448 849 Passiones,
1472 770 1590 832 Graece

143 854 288 916 bonorum
303 865 398 929 autor,
409 857 479 935 jure
494 857 662 921 laudandus
679 865 710 918 st
723 857 840 937 praedi·
891 848 990 935 πάθη,
1014 879 1091 939 quas
1107 861 1159 919 alii
1174 861 1373 937 cupiditates,
1390 860 1441 919 ulii
1457 858 1590 936 affectas

145 942 258 1003 candus
273 951 319 1002 est
333 963 388 1022 per
404 945 502 1005 omnia
518 945 647 1015 saecula,
661 943 751 1005 idest
763 947 842 1004 omui
891 955 1010 1006 vertere
1032 947 1212 1008 maluerunt.
1250 942 1328 1006 Nam
1351 946 1506 1026 passiones
1530 945 1589 1004 hac

143 1036 285 1108 tempore
319 1031 398 1090 Nam
421 1031 579 1104 saeculum,
614 1031 731 1093 Graece
754 1021 839 1106 αἰὼν,
891 1032 1014 1111 quidem
1036 1033 1258 1113 significatione
1274 1032 1364 1092 Valla
1379 1040 1471 1112 negat
1493 1030 1589 1111 probe

144 1116 294 1194 significat
313 1116 435 1195 longum
456 1125 583 1197 tempus,
605 1117 698 1215 quale
714 1127 758 1178 est
774 1137 841 1179 cen·
891 1118 966 1178 dici:
990 1119 1044 1179 sed
1062 1130 1092 1180 et
1106 1119 1250 1180 Erasmus
1265 1128 1422 1179 aversatur
1437 1118 1521 1178 velut
1536 1139 1587 1177 no-

142 1210 206 1262 tum
219 1222 370 1264 annorum
394 1204 435 1263 Et
450 1205 578 1278 saecula,
601 1206 711 1271 αἰῶνες
734 1204 842 1285 plurali
890 1225 961 1265 vum
976 1213 1007 1265 et
1020 1205 1158 1267 fictitium
1181 1206 1368 1266 vocabulum.
1391 1207 1489 1285 Atqui
1512 1212 1586 1264 tem-

145 1307 276 1361 numero,
299 1292 471 1351 universum
493 1298 610 1372 tempus
633 1300 725 1371 atque
747 1293 840 1371 ipsam
890 1312 962 1371 pore
973 1292 1006 1351 Β.
1018 1294 1180 1373 Augustini
1192 1314 1251 1353 non
1267 1301 1331 1353 erat
1343 1312 1462 1351 novum.
1486 1292 1589 1352 Utitur

144 1378 349 1438 aeternitatem
360 1378 551 1457 inscripturis
561 1374 840 1457 signiticaresolent,
890 1381 968 1439 enim
985 1380 1060 1458 ipse,
1082 1390 1217 1441 autorem
1232 1381 1326 1440 citans
1343 1377 1518 1458 Apulejum,
1534 1379 1586 1438 lib.

143 1466 322 1544 praesertim
344 1463 445 1524 addito
472 1467 603 1543 genitivo
630 1467 839 1541 saeculoram,
891 1469 918 1526 9.
936 1465 973 1527 de
989 1468 1044 1526 cir.
1061 1468 1119 1528 Dei
1136 1487 1201 1547 cap.
1219 1471 1247 1527 4.
1270 1469 1374 1548 Atque
1391 1486 1426 1527 eo
1442 1464 1587 1526 libentius

144 1552 241 1631 quiin
256 1552 316 1611 fine
331 1552 419 1629 hujus
442 1552 585 1631 epistolae
608 1563 638 1613 et
659 1552 732 1613 alibi
747 1571 840 1631 saepe
889 1553 995 1627 utitur,
1018 1553 1099 1633 quod
1122 1563 1151 1613 et
1166 1552 1314 1614 Graecam
1336 1573 1445 1612 vocem
1468 1562 1501 1612 et
1522 1572 1585 1611 rem

143 1635 262 1698 additur
277 1637 317 1698 ad
339 1640 555 1718 expressiorem
578 1640 766 1700 aeternitatis
781 1641 838 1718 sig·
888 1640 985 1718 ipsam
1000 1642 1095 1719 magis
1108 1641 1269 1720 exprimat:
1294 1639 1588 1719 etaiuonignoraret

142 1725 350 1787 uificstiouem.
889 1726 1048 1806 quosdam,
1070 1737 1105 1788 ut
1127 1725 1310 1800 Ciceronem,
1333 1727 1585 1806 perturbationes,

186 1816 298 1874 Amen.
332 1811 400 1873 Vox
414 1822 462 1872 est
477 1812 629 1886 Hebraea,
652 1813 763 1892 passim
778 1833 838 1872 om·
888 1814 972 1887 alios,
988 1822 1022 1871 ut
1037 1808 1266 1891 Quintilianum,
1281 1814 1408 1874 affectus
1424 1834 1535 1874 vocare
1551 1832 1587 1873 ea

143 1900 230 1960 nibus
246 1908 316 1960 nota
341 1907 372 1959 et
385 1919 405 1958 a
421 1897 539 1960 Christo
554 1899 683 1961 Domino
697 1901 837 1979 trequen-
888 1920 967 1982 quae
979 1899 1103 1962 Graecis
1114 1893 1200 1977 aito
1214 1899 1362 1961 dicuntur.
1386 1901 1522 1980 Usurpat
1532 1919 1584 1960 au·

144 1996 224 2062 tata,
246 2006 334 2067 quam
348 1985 462 2046 Paulus
485 1988 584 2048 sexies
607 1989 708 2066 posuit
729 1988 760 2046 in
783 1986 839 2045 hac
887 1997 947 2047 tem
963 1996 993 2045 et
1008 1987 1210 2066 Hieronymus
1228 2007 1288 2046 nou
1310 1987 1403 2047 solum
1425 1988 1584 2066 passionis,

144 2073 280 2153 epistola.
304 2070 470 2131 Adhibetur
482 2082 582 2133 autem
593 2072 632 2133 ad
644 2073 837 2133 confirmatio·
886 2073 942 2135 sed
958 2082 989 2132 et
1003 2073 1206 2152 propassionis
1220 2073 1368 2134 vocabula
1381 2076 1410 2132 in
1427 2081 1584 2132 comment.

142 2181 213 2220 nem
225 2170 258 2220 et
272 2159 516 2239 approbationem
536 2161 600 2239 ejus
615 2159 698 2239 quod
714 2158 837 2219 dicitur:
886 2160 994 2220 Matth.
1010 2179 1076 2239 cap.
1093 2159 1121 2217 5.
1139 2168 1170 2220 et
1184 2161 1235 2218 26.
1258 2160 1325 2221 Nec
1348 2161 1425 2219 enim
1447 2162 1583 2221 invenie·

142 2268 178 2307 sc
192 2246 273 2307 idem
288 2246 370 2307 valet
392 2245 473 2326 qusrd
489 2245 662 2307 adverbium
681 2264 763 2320 uere,
787 2253 839 2304 aut
887 2248 940 2307 bat
962 2245 1024 2305 alia
1045 2246 1154 2305 Latina
1176 2247 1307 2324 aptiora,
1332 2247 1441 2326 quibus
1466 2245 1585 2308 Graeca

142 2334 268 2394 verbum
284 2334 352 2409 flat,
377 2351 489 2393 aarum
503 2336 543 2393 sit
558 2352 596 2392 ac
612 2334 751 2410 firmam.
774 2332 838 2392 Uti·
887 2323 991 2400 nabo<
1007 2342 1038 2391 et
1052 2322 1243 2408 spondaeus
1266 2341 1470 2393 commutaret.
1493 2332 1584 2393 Unde

143 2429 191 2480 tur
207 2441 243 2480 eo
256 2418 390 2481 omnus
402 2421 432 2482 in
444 2419 622 2498 Evangeliis
638 2415 730 2498 (apud
742 2419 765 2480 J
767 2439 836 2479 oau-
887 2428 932 2480 est
943 2417 1019 2478 illud
1030 2418 1167 2497 ejusdem
1180 2420 1211 2477 in
1223 2418 1398 2479 ffiaconum:
1422 2418 1507 2497 Quid
1517 2439 1584 2495 pa·

142 2526 209 2567 nem
225 2527 341 2586 semper
357 2503 521 2585 geminato)
537 2514 679 2586 tanquam
694 2504 838 2565 adverbio
887 2509 967 2565 titur
981 2523 1166 2564 mensarum
1181 2512 1210 2563 et
1228 2507 1402 2566 viduarum
1417 2507 1584 2566 minister?

141 2593 353 2653 asseverandis
386 2591 477 2671 idque
498 2592 582 2652 initio
616 2593 838 2664 sententiarum,
886 2592 1013 2671 epistola
1028 2591 1078 2650 85.
1102 2589 1141 2650 ad
1164 2591 1337 2670 Evagrium.
1372 2593 1450 2652 Same
1472 2592 1503 2651 in
1525 2591 1584 2652 hoc

142 2697 216 2759 quas
231 2679 297 2739 vult
312 2679 495 2750 confirmare,
511 2677 653 2739 dicendo:
677 2682 792 2752 Amen,
808 2676 837 2738 id
886 2678 952 2739 loco
968 2677 1106 2757 Apostoli
1127 2676 1202 2736 nihil
1225 2676 1444 2757 significantius
1463 2680 1584 2737 nomine

142 2774 188 2824 est
210 2782 291 2838 rere,
315 2765 384 2825 dico
407 2763 503 2823 vobis.
526 2766 567 2825 lit
589 2763 709 2844 quidem
732 2763 790 2824 hoc
811 2764 839 2822 ei
886 2765 1044 2844 passionis.
1058 2762 1120 2843 Qui
1132 2764 1210 2824 enim
1222 2764 1273 2824 illa
1281 2766 1379 2845 turpia
1389 2773 1492 2842 agunt,
1504 2764 1604 2823 adeo.

141 2850 296 2931 peculiare
316 2850 412 2911 fuisse
434 2849 562 2910 videtur.
607 2851 687 2910 Nam
713 2849 786 2910 alibi
808 2851 838 2908 in
887 2871 920 2911 se
935 2859 1012 2910 totos
1027 2848 1087 2910 illis
1102 2849 1215 2909 dedmrt
1230 2859 1323 2930 atque
1339 2853 1526 2929 immergunt,
1551 2858 1584 2910 ut

141 2939 289 3018 scriptura
309 2939 464 3017 utriusque
487 2937 659 2997 testamenti
682 2945 839 3014 usurpatur
885 2939 949 3016 pati
970 2937 1065 3015 magis
1088 2955 1176 3016 quam
1198 2956 1288 3015 agere
1310 2936 1478 2997 videantur.
1515 2937 1584 2997 Has

143 3043 198 3102 pro
222 3022 356 3084 clausula
378 3024 521 3083 sermonis
543 3020 754 3094 antecedentis,
779 3041 839 3102 qua
886 3032 989 3083 autem
1004 3031 1095 3083 vocat
1108 3021 1264 3100 passiones
1278 3024 1469 3102 ignominiae,
1488 3021 1520 3082 id
1536 3031 1584 3084 est

141 3118 213 3169 eum
228 3112 381 3187 optatione
403 3107 484 3189 quod
506 3108 616 3168 dictum
631 3117 677 3168 est
689 3107 837 3189 approba·
886 3109 1040 3188 passiones
1056 3108 1268 3188 ignominiosas
1284 3130 1320 3169 ac
1334 3108 1502 3187 pudendas.
1517 3104 1582 3169 He·

145 3203 200 3256 tur.
234 3195 326 3257 Unde
348 3205 394 3258 est
415 3193 491 3255 illud
512 3194 551 3257 de
574 3215 633 3254 non
655 3192 839 3272 intelligente
885 3194 984 3255 bracis
1007 3197 1085 3255 anim
1114 3193 1261 3254 familiare
1291 3203 1338 3254 est
1359 3194 1583 3256 substantivum

148 3286 160 3342 1
182 3280 251 3342 Cor.
269 3287 318 3343 14.
342 3283 508 3360 Qrsomedo
530 3282 612 3340 dicet
626 3285 729 3341 Amen
744 3297 839 3355 super
886 3281 1028 3360 gignendi
1044 3300 1115 3341 casu
1129 3300 1241 3360 ponere
1255 3280 1322 3341 loco
1339 3280 1472 3360 epitheti.

145 3376 235 3428 taam
256 3369 529 3429 benedictionem?
556 3367 604 3427 Ita
620 3367 767 3446 accipitur
782 3367 838 3426 hoc
929 3369 1014 3426 Nam
1027 3369 1192 3444 foeminae
1201 3385 1313 3427 eoram
1328 3371 1584 3428 immutaverunt

144 3455 219 3515 loco.
242 3453 507 3516 Nemeansusest:
530 3454 657 3515 Utvera
672 3451 838 3514 laudandus
886 3456 1069 3514 naturalem
1091 3457 1233 3514 usumin
1249 3473 1320 3513 snm
1341 3471 1444 3528 mam,
1468 3456 1584 3539 quiesi

144 3548 191 3600 est
212 3541 244 3601 in
266 3561 383 3602 omnem
406 3542 626 3615 aeternitatem
656 3541 697 3600 ita
719 3541 785 3613 fiat,
808 3541 838 3598 in
885 3547 998 3600 contra
1021 3547 1183 3600 naturam.
1222 3539 1344 3613 Graece,
1365 3548 1496 3616 praeter
1518 3560 1582 3601 na·

143 3636 296 3688 aeternum
318 3626 465 3688 laudetur.
488 3627 577 3686 Hanc
592 3627 660 3704 ep'us
679 3627 762 3686 vocis
777 3627 836 3706 sig·
885 3634 1003 3687 turam.
1030 3625 1090 3685 Sed
1107 3624 1136 3685 id
1154 3625 1331 3686 tantundem
1345 3627 1435 3699 valet,
1458 3628 1536 3687 sicut
1552 3634 1584 3687 et

140 3712 649 3775 nificstionemreddideruntLXX.
663 3713 837 3790 interpretes
885 3711 962 3773 infra
978 3732 1042 3791 cap.
1062 3715 1110 3773 16.
1131 3721 1262 3788 praete-r
1285 3712 1465 3772 doctrinam
1482 3732 1582 3790 qaam

142 3799 259 3861 Graeco
281 3801 373 3860 verbo
397 3791 523 3875 γένοιτο,
546 3798 578 3858 id
594 3808 640 3860 est
654 3798 722 3874 flat.
746 3799 836 3879 Quod
885 3800 1055 3874 didicistis,
1079 3797 1110 3858 id
1126 3807 1173 3859 cst
1187 3807 1291 3858 contra
1314 3819 1380 3859 eam
1403 3797 1580 3861 doctrinam.

140 3888 324 3964 gemmatum
339 3886 450 3966 legitur
464 3888 495 3946 in
510 3886 569 3946 fine
584 3885 773 3945 Psalmorum
786 3888 835 3945 40.
883 3886 933 3945 De
952 3904 1014 3964 qua
1029 3885 1247 3984 significatione
1264 3883 1400 3945 Graecae
1423 3888 1579 3965 praeposi·

141 3973 189 4033 71.
205 3975 255 4033 88.
270 3983 300 4034 et
314 3976 382 4035 105.
406 3974 543 4052 idipsum
558 3971 680 4050 Aquila,
700 3972 835 4050 Symma-
883 3972 973 4033 tionis
988 3987 1072 4048 παρα
1087 3971 1205 4051 plenius
1221 3973 1315 4032 acturi
1332 3991 1435 4032 sumus
1450 3971 1491 4032 ad
1505 3970 1582 4034 illud

140 4060 214 4122 chus
237 4068 269 4121 et
291 4059 464 4122 Theodotio
495 4059 649 4134 fideliter,
673 4060 740 4118 sive
762 4076 835 4116 vere
883 4057 995 4119 Gall.
1015 4059 1352 4135 praeterquamquod
1374 4059 1581 4135 evonaetiaa·

138 4145 325 4228 interpretati
340 4154 417 4218 suat,
432 4153 511 4206 teste
526 4144 713 4225 Hieronymo
728 4145 761 4203 in
775 4143 835 4203 fine
883 4148 987 4206 cimas
1009 4144 1113 4222 sons,
1137 4152 1182 4205 et:
1203 4151 1335 4221 praeter
1358 4144 1392 4204 iet
1413 4145 1501 4223 qaod
1524 4166 1580 4207 ac·

138 4241 295 4296 comment
311 4232 457 4313 epistolae
473 4230 511 4292 ad
523 4229 656 4292 Galatas.
679 4230 833 4290 Interdum
882 4233 1013 4307 cepistis.
1032 4230 1188 4291 Naturalis
1200 4250 1273 4290 usus
1285 4251 1450 4311 corporum,
1466 4231 1506 4292 de
1519 4253 1580 4313 quo

137 4338 261 4401 quoque
285 4320 437 4400 epitheton
462 4326 510 4379 est
524 4315 636 4378 Christi
658 4317 712 4378 filii
727 4316 787 4378 Dei
802 4326 835 4375 ut
881 4320 945 4397 agit
959 4317 1133 4397 Apostolus,
1149 4317 1580 4400 esteeconjunctioadquam

135 4408 233 4487 Apoc.
250 4411 278 4469 3.
302 4408 391 4467 Haec
404 4407 483 4465 dicit
498 4409 613 4480 Amen,
637 4407 719 4465 testis
734 4405 835 4479 ndens
882 4413 988 4465 natura
1003 4404 1136 4479 inclinat,
1160 4413 1192 4463 et
1206 4423 1243 4463 ex
1258 4423 1320 4484 qua
1343 4412 1414 4465 nata
1430 4414 1476 4466 est
1491 4407 1581 4488 sequi

136 4501 167 4555 et
180 4509 283 4554 vertes.
308 4491 423 4554 Graeca
438 4484 456 4551 ὁ
473 4483 573 4569 Anba,
597 4492 651 4551 ille
667 4496 781 4567 Anien,
797 4508 833 4550 ac
882 4491 1046 4569 generatio.
1069 4491 1156 4551 Haec
1170 4499 1341 4552 autemnon
1355 4500 1401 4552 est
1416 4492 1474 4552 nisi
1488 4494 1580 4554 maris

136 4580 163 4641 si
178 4578 272 4640 dicat:
295 4578 384 4651 Haec
399 4579 472 4639 dicit
486 4580 553 4658 ipss
567 4579 689 4638 veritas.
883 4583 914 4636 et
928 4574 1086 4649 toemuae,
1103 4596 1202 4657 eaque
1216 4576 1355 4636 memhris
1371 4576 1410 4637 ad
1425 4576 1481 4639 hoc
1492 4599 1513 4639 a
1526 4601 1579 4642 na·

189 4668 239 4727 26.
261 4667 440 4742 Propterea
463 4665 599 4729 tradidit
611 4664 684 4724 iilos
697 4665 784 4726 Deus
798 4665 835 4722 in
885 4670 952 4721 tura
967 4660 1127 4743 deputatis
1152 4661 1256 4724 Omnis
1271 4663 1447 4744 igiturusus
1458 4663 1579 4727 illorum
