3254 5190
97 290 171 360 403
462 308 465 313 ·
600 272 848 337 -oounrurrlule
862 274 896 335 lit
910 276 981 336 err.
1000 268 1066 336 illi·
1148 276 1161 313 ·'

95 466 176 520 statu
191 459 351 519 servitutis.
380 456 579 519 Vocat-ionem
594 456 736 538 intelligit
748 458 791 517 vi·
851 464 855 473 '
885 458 936 519 22.
960 459 1022 536 Qui
1036 460 1121 519 enirn
1133 461 1171 518 in
1187 460 1331 520 Domino
1353 468 1443 520 ooeut

96 554 147 606 tae
162 552 271 605 statum
295 562 348 604 seu
372 544 583 619 conditionem
607 544 734 624 quodet
749 562 793 617 et,
840 562 966 618 etwas,
990 545 1120 605 libertus
1141 553 1185 605 est
1207 546 1351 608 Domini.
1382 546 1443 606 Bet

96 632 324 712 qualiscumque
347 631 400 707 sit,
423 632 593 691 vocationis
608 632 649 690 sit
663 631 791 691 divinae.
840 630 939 690 reddit
964 632 1032 709 ejus
1057 631 1139 710 quod
1161 632 1296 706 dixerat,
1327 651 1399 693 non
1424 648 1443 693 a

94 719 175 778 Nam
190 720 247 778 hoc
262 719 306 777 od
322 736 373 777 eus
395 718 637 779 conmemorans
651 718 701 778 vel
715 734 792 778 con-
840 734 953 792 curos,
975 738 1011 778 ac
1034 720 1136 792 docet,
1162 719 1242 780 servi
1265 718 1419 799 liberique
1440 740 1443 799 j

96 805 232 865 ditiones
247 809 332 864 vitoe
346 806 473 882 retulit,
490 822 573 881 qaae
584 805 666 865 nihil
679 804 793 865 obsum
841 823 909 865 esse
924 804 1124 865 conditionem
1146 807 1177 864 in
1189 803 1331 865 Christo:
1353 824 1443 886 quam

95 892 170 968 fidei
189 893 341 968 bonisque
361 893 520 967 moribus,
542 892 585 950 ait
604 893 793 971 Augustinus
841 891 909 950 dem
924 900 957 951 et
972 890 1052 952 servi
1068 899 1138 950 sunt
1151 890 1252 951 liberti
1267 891 1401 966 Christi,
1413 898 1443 953 et

96 980 127 1038 in
150 978 278 1058 exposit.
301 980 387 1057 epist.
410 978 448 1039 ad
471 977 573 1040 Galat.
597 980 635 1049 2.,
659 976 741 1058 quod
762 986 794 1036 et
841 978 921 1037 servi
936 977 1133 1038 suutOhristi
1163 976 1224 1056 Qui
1239 980 1334 1053 enim,
1349 980 1443 1060 inqui

95 1063 338 1144 supradiximus
364 1065 430 1126 aliis
455 1065 566 1127 verbis.
614 1064 657 1122 Et
677 1063 794 1144 alioqui
841 1080 898 1124 rus
928 1084 995 1124 eum
1026 1072 1122 1137 esset,
1151 1074 1279 1124 vocatus
1309 1075 1355 1126 est
1383 1064 1424 1125 ad

93 1172 155 1213 nou
170 1152 226 1212 erit
237 1152 374 1225 vocatio,
397 1168 477 1233 queo
497 1154 600 1234 utique
614 1151 793 1210 relationem
840 1148 954 1211 Christi
969 1151 1100 1223 Domini,
1116 1150 1243 1212 libertus
1258 1152 1325 1230 ejus
1341 1149 1443 1215 est:h

97 1239 188 1299 habet
203 1237 242 1298 ad
257 1238 358 1298 Deum
379 1246 553 1299 vocantem:
574 1237 628 1298 sed
643 1238 793 1297 humanae
842 1257 859 1297 e
881 1240 1027 1298 servitute
1051 1239 1169 1317 peccati
1193 1241 1222 1298 in
1245 1236 1422 1301 libertatem

94 1324 270 1406 cupiditatis
285 1327 501 1406 praesumptio.
524 1326 640 1386 Sensus
652 1332 714 1385 est:
729 1323 791 1382 No·
841 1323 1026 1397 vindicatus,
1049 1326 1143 1403 eique
1158 1324 1301 1404 tanquam
1317 1326 1443 1388 liberato

93 1432 141 1473 mo
157 1412 254 1472 fuctus
269 1409 458 1472 Christianus
479 1411 655 1492 prohibetur
672 1426 794 1471 manete
842 1410 999 1472 obnoxius.
1036 1411 1130 1471 Tales
1158 1412 1236 1471 euim
1263 1411 1367 1474 liberti
1394 1412 1443 1474 dic

94 1501 126 1559 iu
141 1504 238 1571 statu,
253 1500 285 1558 in
300 1515 362 1578 quo
379 1506 451 1573 crat,
466 1497 588 1579 quaudo
603 1505 730 1557 vocatus
747 1504 793 1557 est
883 1498 1037 1558 Similiter
1053 1501 1108 1574 qai
1123 1498 1202 1557 liber
1220 1507 1347 1561 vocotus
1364 1506 1419 1575 cst,
1436 1519 1443 1561 r

95 1585 133 1647 ad
156 1584 243 1644 fidem
266 1584 388 1645 Christi.
409 1586 475 1645 Nec
496 1604 568 1645 vero
592 1590 709 1645 mutare
724 1601 792 1643 eum
841 1590 887 1643 eet
902 1586 1025 1646 Christi.
1048 1584 1175 1657 Graece,
1190 1587 1345 1646 Similiter
1360 1595 1443 1664 atqu

94 1672 199 1743 debet,
225 1672 285 1731 nisi
297 1671 382 1748 justa
395 1673 530 1732 ratione:
556 1673 646 1731 etita
662 1669 792 1750 quidem,
840 1670 919 1749 Qui,
941 1672 1053 1752 inquit,
1076 1671 1248 1732 conditione
1268 1673 1346 1734 liber
1368 1690 1438 1733 eum

92 1767 127 1818 ut
148 1779 208 1819 non
230 1758 366 1818 turbetur
387 1758 574 1838 respublica,
604 1776 662 1818 nec
684 1758 793 1818 carim
840 1764 965 1818 vocatus
981 1766 1028 1818 est
1044 1757 1083 1818 ad
1094 1757 1184 1818 iidem
1196 1756 1310 1819 Christi
1325 1761 1443 1820 Domiu

92 1846 294 1927 proximorum
309 1842 454 1906 laedatur.
486 1845 588 1925 igitur
602 1845 660 1904 hac
674 1852 791 1905 senten-
840 1864 896 1905 vus
919 1853 965 1905 est
986 1845 1113 1919 Christi,
1137 1848 1208 1925 quia
1237 1845 1443 1927 redempturi

93 1935 135 1994 tia
158 1952 218 1991 nou
239 1939 301 1991 tum
326 1933 473 2012 praecipit
493 1933 670 2012 Apostolus,
700 1949 792 2011 quam
840 1932 917 1991 Nam
933 1932 990 1991 hoc
1005 1934 1151 2010 sequitur.

94 2019 255 2100 significat,
278 2018 351 2100 quid
375 2020 486 2099 cuique
506 2017 677 2079 Christiano
693 2018 791 2078 liceat.
883 2021 933 2080 23.
957 2020 1064 2077 Pretio
1080 2022 1177 2095 empti
1196 2021 1274 2079 estis.
1311 2019 1443 2100 Emphu

93 2105 142 2166 Ad
170 2105 253 2186 quod
278 2106 376 2185 ipsum
401 2115 504 2166 tamen
533 2107 623 2166 etiam
647 2106 792 2178 hortatur,
840 2107 871 2164 iu
894 2124 930 2164 eo
953 2103 1036 2184 quod
1057 2104 1157 2179 addit,
1182 2108 1306 2182 pretio.-
1331 2122 1400 2166 eum
1427 2126 1443 2166 a

92 2192 152 2253 nisi
167 2192 242 2272 quld
258 2191 346 2253 aliter
361 2192 515 2272 expediat.
840 2192 985 2272 qulcquid
1002 2194 1115 2264 emitur,
1126 2194 1223 2271 pretio
1236 2200 1360 2251 ematur.
1383 2194 1443 2273 sip

136 2281 187 2340 21.
210 2279 328 2341 Servus
349 2286 480 2339 vocatus
503 2278 556 2339 ee?
586 2280 659 2339 Nost
680 2279 793 2338 sittibi
840 2294 911 2355 ergo
936 2296 1080 2357 maguum
1107 2286 1136 2337 et
1157 2278 1380 2339 inaestimabile
1405 2296 1443 2359 pr

93 2384 197 2427 uerae
235 2365 348 2426 Servus
364 2383 448 2438 eras,
472 2366 584 2446 iuquit,
604 2363 724 2444 quando
737 2382 791 2424 vo·
840 2362 983 2424 videlicet
998 2366 1155 2443 sanguinis
1173 2365 1255 2443 ejus,
1272 2366 1325 2444 qui
1339 2367 1423 2426 omit

93 2461 178 2513 catus
191 2470 225 2512 es
240 2451 279 2511 ad
294 2450 406 2512 fidem?
435 2470 496 2513 nou
511 2461 542 2512 te
556 2472 605 2512 res
621 2451 674 2511 illu
690 2459 791 2530 ungat,
841 2450 897 2509 hus
912 2451 969 2509 hoc
992 2451 1174 2529 explicatum
1195 2460 1241 2511 cst
1260 2470 1325 2530 cap.
1343 2468 1443 2532 super.

92 2557 132 2599 ne
147 2538 259 2610 doleas,
276 2544 316 2611 te,
339 2539 393 2618 qui
408 2538 468 2614 jam
482 2537 630 2616 religione
646 2536 791 2598 Christia-
839 2537 893 2596 ult.
916 2536 1039 2596 Dicitur
1062 2547 1160 2597 antem
1183 2546 1242 2596 tam
1265 2537 1305 2598 ad
1329 2558 1436 2601 servos

91 2644 149 2685 uus
175 2642 224 2698 es,
250 2622 349 2683 adhuc
374 2623 547 2684 conditione
574 2640 694 2684 servum
714 2643 791 2685 esse.
840 2623 880 2683 ad
901 2622 1025 2697 liberos,
1048 2623 1186 2704 adeoque
1205 2625 1405 2685 communiter
1423 2644 1443 2685 a

92 2710 171 2770 Nolo
186 2718 218 2770 te
231 2709 380 2770 solicitum
392 2726 468 2784 esse,
483 2717 518 2769 ut
533 2728 623 2769 onere
637 2711 792 2770 servitutis
839 2728 894 2769 ues
919 2708 1041 2786 tideles3
1067 2709 1318 2790 quemadmodum
1345 2719 1378 2771 et
1403 2711 1436 2772 id

92 2796 239 2857 libereris.
840 2797 985 2875 sequitur.

136 2884 199 2945 Sed
212 2890 242 2942 rt
252 2883 279 2942 si
289 2889 378 2957 potes
389 2881 461 2958 fleri
472 2882 567 2957 liber,
583 2885 685 2958 maqie
693 2890 791 2944 utere.
883 2883 990 2942 Nolite
1003 2882 1074 2959 {leri
1088 2885 1172 2943 servi
1182 2884 1358 2943 hominum.
1384 2883 1443 2947 lut

94 2968 225 3030 Graece:
248 2968 310 3030 Sed
325 2970 352 3028 si
368 2972 463 3028 etiam
477 2977 585 3045 potes,
602 2977 656 3029 etc.
678 2969 792 3030 Sensus
840 2966 971 3028 noralem
986 2976 1017 3028 et
1031 2970 1194 3029 salutarem
1209 2968 1443 3031 admonitionem

94 3064 157 3116 est:
180 3055 310 3115 Etiamsi
335 3056 433 3135 poesis
462 3056 583 3136 assequi
613 3055 792 3130 libertatem,
839 3055 881 3113 tio
906 3058 1063 3133 sauguinis
1087 3059 1134 3115 sui
1157 3055 1291 3115 Christus
1317 3075 1375 3116 vos
1399 3076 1443 3118 sm

91 3143 189 3222 magis
204 3150 320 3212 tamen,
343 3139 450 3215 idest,
475 3144 577 3221 potius
596 3148 684 3202 utere
699 3143 792 3203 servi·
839 3159 943 3201 servos
959 3160 1030 3202 suos
1043 3142 1132 3202 fecit:
1155 3142 1247 3221 igitur
1270 3142 1364 3202 nolite
1381 3143 1443 3204 fieri

93 3234 167 3302 tute,
183 3237 213 3288 et
225 3229 257 3288 in
273 3247 309 3287 ea
323 3246 466 3308 permane
476 3229 598 3308 majoris
608 3228 679 3289 honi
691 3247 793 3299 cause,
840 3227 999 3288 homiuum.
1023 3226 1060 3287 Id
1077 3237 1136 3288 ast:
1151 3248 1189 3288 ne
1203 3247 1259 3288 vos
1275 3229 1319 3287 ita
1330 3230 1443 3307 subjici

95 3315 211 3375 scilicet
232 3314 271 3374 ad
292 3324 375 3374 tuam
398 3315 659 3389 exercitationem,
690 3322 720 3376 et
742 3314 792 3374 do·
839 3313 978 3387 minibus,
993 3324 1029 3375 ut
1043 3313 1164 3375 Christo
1176 3314 1307 3375 Domino
1322 3314 1443 3376 debitur

93 3402 167 3461 mini
179 3403 225 3462 tui
240 3402 378 3461 salutem.
414 3401 495 3461 Nam
510 3420 549 3461 ex
569 3410 623 3461 tua
637 3403 792 3473 servitute,
840 3399 979 3472 trahetis,
995 3410 1048 3461 aut
1062 3400 1282 3481 quoquomodo
1298 3402 1443 3464 minuatis

94 3488 121 3547 si
136 3487 304 3549 liberaliter
319 3495 351 3547 et
366 3487 526 3548 christiane
548 3491 675 3560 servias,
697 3488 792 3566 major
840 3487 941 3567 quium
957 3495 1049 3568 atque
1061 3488 1224 3548 servitium.
1248 3487 1343 3547 Velut
1356 3491 1411 3568 qui
1425 3509 1442 3550 s

94 3592 164 3654 spes
195 3578 253 3635 erit
282 3573 433 3634 domiuum
469 3582 552 3634 tuum
582 3573 792 3635 lucrifaciendi
840 3573 986 3652 obsequio
1002 3577 1081 3654 regis
1096 3575 1238 3648 huminis,
1253 3573 1442 3637 sialiissed

93 3659 230 3735 Christo,
257 3680 347 3741 quam
373 3681 412 3721 ex
435 3658 546 3741 adepta
567 3660 716 3722 libertate.
754 3660 792 3720 In
840 3679 900 3739 quo
911 3659 972 3731 fiat,
987 3669 1020 3720 ut
1029 3664 1126 3722 minus
1138 3669 1251 3741 queant
1262 3661 1328 3738 regi
1341 3661 1443 3724 debite

91 3747 173 3808 huuc
199 3767 317 3808 sensum
343 3747 407 3807 fere
428 3755 673 3809 commentatores
700 3766 791 3827 expo
840 3754 920 3806 stare
941 3748 1126 3822 ministeria,
1152 3755 1280 3827 peccant
1306 3747 1337 3805 in
1360 3768 1443 3830 reges

92 3844 172 3895 nunt.
209 3835 356 3895 Nonnulli
371 3834 432 3893 sie:
459 3833 491 3893 si
505 3841 605 3894 tamen
624 3842 712 3915 potes
726 3835 791 3896 fleri
838 3834 958 3905 milites,
983 3836 1128 3914 aquibus
1148 3833 1226 3894 idem
1250 3835 1443 3911 Apostolus*

95 3920 182 3995 liher,
190 3924 290 4001 potius
302 3928 388 3980 utere
399 3918 544 3996 libertate,
556 3928 700 4002 tanquam
711 3922 790 3982 bono
838 3919 941 3981 theum
954 3921 1116 3982 exhortans
1125 3920 1294 4001 exemplum
1307 3925 1401 3981 sumit
1410 3924 1441 3983 2.

91 4027 145 4088 per
160 4028 194 4069 se
214 4006 418 4070 desiderabili.
455 4007 498 4067 Et
517 4009 549 4067 iu
572 4008 652 4069 hunc
670 4027 790 4091 sensum
839 4009 867 4065 2.
895 4025 961 4067 cum
996 4010 1056 4068 ait:
1090 4011 1189 4069 Nemo
1218 4009 1366 4068 militans
1396 4012 1443 4087 ior

89 4094 217 4174 Syriaca
239 4094 395 4175 supplevit
410 4092 601 4155 Tremellius.
638 4096 690 4157 Sic
710 4096 789 4155 enim
838 4112 868 4154 sa
890 4098 1024 4170 neqotiis
1045 4095 1277 4155 saecularibus:
1302 4103 1339 4155 ut
1362 4098 1392 4155 ei
1411 4096 1443 4173 pi

89 4184 195 4241 vertit:
228 4183 291 4244 Sed
316 4184 413 4240 etiam
440 4183 465 4240 si
489 4190 580 4258 potes
604 4182 684 4242 tiber
708 4182 788 4259 (lm,
838 4184 893 4257 qui
913 4182 1130 4260 reprobavit,
1157 4183 1246 4241 acin
1268 4181 1395 4242 militem
1418 4182 1443 4243 d«

90 4270 168 4344 elipe
182 4268 239 4328 tibi
252 4269 377 4345 potius,
402 4284 499 4344 qnam
514 4275 552 4328 ut
565 4272 692 4329 snmus.
730 4268 787 4327 Ve-
836 4268 927 4328 Fiunt
943 4287 1016 4349 ergo
1031 4271 1112 4330 servi
1126 4269 1293 4343 homiuum,
1318 4270 1369 4350 qui
1388 4270 1433 4330 sie

89 4374 153 4413 rum
177 4354 223 4415 hie
245 4372 368 4426 sensus,
394 4364 427 4413 ut
442 4354 521 4415 bene
543 4354 678 4415 declaret
691 4352 787 4435 Chry·
836 4354 924 4414 nibus
949 4358 1099 4430 serviunt,
1121 4364 1154 4415 ut
1176 4354 1295 4416 Christo
1311 4375 1374 4417 non
1395 4374 1443 4417 ser

89 4449 253 4515 sostomus,
280 4450 432 4521 repugnat
453 4443 550 4521 ipsius
572 4441 663 4501 Pauli
686 4461 786 4522 scopo.
836 4443 997 4503 autminus
1013 4445 1161 4503 serviant:
1178 4445 1339 4504 etomuino
1353 4444 1443 4522 quien

87 4528 236 4589 Versatur
259 4530 338 4589 euim
360 4530 391 4588 in
414 4548 467 4601 eo,
489 4537 524 4589 ut
538 4527 667 4590 suadeat
688 4527 787 4589 condi·
836 4528 970 4607 impensa
984 4529 1156 4590 homiuibus
1168 4528 1313 4610 obsequia
1327 4551 1391 4591 non
1404 4548 1443 4591 ru

89 4616 203 4675 tionem
219 4616 303 4676 vitae
318 4635 379 4676 non
393 4633 461 4676 esse
475 4614 658 4675 mutandam.
695 4614 787 4676 Unde
835 4614 873 4673 ad
889 4615 1015 4694 gloriam
1031 4616 1159 4691 Christi,
1182 4615 1237 4677 sed
1260 4614 1299 4676 ad
1322 4617 1421 4678 solam

87 4708 119 4762 et
133 4703 284 4784 sequitur:
835 4700 916 4761 cium
936 4701 1088 4764 homiuum
1110 4704 1313 4778 voluntatem,
1335 4722 1443 4785 queas
