3254 5190
488 283 651 338 aristeum
668 286 708 340 so
724 284 877 340 nonanes.
912 284 996 338 vass.
1014 287 1055 338 ro.
1073 287 1115 340 rr.
1453 284 1498 356 95

54 462 240 539 disquisivit.
263 461 312 521 Ac
326 470 428 542 posset
449 459 545 521 videri
560 460 608 521 hic
630 481 751 522 sensus:
804 463 849 520 nis
868 458 939 538 25),
963 463 1018 537 qui
1040 461 1176 537 pieriam
1194 478 1284 519 suam
1300 460 1338 518 de
1354 458 1501 535 operibus

53 548 195 627 Quamvis
223 548 394 620 Abraham,
428 546 527 607 andita
550 549 753 626 promissione,
804 549 879 623 leqis
894 567 999 608 coram
1016 547 1195 607 hominibus
1211 547 1414 623 quaerebant.

54 636 239 715 quaesiverit
262 655 301 694 ac
316 636 403 715 qnasi
415 634 634 713 disceptaverit,
651 636 754 693 dicens
848 639 896 695 21.
921 636 1103 694 Plenissime
1115 638 1224 707 sciens,
1241 636 1317 709 quia
1329 652 1500 710 quaecum·

53 722 128 781 Deo:
141 724 293 782 Putasne
305 725 488 782 centenario
500 729 647 781 nascetur
657 721 753 797 tilius,
803 741 862 799 que
876 724 1024 796 promisit
1038 723 1132 796 Deus,
1154 728 1326 796 potensest
1342 728 1369 779 et
1383 721 1499 796 faeere.

54 816 78 868 et
91 810 175 869 &rra
188 812 423 883 nonaqenario
436 809 566 884 pariet?
581 830 641 867 non
656 816 754 866 tamen
805 809 989 867 Plenissime
1001 813 1107 881 scians,
1119 807 1232 867 Graece
1240 797 1500 882 πληροφορηθεὶς,

55 894 224 954 idiecitex
248 894 470 966 incredulitate,
494 893 546 952 sed
569 914 607 953 ex
630 892 755 953 admire-
805 894 836 953 id
859 903 911 966 est,
933 895 1169 970 plenitudinem
1195 900 1392 966 consecutus,
1416 891 1500 952 vide·

54 984 135 1053 tione,
153 982 237 1040 sicut
247 983 313 1060 jam
328 981 441 1040 dictum
450 989 503 1040 est.
518 979 631 1039 Verum
644 983 755 1058 optime
804 981 875 1039 licet
901 982 1103 1059 persuasionis
1130 1000 1182 1040 seu
1211 978 1289 1038 fidei.
1322 980 1400 1038 Tale
1428 978 1500 1057 quid

54 1067 200 1127 redditum
217 1088 238 1126 a
253 1075 356 1126 nostro
375 1069 552 1146 interprete:
575 1069 753 1139 haesitavit,
805 1069 884 1126 enim
901 1067 1127 1146 intelligendum
1143 1067 1277 1145 postulat
1291 1067 1426 1143 subjecta
1439 1085 1499 1124 ma-

54 1156 188 1235 quamvis
204 1154 369 1214 haesitatio
383 1176 440 1214 non
457 1154 521 1212 sine
542 1152 755 1234 disceptatione
804 1156 888 1224 teria,
912 1174 977 1213 cum
1004 1154 1080 1212 alias
1102 1155 1190 1211 etiam
1214 1151 1252 1211 ad
1275 1151 1334 1211 alia
1357 1151 1502 1211 referatur

54 1243 111 1301 lieri
137 1240 249 1300 soleat.
273 1240 325 1300 Sic
348 1242 426 1300 enim
449 1248 480 1300 et
502 1240 643 1299 Erasmus
666 1241 756 1299 vertit
805 1239 954 1300 Graecum
970 1241 1093 1299 verbum
1105 1236 1382 1316 πληροφορεῑσθαι,
1398 1257 1499 1317 qnem-

54 1344 80 1388 et
92 1327 154 1386 alii.
179 1326 272 1400 Vide,
288 1346 366 1407 quae
389 1327 427 1387 de
443 1325 548 1387 Graeci
564 1328 648 1386 verbi
665 1326 752 1406 signi·

55 1415 189 1475 tratione
202 1423 382 1472 annotamus
398 1411 519 1473 iniraad
534 1412 609 1471 iilud
625 1434 691 1492 cap.
706 1413 753 1471 14.

55 1504 110 1581 (nri
130 1508 243 1559 autern
264 1501 425 1575 discernit,
452 1502 479 1558 si
500 1500 753 1574 manducaverit,

56 1588 232 1647 damnatur
242 1594 298 1663 est,
314 1605 350 1646 ac
361 1605 462 1647 rursus
474 1584 512 1645 ad
521 1585 595 1645 illud
603 1587 627 1646 J
629 1587 713 1646 aeobi
728 1591 753 1645 t.

56 1674 195 1735 Portulet
223 1678 259 1734 in
286 1673 349 1750 {ide
373 1673 454 1733 nihil
475 1673 643 1733 haesitans.
672 1674 755 1751 Ergo

56 1760 129 1841 quod
146 1759 288 1819 additum
304 1768 358 1831 est,
381 1760 614 1835 incredulitate,
635 1770 755 1820 nonest

56 1849 277 1926 restringentis,
300 1845 354 1906 sed
377 1846 565 1906 declarantis.
589 1847 667 1906 Nam
687 1847 754 1906 hae·

58 1937 171 2005 sitatis,
203 1953 260 1994 seu
288 1931 433 1992 dubitatio
460 1932 497 1992 de
520 1933 581 1993 Dei
604 1935 755 2013 promissis

58 2040 118 2082 esse
133 2042 197 2081 uon
213 2028 316 2101 potest
332 2021 396 2080 sine
411 2018 629 2080 incredulitate.

94 2107 211 2168 Sensus
237 2106 331 2185 igitur
352 2115 414 2165 est:
436 2105 528 2165 Nulla
549 2107 697 2165 laboravit
713 2109 754 2166 in·

57 2194 239 2265 credulitate,
262 2202 297 2251 ut
320 2192 359 2251 ad
381 2193 604 2272 promissionem
619 2193 681 2252 Dei
703 2212 753 2251 au·

58 2279 141 2339 litam
159 2279 333 2340 haesitaret.
357 2277 514 2356 Expendit
529 2279 606 2338 haee
617 2279 755 2359 Apostoli

57 2366 144 2426 rerba
170 2365 423 2444 chrysostomus,
446 2365 487 2423 ita
514 2363 654 2443 loquens:
683 2367 756 2425 Nan

58 2454 134 2513 dixit
150 2453 248 2512 illurn
264 2470 333 2511 non
347 2451 549 2512 incredulum
570 2452 679 2527 fuisse,
703 2452 756 2510 sed

58 2558 117 2598 aon
129 2541 348 2612 haesitavisse,
365 2538 423 2597 hoe
438 2545 491 2609 est,
508 2556 548 2597 ne
560 2541 669 2597 animo
685 2543 756 2613 qui·

58 2627 122 2685 dern
138 2644 305 2702 urspenm,
330 2626 466 2698 anomiti
481 2642 519 2683 ac
535 2624 631 2684 dubio
649 2627 755 2700 fuisse.

59 2713 99 2772 Eu
113 2721 252 2792 apertam
270 2709 477 2790 chrysostomi
494 2708 531 2769 de
543 2709 604 2770 fide
615 2711 756 2770 Abrahae

59 2800 244 2859 seutentiam.
276 2795 379 2875 Quare
406 2795 487 2874 quod
514 2797 542 2855 in
571 2799 757 2875 expositione

58 2882 183 2944 Genesis
199 2884 289 2943 aliter
312 2884 440 2942 sensisse
462 2883 548 2942 visus
564 2893 616 2955 cst,
640 2883 670 2943 id
684 2893 758 2964 puta

58 2989 119 3031 eum
134 2971 186 3031 hic
200 2970 296 3029 tacite
309 2975 499 3028 retractasse.

96 3056 256 3137 Quosdam
274 3053 427 3115 offendunt
441 3053 498 3114 hae
509 3075 599 3114 voces
616 3063 755 3135 tanquam

57 3163 157 3223 parum
172 3144 312 3213 Latinae,
328 3144 528 3216 repromissio
541 3150 570 3201 et
586 3144 757 3217 repromit-

58 3238 127 3304 tere,
153 3229 266 3309 quibus
281 3236 382 3286 noster
397 3228 543 3306 interpres
559 3248 613 3306 pro
631 3228 756 3304 simplici

56 3317 255 3396 promissione
271 3315 382 3392 passim
404 3314 504 3372 utitur.
530 3313 590 3373 Sed
613 3315 756 3392 interpre-

57 3409 112 3462 tem
139 3403 217 3462 satis
244 3398 380 3461 defendit
405 3419 476 3459 usus
499 3399 631 3478 vulgaris
653 3400 756 3459 horum

57 3488 272 3549 vocabulorum
284 3484 366 3564 apud
377 3493 495 3546 veteres
506 3486 654 3545 ecelesiae
666 3488 756 3566 serip-

56 3584 143 3647 urea,
166 3575 257 3634 etiam
281 3573 468 3651 praecipuos,
490 3581 524 3630 ut
539 3573 757 3650 Hieronymum

57 3670 84 3721 a
96 3662 318 3740 Augustinum3
340 3656 581 3738 qnandoquidem
605 3667 634 3717 et
653 3660 756 3718 Sueto·

58 3750 122 3807 nius
145 3747 302 3807 iuvenitur
329 3745 553 3825 repromittendi
579 3745 756 3805 vocabulum

57 3833 167 3894 alieubi
186 3834 231 3892 sie
245 3850 414 3911 usurpasse.

97 3920 161 3982 sea
176 3919 380 3996 confortatus
399 3925 444 3976 est
466 3917 535 3993 lide.
559 3916 594 3975 Id
611 3927 657 3976 est
675 3920 757 3977 firma

805 1325 964 1385 admodum
979 1328 1068 1386 latius
1081 1325 1270 1386 ostendemus
1284 1322 1362 1384 inira
1375 1324 1413 1383 ad
1425 1324 1500 1384 illud

805 1433 869 1491 cap.
890 1416 954 1472 14.;
978 1416 1195 1489 Unusquisque
1211 1418 1247 1471 in
1263 1432 1319 1472 suo
1335 1430 1427 1471 seusu
1442 1412 1501 1471 ah·

804 1500 911 1560 undet.
928 1501 1069 1559 Erasmus
1082 1501 1186 1559 vertit:
1199 1507 1284 1559 certa
1293 1501 1501 1575 persuasione

805 1596 965 1663 concepta.

849 1672 938 1752 Quod
955 1675 1095 1754 seqnitur,
1112 1691 1327 1748 quaecumque
1340 1675 1499 1748 promisit,

806 1760 921 1820 Graece
938 1768 990 1833 est,
1013 1752 1029 1815 ὃ
1047 1751 1243 1836 ἐπήγγελται,
1261 1757 1341 1838 quod
1356 1760 1500 1840 promisit,

805 1856 837 1904 ut
855 1847 957 1926 legunt
972 1846 1147 1906 Ambrosius
1164 1856 1377 1907 commentator
1392 1859 1422 1910 et
1436 1847 1500 1909 Pri-

805 1935 925 2004 masins,
948 1932 1196 2012 quemadmodum
1218 1943 1249 1993 et
1264 1942 1385 1995 vertunt
1399 1946 1500 1996 neote-

805 2024 859 2080 rici
883 2020 1015 2100 quidnm.
1044 2019 1136 2099 Quod
1163 2023 1239 2079 enim
1262 2022 1380 2082 Erasmi
1402 2026 1500 2085 versio

805 2108 902 2180 habet,
926 2110 980 2183 qui
1002 2110 1206 2182 promiserat,
1230 2109 1350 2187 probari
1372 2130 1432 2170 non
1447 2131 1499 2192 po·

805 2202 872 2266 test,
895 2196 952 2252 nisi
976 2193 1054 2251 forte
1070 2195 1099 2252 in
1116 2194 1183 2270 ejus
1206 2194 1308 2254 codice
1333 2191 1426 2276 (quod
1441 2218 1501 2258 non

805 2278 889 2360 puto)
906 2282 1048 2358 scriptum
1063 2280 1160 2350 luerit,
1173 2271 1209 2347 ὃς
1226 2273 1421 2358 ἐπήγγελται.
1444 2282 1500 2344 Ve-

805 2387 868 2424 mm
884 2368 966 2437 scito,
990 2365 1139 2425 Graecum
1161 2368 1285 2426 verbnm
1302 2385 1369 2428 esse
1383 2380 1502 2450 praete-

805 2454 891 2511 ritum
907 2452 1067 2530 passivum,
1083 2461 1116 2510 nt
1131 2452 1256 2530 proinde
1270 2455 1448 2514 vertendum
1459 2457 1502 2516 vi·

804 2538 922 2608 deutur,
946 2539 1030 2613 quad
1052 2542 1245 2614 promissum
1268 2548 1327 2614 est,
1356 2549 1390 2601 ut
1413 2544 1502 2602 etiam

806 2627 949 2683 Erasmus
964 2624 1145 2683 admonetis
1158 2626 1408 2687 annotationibus.
1424 2627 1503 2688 Nam

807 2715 835 2770 in
854 2713 950 2770 activa
968 2712 1181 2788 significatione
1195 2713 1275 2791 apud
1289 2722 1410 2774 autores
1422 2713 1503 2774 haud

807 2809 916 2858 temere
932 2798 1072 2876 reperias,
1096 2817 1151 2857 nec
1167 2799 1288 2878 quidem
1311 2802 1340 2859 in
1363 2803 1455 2860 sacris
1470 2801 1504 2861 li·

807 2885 886 2942 teris.
911 2881 1063 2963 Siquidem
1076 2885 1173 2943 activa
1186 2886 1339 2964 promissio
1353 2886 1415 2946 fere
1429 2906 1504 2946 sem·

805 2991 859 3051 per
876 2972 1051 3047 exprimitur
1066 2971 1177 3029 aoristo
1193 2972 1278 3031 verbi
1293 2971 1389 3045 medii,
1412 2965 1503 3049 ἐπηγ-

807 3050 952 3132 γείλατο,
974 3059 1130 3130 promisit.
1159 3056 1284 3137 Legitur
1307 3068 1403 3118 autem
1427 3058 1504 3117 idem

809 3142 948 3213 verbum,
972 3141 1052 3220 quod
1076 3143 1131 3202 hoc
1154 3142 1230 3216 loco,
1253 3147 1282 3203 in
1306 3145 1443 3224 epistolis
1466 3144 1504 3204 ad

808 3228 906 3288 Galat.
923 3230 952 3287 3.
970 3236 1000 3287 et
1016 3227 1054 3287 ad
1070 3229 1148 3287 Heb.
1168 3232 1215 3291 12.
1239 3230 1301 3290 Sed
1313 3232 1371 3290 illis
1387 3251 1505 3311 quoque

806 3315 880 3374 locis
893 3316 1109 3393 expositionem
1121 3317 1272 3393 passivam
1282 3319 1443 3376 convenire
1455 3317 1505 3375 do·

807 3402 947 3472 cebimus,
964 3420 1028 3459 cum
1045 3400 1115 3460 illuc
1132 3420 1228 3479 usque
1245 3412 1419 3482 perventum
1435 3405 1505 3478 erit;

807 3489 923 3545 tametsi
939 3487 988 3545 hic
1001 3486 1039 3545 ad
1052 3506 1168 3545 sensum
1186 3508 1245 3548 nou
1261 3491 1391 3563 interest,
1407 3491 1504 3550 active

807 3592 943 3652 exponas
959 3594 996 3632 an
1012 3575 1140 3652 passive.

851 3659 965 3719 Sensus
992 3662 1070 3719 eninr
1098 3661 1238 3738 Apostoli
1264 3671 1326 3720 est:
1349 3662 1446 3722 Plena
1471 3682 1506 3721 ac

809 3747 972 3804 certissima
987 3745 1046 3804 fide
1069 3766 1243 3826 persuasum
1263 3747 1383 3822 habens,
1406 3749 1505 3809 Deum

809 3853 863 3892 sua
887 3835 1032 3909 promissa
1055 3853 1118 3905 seu,
1142 3854 1344 3915 quaecumque
1362 3836 1506 3916 promisit,

809 3927 960 3997 praestare
980 3939 1079 3999 posse.
1111 3920 1253 3979 Nominat
1279 3931 1377 3981 autem
1398 3934 1505 4001 poten·

58 4004 294 4065 acrobustafide
306 4005 438 4083 suscepit
450 4002 510 4061 Dei
521 4006 756 4082 promissionem.
809 4006 879 4064 tiam
899 4005 968 4078 Dei,
990 4027 1049 4065 non
1072 4008 1280 4066 veracitatem:
1304 4010 1375 4087 quia
1398 4029 1505 4090 suppo·

58 4091 130 4152 Pars
145 4092 224 4152 haec
239 4090 431 4151 adversativa
456 4097 503 4148 est
519 4089 591 4166 ejus,
614 4091 694 4169 qnod
713 4111 757 4149 su·
809 4092 867 4150 sita
883 4090 942 4151 fide
965 4095 1118 4172 potentiae
1141 4115 1201 4153 non
1218 4101 1281 4152 erat
1300 4092 1420 4155 difficile
1443 4116 1504 4156 cre·

62 4198 114 4258 pra
128 4176 225 4238 dixit:
247 4178 291 4239 m
305 4197 373 4236 non
389 4177 571 4253 infirmatus
587 4185 630 4235 est
646 4177 715 4253 lide.
810 4177 892 4249 dere,
915 4177 1014 4239 Deum
1038 4180 1196 4252 susurrum,
1219 4178 1298 4258 quod
1321 4183 1505 4259 promiserat.

101 4266 194 4325 Dans
213 4266 351 4340 qlo'riam
375 4264 451 4323 Deo.
475 4261 608 4322 Gloriam
625 4265 691 4323 Deo
708 4265 758 4322 tri·
808 4264 915 4344 Longe
927 4267 1003 4325 enirn
1017 4265 1134 4324 facilius
1147 4264 1275 4325 creditur
1288 4287 1425 4327 veracem
1438 4289 1506 4329 esse

60 4348 122 4411 huit
144 4351 297 4412 Abraham
321 4348 446 4410 credens
466 4368 502 4407 ac
523 4349 667 4426 profitens
691 4369 758 4410 eum
808 4351 916 4423 Deum,
939 4373 1027 4431 quam
1044 4354 1285 4430 omnipotentem.

63 4439 306 4518 omnipotentem,
329 4444 361 4496 et
382 4437 413 4495 in
435 4435 588 4513 promissis
611 4456 756 4496 veracem.
851 4437 910 4497 sed
927 4459 1062 4517 quaeres,
1086 4438 1159 4518 quid
1174 4458 1321 4516 magnum,
1337 4441 1362 4498 si
1379 4440 1506 4501 credidit

64 4521 120 4584 Per
142 4525 217 4586 haec
241 4527 321 4585 euim
351 4520 490 4582 laudatur
516 4528 546 4580 et
571 4520 759 4600 glorificatur
808 4523 906 4582 Deum
920 4528 1167 4605 omnipotentem
1184 4545 1249 4584 cum
1267 4525 1296 4584 id
1310 4526 1432 4587 credant
1446 4547 1505 4587 om·

64 4607 153 4670 Deus
179 4612 249 4672 Hoc
275 4610 430 4670 adoneus
454 4608 527 4667 illos
550 4611 692 4683 positum
716 4616 759 4670 est
809 4630 862 4670 nes
891 4608 1068 4685 Christiani,
1091 4611 1162 4670 boni
1189 4620 1220 4671 et
1242 4611 1335 4671 mali?
1358 4612 1504 4694 Quaestio

66 4690 116 4769 (rit
128 4698 313 4779 Augustinus
328 4697 360 4756 iu
374 4695 563 4775 expositione
577 4697 756 4775 propositio·
809 4706 856 4756 est
870 4697 949 4777 apud
964 4699 1124 4778 Eugenem
1140 4717 1261 4759 numero
1276 4700 1333 4759 III.
1359 4700 1505 4780 ejusdem·
