3254 5190
116 296 187 364 180
391 284 394 290 ’
593 283 826 339 COMMENTARIUS
839 285 868 338 lli
885 285 950 338 CAP.
964 285 1023 338 tut.

110 461 275 539 premitibus
320 460 598 522 inenarrabilibus.
643 461 804 536 Postulat,
856 471 886 522 et
900 463 977 523 inter
993 459 1127 522 Graecos
1143 458 1305 540 Origenes,
1328 479 1467 521 nec-non
1490 460 1553 520 Au·

110 549 226 612 Graece
242 549 415 609 intercedit.
445 547 692 608 Annotatautem
709 546 806 608 Oeen·
854 558 931 628 gust-
946 551 977 608 in
991 549 1079 628 epist
1097 549 1167 608 108.
1184 558 1217 608 et
1234 551 1312 620 121,
1327 545 1424 607 etlih.
1445 551 1471 606 1.
1485 550 1553 608 etl.

110 637 222 697 menius
237 634 354 696 Graeca
374 654 449 696 voce
464 633 628 713 significari
646 635 803 697 vehemen·
854 644 958 696 contra
969 634 1173 706 Maximinum,
1184 633 1348 715 pluresque
1359 633 1419 694 alii.
1437 633 1552 696 Secun-

110 734 170 782 tem
184 741 352 802 magnoque
369 720 467 781 studio
483 719 593 781 iactam
614 720 804 800 supplicatio·
855 721 923 784 dum
947 721 1000 780 hos
1022 721 1150 802 Spiritus
1172 730 1295 784 sanctus
1316 719 1471 801 postulare
1496 739 1552 781 sen

109 829 184 869 nem.
201 808 270 869 Non
287 810 365 868 enim
377 807 547 887 simpliciter
560 817 604 867 est
614 798 803 885 ἐντυγχάνει,
854 807 1041 868 intercedere
1054 828 1109 886 pro
1123 808 1210 868 uobis
1227 808 1336 868 dicitur
1351 827 1395 880 eo,
1411 808 1495 887 quod
1510 809 1553 868 ei·

106 895 283 971 intercedit,
299 893 380 973 qnod
396 894 474 955 infra
484 894 576 956 semel
587 902 618 952 et
629 897 735 954 iterum
746 895 805 956 hoc
853 895 938 957 ficaci
954 914 1009 954 sue
1025 896 1054 954 iu
1070 894 1156 956 nohis
1172 896 1348 975 operatione
1361 914 1418 955 nos
1429 904 1551 955 armies

106 983 206 1062 capite
228 980 353 1060 legitur,
377 980 431 1042 sed
452 980 557 1077 asldita
579 982 805 1079 praepositione
854 1002 889 1042 ac
911 982 1100 1062 postulantes
1123 980 1225 1041 faeiat.
1258 980 1352 1062 Quod
1381 980 1451 1042 dum
1474 983 1553 1061 agit,

107 1069 295 1148 significante
327 1087 497 1141 excessum,
527 1081 801 1145 υπερεντυγχανει,
853 1067 1075 1149 quodammodo
1091 1087 1143 1148 pro
1160 1069 1243 1128 nobis
1259 1068 1428 1128 intercedit

104 1157 192 1235 quasi
209 1153 307 1215 dicat:
329 1154 608 1230 superinterceclit,
633 1156 690 1214 nisi
713 1155 802 1214 malis
859 1190 865 1195 -·
895 1154 1005 1216 Similis
1028 1155 1111 1215 locus
1133 1163 1180 1214 est
1200 1153 1268 1216 Gal.
1285 1157 1331 1215 t:
1354 1155 1442 1216 usust
1464 1155 1549 1216 Dettt

104 1262 141 1302 ea
155 1241 379 1323 praepositione
404 1251 517 1302 tentmn
541 1241 701 1319 significari
720 1261 801 1318 pro,
852 1245 1001 1318 spiritum
1015 1243 1075 1319 {lits
1089 1245 1139 1302 essi
1152 1244 1189 1302 in
1209 1242 1308 1302 corda
1329 1249 1456 1315 satra,
1483 1241 1549 1301 cla·

103 1331 175 1408 qnia
201 1329 338 1408 sequitur
364 1319 439 1406 ὑπὲρ
466 1320 570 1407 ἡμῶν,
603 1345 666 1405 pro
694 1329 801 1407 nobis;
852 1337 1009 1389 manum:
1025 1328 1131 1404 Abba,
1145 1331 1262 1404 pater!
1278 1328 1343 1389 Nec
1357 1327 1504 1389 dissimile
1517 1327 1551 1388 il·

103 1414 267 1496 quomodo,
282 1417 410 1494 repetita
423 1415 661 1496 praepositione,
677 1414 801 1476 dicimus
851 1415 902 1474 lud
917 1416 1020 1477 Matth
1039 1417 1101 1476 10.:
1117 1416 1191 1476 Non
1205 1434 1260 1476 vor
1276 1418 1356 1491 erlis,
1371 1417 1428 1493 qest
1443 1416 1548 1491 laqui-

104 1502 234 1582 aliquem
261 1502 362 1582 egredi
388 1501 530 1576 edomo,
556 1500 740 1563 descendere
762 1501 801 1562 de
851 1506 942 1580 mini,
957 1503 1011 1562 secl
1027 1505 1157 1579 spiritns
1169 1506 1274 1579 patris
1289 1505 1403 1576 vestri,
1428 1503 1486 1579 peti
1501 1501 1548 1560 lo-

104 1598 212 1650 monte.
237 1587 328 1668 Quod
344 1589 431 1650 nobis
447 1598 494 1649 est
509 1588 710 1649 verisimilius.
735 1589 800 1670 Spi-
851 1594 961 1666 quitur
986 1593 1021 1650 in
1044 1589 1138 1650 vobis.
1162 1590 1231 1649 Huc
1254 1591 1347 1650 etiam
1369 1589 1422 1648 illa
1445 1587 1549 1651 referri

103 1679 194 1737 ritum
209 1677 265 1736 hoc
280 1676 347 1737 loco
364 1674 598 1756 chrysostomus
613 1677 740 1756 ejusque
754 1695 800 1738 sc·
850 1676 1230 1756 possunt,1'1'imoth.2.:
1262 1679 1323 1755 Qui
1347 1676 1417 1737 vate
1439 1693 1550 1737 ornnes

104 1783 216 1844 quaese
231 1765 462 1843 interpretentur
476 1764 523 1823 vel
549 1764 682 1844 spiritum
709 1762 800 1822 homi·
850 1764 991 1824 homines
1005 1764 1110 1825 salom
1123 1763 1209 1840 lieri,
1234 1762 1341 1836 idest,
1363 1763 1548 1824 voluntatens

103 1854 164 1925 nia,
185 1859 337 1931 quatenus
350 1852 475 1930 graiium
492 1851 636 1910 orationis
652 1871 670 1911 a
685 1850 798 1929 Spiritu
849 1850 1408 1931 hujusmodipiishominibusinspirat.
1416 1847 1549 1931 thuod

102 1938 134 2000 S:
150 1940 277 2019 accepit,
292 1937 344 1997 vel
359 1939 456 2016 ipsum
472 1937 615 1998 orationis
627 1935 736 1997 donum
748 1937 799 1996 ho·
849 1940 879 1998 in
893 1958 1022 2019 persona
1037 1938 1210 2016 Sapientiae
1227 1936 1350 1998 divinae
1364 1937 1477 1998 dicitur
1491 1937 1548 1997 ne

101 2025 231 2085 minibus
254 2025 400 2104 aSpiritu
422 2024 451 2085 S.
469 2023 614 2097 infusum,
640 2024 722 2103 qnod
743 2023 798 2084 ire·
849 2024 1011 2085 cleeisstioi
1023 2026 1146 2084 ii.:In
1159 2024 1356 2085 habitatione
1366 2031 1547 2087 sanctace-

101 2131 195 2192 quens
211 2113 295 2172 sitin
319 2111 490 2190 scripturis,
517 2109 648 2190 Spiritus
672 2109 703 2170 S.
719 2109 800 2172 dona
847 2131 920 2172 ram
932 2115 1002 2189 ipso
1016 2114 1210 2187 ministravi,
1226 2112 1284 2171 hoc
1295 2120 1352 2185 est,
1366 2113 1399 2174 in
1409 2111 1548 2173 taberna·

101 2200 228 2279 spiritus
242 2200 362 2258 nomine
378 2196 551 2276 significari.
567 2197 647 2258 Nem
664 2206 695 2256 et
710 2199 797 2277 spiri·
849 2198 916 2258 culo
933 2208 1037 2260 sancto
1059 2196 1231 2259 sacerdotes
1254 2214 1353 2258 coram
1374 2200 1444 2260 Deo
1464 2196 1546 2258 mini·

100 2295 163 2345 tum
177 2305 298 2364 precum
312 2284 439 2363 legimus
452 2281 532 2364 apud
543 2284 721 2346 Zachariam
733 2304 796 2364 cap.
848 2295 943 2346 strare
957 2285 1026 2345 ieci.
1049 2284 1197 2364 Loquitur
1219 2287 1300 2345 enim
1319 2284 1358 2347 ed
1383 2285 1465 2347 hunc
1487 2302 1546 2345 uso·

102 2373 150 2432 12.
165 2371 299 2433 (lensent
315 2373 419 2450 igitur,
435 2372 512 2431 inter
527 2370 587 2429 alia
602 2369 697 2444 dona,
717 2390 798 2449 quse
848 2371 919 2432 dum
934 2371 1113 2451 frequenter
1127 2374 1295 2450 scriptura,
1318 2392 1357 2432 ne
1371 2371 1546 2433 dubitans

99 2459 228 2538 Spiritus
243 2458 273 2519 S.
291 2460 321 2518 in
337 2457 465 2518 ecclesia
481 2457 636 2537 primitiva
656 2455 797 2517 fidelibus
848 2460 946 2519 Deum
963 2459 995 2519 in
1010 2458 1098 2518 nohis
1115 2459 1215 2518 omnin
1230 2458 1311 2519 bona
1331 2461 1461 2539 operari.

99 2545 271 2618 distribuit,
297 2546 388 2605 etiam
403 2544 498 2603 luisse
517 2543 671 2623 peculiare
687 2540 796 2602 donum
890 2545 971 2604 Hinc
986 2546 1078 2605 etiam
1102 2543 1284 2623 intelligitur
1305 2543 1389 2605 illam
1411 2547 1545 2626 perticu-

97 2632 241 2693 orrtionis
257 2650 311 2692 sen
325 2630 520 2711 precationis,
536 2649 597 2708 quo
614 2629 738 2709 quidam
754 2631 797 2690 in·
845 2631 905 2691 lam
918 2648 981 2708 pro
996 2632 1104 2705 nobis,
1129 2650 1188 2691 non
1205 2632 1248 2690 sic
1263 2632 1377 2710 accipi,
1400 2629 1551 2711 quemad·-

99 2718 203 2778 structi
223 2737 278 2797 pro
289 2718 442 2777 -universo
464 2716 590 2796 populo,
611 2716 664 2795 qui
685 2714 799 2797 alioqui
846 2718 967 2779 modum
986 2717 1064 2778 inira
1080 2736 1158 2776 vers.
1172 2717 1231 2789 34,
1249 2716 1303 2776 uhi
1314 2717 1492 2780 decresse
1503 2716 1545 2777 di·

99 2823 190 2883 saepe
205 2823 261 2883 per
278 2801 608 2881 ignorantiaminutilia
621 2801 797 2881 postularet,
847 2806 931 2877 citur,
946 2808 1002 2880 qui
1024 2809 1121 2864 etiam
1141 2803 1329 2879 interpellat
1348 2823 1411 2881 pro
1434 2805 1549 2879 nobit3·

98 2890 311 2969 preoahentur3
327 2886 798 2968 quoruminlocnmposteasnc·
846 2900 878 2950 et
904 2890 1054 2969 quomodo
1081 2909 1147 2951 eam
1174 2890 1340 2968 accipimus
1368 2892 1401 2952 in
1426 2891 1544 2952 litaniis

100 2976 224 3037 cesserit
239 2975 386 3036 diaconus
401 2996 456 3055 pro
472 2975 585 3054 populo
611 2974 797 3054 supplicans.
847 2986 1031 3049 sanaem,
1055 2976 1204 3036 dicentes:
1232 2978 1329 3039 Orate
1350 2996 1413 3055 pro
1435 2978 1544 3055 nobit5

97 3061 289 3142 Quamquam
298 3063 355 3122 hoc
368 3063 398 3122 in
406 3060 477 3122 aliie
491 3061 646 3140 plerisque
662 3061 799 3122 ecelesiis
846 3062 900 3124 sed
916 3063 972 3122 hoc
987 3082 1094 3123 sensns
1107 3062 1269 3141 pronubis,
1281 3062 1313 3122 id
1325 3060 1545 3134 madefactum¹

96 3150 229 3229 episcopi
244 3156 275 3208 et
285 3147 454 3230 presbyteri
463 3147 562 3208 facere
570 3157 797 3210 consueverunt.
846 3159 981 3211 nostrum
995 3149 1139 3229 supplens
1155 3156 1186 3207 et
1200 3148 1367 3228 adjuvans,
1381 3149 1458 3211 ditm
1472 3149 1545 3212 taes

139 3235 187 3296 Ah
214 3235 319 3295 horum
344 3237 495 3294 sententia
520 3255 580 3294 non
605 3232 744 3296 dissonat
765 3235 796 3295 S.
846 3256 901 3295 nos
915 3235 1087 3316 postulare,
1113 3243 1147 3295 nt
1162 3236 1206 3294 ita
1221 3234 1335 3295 dictum
1351 3238 1394 3297 sit
1404 3244 1470 3314 pro
1484 3254 1545 3298 no·

98 3322 292 3393 Ambrosius,
316 3321 368 3401 qui
383 3320 435 3380 lib.
454 3326 480 3383 3.
499 3319 538 3380 de
552 3319 667 3399 Spiritu
684 3320 715 3381 S.
731 3341 795 3401 cup.
846 3323 908 3397 bis,
933 3320 1085 3400 quomodo
1104 3321 1179 3382 dicit
1192 3322 1342 3383 Dominus
1356 3322 1398 3383 ad
1413 3323 1544 3406 discipu·

98 3412 146 3469 12.
163 3409 298 3490 spiritum
314 3408 363 3468 hic
374 3407 588 3488 interpretatur
599 3408 727 3485 gratiam
739 3409 796 3488 spi·
846 3409 905 3471 los:
921 3410 994 3469 Non
1010 3427 1067 3469 vos
1083 3412 1164 3481 estis,
1188 3411 1243 3484 qui
1258 3408 1441 3485 loquimini.

95 3495 241 3556 ritualenu
263 3494 330 3555 Hos
346 3500 475 3566 summ,
490 3513 528 3554 ne
541 3493 638 3572 ipsum
652 3493 796 3573 Spiritum
888 3496 981 3555 Porro
998 3492 1095 3554 locum
1108 3494 1544 3578 istumnequidemappsren·

96 3580 126 3641 S.
144 3580 331 3660 intelligant,
355 3599 391 3638 ea
406 3581 482 3640 ratio
497 3586 614 3653 movet,
637 3599 676 3641 ne
691 3600 795 3642 conse·
845 3591 890 3642 ter
904 3580 1006 3643 lavere
1022 3580 1208 3654 Macedonio,
1224 3582 1250 3642 si
1261 3588 1344 3642 totus
1355 3584 1544 3663 inspiciatur,

94 3687 191 3748 quens
218 3688 256 3730 ex
283 3666 339 3727 hoc
365 3665 431 3726 loco
461 3664 604 3726 videatur
632 3666 795 3728 secundum
844 3688 883 3728 ex
900 3688 937 3729 eo
952 3667 1057 3749 liquet,
1074 3668 1149 3747 qnia
1163 3668 1301 3748 spiritum
1318 3667 1393 3729 dicit
1407 3671 1545 3750 postula·

93 3753 242 3816 haeresim
253 3751 434 3824 Macedonii,
448 3752 589 3832 Spiritum
602 3761 736 3814 sanmum
751 3773 796 3814 es·
843 3774 875 3814 re
887 3754 1048 3834 gemitibus
1060 3753 1321 3815 inenarrabilibus.
1334 3754 1427 3835 Quod
1440 3759 1468 3818 ti
1479 3775 1543 3837 pru

95 3860 128 3901 se
156 3851 324 3903 mantuan
347 3859 383 3898 ac
408 3839 475 3900 Deo
502 3840 662 3913 minorem,
690 3849 796 3921 utpote
843 3843 909 3921 prie
924 3850 1077 3914 sumatur,
1100 3859 1288 3921 consequens
1303 3844 1364 3902 erit
1378 3863 1439 3904 non
1455 3843 1543 3905 modo

94 3938 229 3988 errantem
256 3938 287 3989 et
310 3925 530 4005 supplicantem
545 3925 614 3985 Deo
630 3945 684 4004 pro
699 3928 794 3987 nobie.
843 3937 1008 3989 creaturam
1035 3947 1101 3988 esse
1132 3927 1276 4009 Spiritum
1307 3937 1462 4005 motum,
1490 3927 1545 3991 ssd

136 4013 198 4076 Sed
227 4034 292 4074 cum
318 4013 519 4091 insuperiori
545 4014 708 4084 sententie,
733 4032 794 4094 qua
842 4023 1008 4075 creaturam
1019 4013 1196 4094 passibilem
1217 4033 1253 4074 ac
1267 4016 1410 4076 miseriae
1423 4016 1544 4095 suhjac-

94 4099 270 4171 dictumest,
288 4097 793 4178 spiritumadjnvareinfirmitatem
841 4108 911 4173 tana
924 4099 1435 4177 etadhucbeatitndinecarentem,
1446 4103 1542 4181 quod,

91 4195 240 4259 uernam,
257 4187 349 4247 iidem
365 4185 456 4246 etiam
472 4186 634 4263 scriptores
647 4185 792 4266 Spiritum
842 4189 945 4266 inquit
959 4186 1108 4260 Thomas,
1134 4187 1245 4247 niellus
1259 4204 1415 4266 nmquam
1429 4191 1543 4251 haer&

91 4282 225 4334 eandum
243 4272 455 4344 intellexerint,
469 4270 519 4331 hie
530 4291 602 4331 vero
613 4272 727 4333 Paulus
740 4273 792 4333 ad·
841 4277 922 4335 tieret
936 4274 1027 4335 elisit.
1056 4273 1144 4336 Unde
1161 4284 1192 4335 et
1206 4274 1408 4336 Eunomiunis
1422 4275 1543 4338 Arianis

86 4360 232 4437 jutorium
248 4359 324 4420 illud
340 4360 461 4438 spiritur
484 4367 619 4436 exponat
641 4367 672 4418 et
694 4359 793 4420 decla·
840 4362 883 4420 sic
910 4359 1010 4420 illudit
1034 4361 1213 4421 Ambrosius
1240 4359 1307 4421 loeo
1333 4361 1402 4441 jam
1432 4365 1543 4425 citato:

89 4457 143 4518 ret,
160 4445 253 4525 idque
268 4468 327 4507 non
344 4448 409 4507 sine
425 4443 575 4525 emphasi,
590 4443 710 4520 dicens,
726 4450 792 4523 ipsc
840 4448 909 4507 Nisi
934 4448 1020 4525 forte
1042 4450 1176 4523 nemitos
1199 4466 1254 4508 vet
1273 4453 1380 4510 sanc&
1404 4450 1544 4528 Spirittn

89 4537 236 4610 spirinse,
253 4543 335 4595 certe
350 4553 411 4593 uon
427 4531 505 4591 alins
520 4549 612 4609 quem
629 4531 707 4593 idem
724 4532 791 4613 Spi-
840 4535 956 4593 andire
968 4537 1125 4610 potuistis.

89 4622 165 4680 ritus
181 4628 303 4680 sanctus
318 4617 445 4697 intelligi
460 4617 575 4698 poterit.
610 4617 653 4677 Et
668 4620 710 4679 ita
726 4621 791 4700 qui·
882 4619 1110 4700 Dicetaliqnis:
1128 4622 1153 4680 si
1164 4619 1301 4699 postulat
1310 4621 1445 4702 Spiritus
1457 4643 1542 4687 sanc-

91 4706 159 4767 dem
183 4706 394 4768 intellexerunt
409 4711 656 4766 commentatores
678 4704 791 4779 Latini,
840 4714 889 4764 tus
904 4726 958 4785 pro
973 4707 1076 4782 nobis,
1099 4708 1174 4786 quia
1194 4705 1352 4787 postulare
1373 4728 1441 4771 nos-
1455 4710 1542 4785 inuh,
