3254 5190
89 267 143 334 24·
605 253 839 311 marmianus
856 256 888 309 ut
906 256 974 311 car.
992 257 1010 310 1.

87 436 259 496 nuisement
282 442 372 507 notat,
395 432 476 514 quod
492 434 597 494 eadem
616 454 701 493 sacra
723 453 786 493 sus·
836 442 1012 504 noscuntur,
1042 452 1101 493 non
1125 431 1319 508 evidentiam,
1350 431 1405 493 sed
1429 434 1535 494 obscu-

90 524 224 601 ciperent
238 540 304 580 cum
326 520 454 601 populis,
477 519 567 580 etde
590 520 711 580 deorum
733 540 785 580 na·
836 523 953 581 ritatem
976 519 1097 579 habent.
1141 521 1188 580 Ne
1210 528 1311 580 tamen
1342 521 1432 580 etiam
1455 521 1537 581 illius

89 616 156 667 tura
178 628 213 666 ac
236 608 444 667 summobono
468 606 602 667 diversas
625 609 655 666 in
678 607 787 666 scholis
838 607 981 666 naturalis
1003 607 1074 666 boni
1096 607 1273 686 principium
1294 608 1325 666 in
1348 607 1445 686 seipso
1469 608 1536 688 quis

90 695 255 754 sententias
286 692 446 754 traderent.
492 692 583 772 Quod
613 693 651 752 ad
674 701 788 753 textum
839 702 951 754 statuat
973 702 1025 752 aut
1047 701 1179 772 quaerat,
1203 695 1244 752 ita
1267 693 1435 772 subjungit:

91 782 207 852 attinet,
230 781 282 840 ubi
297 801 351 839 nos
366 781 513 840 habemus
533 784 699 840 veritatem
714 783 787 856 Dei,
881 782 970 842 Deus
992 783 1077 839 caim
1106 780 1171 839 illis
1192 773 1429 858 manifestavit.
1468 781 1538 840 Non

92 870 121 927 in
145 866 262 927 Graeco
291 866 412 946 quidem
443 874 472 927 et
502 868 626 947 Syriaco
655 888 716 926 non
737 866 788 926 ad·
839 867 910 927 dicit
931 867 1086 940 revelavit,
1109 867 1196 945 quasi
1217 866 1316 926 infuso
1331 868 1442 926 lumine
1456 866 1538 941 fidei,

93 954 172 1014 ditur
194 955 270 1027 Dei,
300 973 356 1013 nec
384 955 414 1012 in
437 952 621 1014 Graecorum
644 973 788 1012 commen·
839 953 893 1013 sed
914 953 1152 1031 manifestavit,
1184 953 1296 1026 idest,
1326 952 1485 1013 manifesto
1509 964 1539 1013 et

91 1041 175 1100 tariis
198 1040 322 1119 legitur:
345 1047 379 1099 ut
400 1059 456 1099 nec
470 1041 552 1120 apud
567 1040 790 1100 Tertullianum
840 1039 994 1100 evidenter
1021 1059 1071 1099 eos
1095 1059 1275 1119 cognoscere
1305 1041 1394 1113 fecit,
1424 1041 1540 1100 scilicet

94 1128 234 1186 citantem
268 1127 346 1186 huno
376 1126 475 1185 locum
505 1126 556 1186 lib.
588 1128 616 1185 5.
646 1127 789 1188 adversus
839 1146 893 1206 per
914 1125 1014 1186 lumen
1037 1135 1178 1199 naturae,
1206 1135 1239 1184 ut
1263 1127 1328 1203 jam
1350 1126 1461 1186 dictum
1484 1136 1539 1201 est,

92 1215 186 1274 Marc.
209 1214 303 1272 Recte
325 1220 424 1273 tamen
447 1214 632 1293 intelligitur.
655 1213 734 1272 Nam
754 1212 791 1272 de
839 1221 870 1273 et
884 1213 983 1272 verbis
999 1213 1191 1293 sequentibus
1205 1214 1410 1292 explicabitur.
1434 1212 1540 1275 Simile

93 1301 227 1374 veritate,
251 1320 311 1380 qua
326 1300 411 1358 Deus
427 1302 600 1378 agnoscitur
613 1300 790 1379 Apostolum
841 1308 887 1360 est
910 1297 984 1358 illud
1005 1300 1086 1359 Psal.
1110 1301 1160 1360 93.
1184 1301 1247 1378 Qui
1269 1300 1357 1361 docet
1378 1302 1539 1361 bominem

94 1387 180 1466 loqui
200 1386 300 1467 palam
323 1394 368 1445 est
391 1406 428 1446 cx
450 1387 656 1466 sequentibus.
841 1389 1012 1446 scientiam.
1028 1386 1137 1466 Neque
1153 1388 1232 1445 enim
1247 1385 1451 1461 dubitandum,
1467 1389 1540 1469 quin

143 1475 190 1533 19.
216 1475 300 1552 Quia
321 1473 407 1549 quod
428 1482 542 1534 notum
564 1481 609 1534 cst
624 1476 696 1552 Dei,
720 1491 791 1533 ma-
842 1472 1061 1534 omnebonum
1090 1483 1150 1532 tarn
1179 1473 1348 1532 intellectus
1376 1492 1466 1554 quam
1488 1495 1540 1534 vo-

96 1561 249 1639 aifestam
273 1568 315 1619 est
334 1560 455 1620 inillis.
490 1559 619 1620 Graece:
640 1566 718 1638 quia
732 1578 793 1621 no·
842 1561 974 1632 luntatis,
998 1561 1087 1618 etiam
1110 1558 1192 1639 quod
1207 1580 1246 1620 ex
1260 1559 1331 1619 solis
1353 1570 1480 1619 naturae
1497 1563 1541 1621 vi·

97 1655 166 1707 tum
188 1649 266 1722 Dei,
303 1647 368 1707 vel:
402 1664 438 1706 co
467 1648 553 1723 quod
590 1655 703 1709 aotam
731 1648 794 1708 Dei
842 1647 923 1706 ribus
953 1646 1067 1726 absque
1097 1645 1222 1725 speciali
1250 1646 1363 1707 auxilio
1386 1648 1446 1706 Dei
1472 1669 1540 1727 pro·

98 1741 156 1793 etc.
181 1733 360 1813 Quanquam
378 1741 500 1809 aotam,
518 1732 634 1795 Graece
649 1726 794 1811 γνωστὸν,
842 1734 933 1806 venit,
956 1733 1052 1792 autori
1068 1733 1134 1793 Deo
1157 1733 1197 1792 sit
1217 1732 1418 1807 tribuendum,
1441 1740 1472 1793 et
1488 1754 1541 1814 pro

98 1821 188 1881 etiam
210 1822 286 1879 verti
304 1827 404 1900 potest
427 1822 646 1897 coquoseibile,
670 1830 704 1881 ut
726 1841 793 1880 scn-
843 1840 879 1879 eo
902 1821 962 1878 sint
983 1818 1121 1898 agendae
1142 1820 1210 1880 Deo
1233 1821 1357 1899 gratiae.
1388 1819 1542 1899 Siquidem

98 1926 149 1969 sus
179 1907 232 1966 sit:
261 1908 427 1985 Propterea
456 1906 538 1987 quod
567 1927 617 1982 ea,
648 1928 727 1988 quae
756 1907 794 1968 do
844 1914 876 1966 et
890 1905 969 1965 bona
984 1907 1123 1985 corporis,
1139 1914 1172 1965 ut
1189 1908 1309 1980 sanitas,
1324 1904 1424 1981 robur,
1439 1906 1542 1986 pulch-

97 1995 164 2054 Deo
187 1993 317 2052 naturali
345 1994 456 2053 lumine
485 1993 653 2054 intellectus
684 1996 721 2055 ab
744 1994 794 2054 ho·
843 1991 957 2065 ritudo,
987 2002 1016 2051 et
1039 2000 1160 2052 caetera
1182 1991 1352 2072 hujusmodi
1381 1994 1412 2052 in
1442 1992 1543 2053 Deum

98 2081 178 2140 mine
202 2081 341 2159 cognosci
364 2089 506 2159 possunt,
540 2079 624 2142 fuere
651 2085 688 2142 in
717 2083 793 2156 illis,
843 2087 976 2139 autorem
1011 2088 1042 2138 et
1073 2079 1243 2158 largitorem
1281 2099 1347 2139 cum
1379 2081 1544 2159 gratiarum

98 2166 130 2226 id
153 2173 206 2239 est,
228 2165 310 2246 apud
326 2166 393 2227 illos
408 2165 568 2226 manifeste
588 2176 618 2227 et
640 2168 795 2229 evidenter
844 2167 962 2225 actione
984 2164 1142 2226 referenda
1164 2174 1249 2245 sunt,

99 2252 601 2332 cognitatcujusmodisuntDeum
614 2274 795 2328 cascanum,
888 2251 990 2330 Quare
1012 2273 1072 2313 non
1096 2259 1141 2312 ost
1161 2272 1287 2313 necesse
1310 2248 1544 2334 (quodquidam

99 2348 262 2412 aeternum,
284 2340 388 2400 mundi
409 2341 573 2420 principem
596 2349 626 2401 et
647 2340 795 2420 guberna·
843 2335 961 2413 volunt)
977 2338 1024 2399 hic
1035 2339 1164 2418 intelligi
1175 2341 1310 2400 notitiam
1321 2341 1402 2400 vires
1414 2348 1543 2401 naturae

99 2434 207 2501 torem,
237 2434 337 2486 actum
357 2448 477 2507 purum,
512 2436 542 2486 et
565 2428 680 2487 similia.
724 2428 796 2488 Non
845 2424 1050 2486 excedentem.
1095 2425 1249 2506 Siquidem
1278 2426 1456 2506 imperfecta
1482 2426 1545 2489 Dei

100 2512 274 2586 defuerunt,
304 2515 414 2594 inquit,
444 2515 520 2572 inter
550 2513 618 2573 illos
646 2516 699 2594 qui
720 2514 796 2575 haec
845 2520 876 2573 et
897 2514 1113 2592 proprietatum
1145 2513 1212 2591 ejus
1240 2514 1360 2587 notitia,
1390 2532 1481 2593 quam
1504 2534 1563 2576 ex-

100 2608 320 2679 cognoscerent,
340 2601 458 2660 tametsi
469 2600 521 2659 alii
530 2600 608 2679 plus,
628 2601 679 2660 alii
690 2603 794 2661 minus.
844 2598 946 2659 mundi
968 2599 1218 2677 contemplatione
1239 2608 1439 2680 perceperunt
1452 2600 1546 2661 homi*

144 2687 276 2766 Quidam
290 2687 396 2746 volunt
417 2690 455 2746 ia
476 2688 727 2767 praepositionem
749 2707 795 2748 re·
845 2705 900 2745 nes
922 2686 1039 2765 magnis
1060 2687 1187 2766 ingeniis
1209 2686 1351 2766 praediti,
1385 2707 1547 2768 rerumque

100 2772 248 2846 dundare,
279 2793 315 2833 ac
344 2775 506 2833 sitantum
534 2773 660 2834 dixisset
687 2780 796 2836 maat-
845 2772 1119 2851 cognoscendamm
1134 2772 1266 2847 studiosi,
1290 2793 1388 2847 exeo,
1411 2773 1494 2855 quod
1512 2776 1546 2835 in

98 2860 216 2938 festum
232 2861 363 2937 catillis,
383 2859 631 2941 quemadmodum
647 2860 797 2921 redundat
846 2867 951 2920 natura
972 2867 1041 2939 post
1056 2861 1273 2940 corruptionem
1294 2861 1411 2940 peccati
1433 2863 1548 2922 mansit

99 2946 180 3027 apud
211 2946 335 3006 Petrum
371 2952 398 3008 1.
430 2948 514 3027 epist.
552 2952 578 3007 1.
609 2967 675 3007 curn
708 2947 796 3009 dicit:
845 2945 1008 3027 reliquum,
1031 2946 1134 3007 haberi
1155 2949 1260 3027 potuit
1306 2949 1469 3026 Quoniam
1490 2967 1546 3009 re-

100 3033 331 3093 haereditotam
368 3041 587 3096 coacervatam
626 3038 663 3094 ia
699 3035 796 3097 vobis.
846 3051 934 3109 vera,
957 3035 999 3092 ait
1015 3034 1092 3113 Aug.
1116 3033 1166 3094 lib.
1189 3033 1228 3093 de
1250 3035 1354 3113 spiritu
1373 3043 1403 3094 et
1416 3035 1461 3094 lit.
1479 3056 1547 3115 cap.

101 3118 191 3200 Quod
206 3120 328 3200 quidem
344 3140 404 3181 non
418 3121 615 3201 improbabile
631 3129 684 3181 est
719 3119 796 3182 Oon·
848 3125 906 3194 12,
925 3123 1006 3182 sicat
1019 3139 1140 3197 maana
1154 3124 1287 3197 inarata
1300 3139 1453 3198 quaeram
1467 3140 1548 3198 per·

99 3209 182 3267 venit
204 3209 281 3267 enim
298 3228 365 3268 cum
381 3228 416 3268 eo
433 3209 515 3290 quod
538 3210 686 3288 sequitur:
709 3211 797 3270 Deus
845 3211 1013 3285 stiterunt,
1040 3211 1084 3268 sic
1105 3211 1252 3269 iuvenire
1271 3215 1458 3285 potuerunt.
1504 3209 1549 3268 At

100 3296 186 3356 enim
208 3295 272 3354 illis
293 3298 524 3373 manifestavit.
570 3296 651 3355 Dicit
680 3304 795 3356 autem:
845 3295 1036 3355 nihilominus
1059 3294 1163 3355 cadem
1178 3295 1236 3354 isto
1251 3295 1467 3376 qualiscunque
1482 3296 1547 3355 Dei

98 3380 184 3458 quod
206 3390 319 3442 aotam
348 3404 403 3443 seu
433 3382 637 3459 coyaosrioite
659 3391 721 3458 cet,
756 3382 796 3442 ad
845 3383 951 3442 notitia
973 3383 1033 3452 Dei
1061 3383 1155 3461 ipsius
1177 3380 1323 3442 beneficio
1347 3390 1411 3441 tota
1432 3382 1545 3443 adseri·

98 3468 296 3529 differentiam
316 3489 425 3544 corum,
449 3470 557 3550 quibus
577 3469 794 3549 cognoscendis
844 3468 944 3529 benda
966 3469 1029 3528 fuit.
1076 3467 1165 3546 Quod
1194 3467 1273 3529 idem
1295 3471 1408 3529 Ductor
1435 3471 1467 3528 in
1492 3469 1545 3530 lib.

96 3577 155 3616 non
196 3557 302 3616 sufficit
339 3558 475 3617 naturale
512 3558 612 3617 lumen
647 3556 796 3616 humanae
845 3557 874 3613 2.
897 3555 936 3615 de
959 3555 1039 3614 civit.
1053 3555 1115 3615 Dei
1130 3574 1194 3635 cap.
1212 3559 1239 3614 7.
1261 3564 1385 3616 testatur
1407 3555 1454 3616 his
1476 3576 1545 3616 ver·

95 3645 221 3716 montis3
251 3644 407 3723 qualeest
428 3646 603 3723 mysterium
627 3644 793 3716 Trinitatis,
844 3640 906 3701 bis:
929 3644 973 3704 Et
993 3642 1127 3717 quidam
1149 3660 1259 3702 corum
1283 3638 1335 3717 (de
1356 3642 1546 3722 philosophis

94 3730 173 3791 malo
195 3730 250 3803 his,
273 3750 349 3812 quae
364 3752 418 3811 per
435 3740 569 3791 naturam
589 3729 627 3789 de
641 3731 709 3790 Deo
726 3749 793 3809 cog·
842 3725 918 3806 agit)
941 3727 1101 3805 quaedam
1122 3747 1252 3805 maana,
1275 3737 1433 3806 quantum
1455 3730 1545 3792 diot-

94 3817 177 3877 nosoi
198 3827 338 3895 possunt,
369 3839 387 3877 a
408 3818 534 3897 Pelagio
557 3824 791 3877 annumeratum.
842 3817 929 3875 attus
951 3814 1057 3890 adjuti
1078 3823 1169 3892 sunt,
1193 3818 1405 3877 inuenerunt:
1433 3835 1544 3894 quaa-

138 3903 300 3964 Scieudum
324 3914 422 3965 tamen
438 3906 526 3965 atium
542 3904 584 3963 sic
602 3904 679 3963 verti
694 3922 792 3982 posse,
841 3910 911 3961 tum
932 3909 1040 3963 autem
1069 3904 1256 3964 humanitus
1284 3903 1432 3980 impediti
1452 3913 1543 3980 cunt,

93 3993 171 4066 quia
184 3993 303 4053 aetitia
317 3994 380 4053 Dei
394 3991 569 4069 manifesta
584 3992 695 4064 osteis,
721 4009 792 4069 qno·
841 3997 1002 4048 errarunt.
1032 3987 1093 4048 Sed
1114 3988 1152 4048 de
1175 4011 1211 4049 ea
1226 4009 1258 4050 re
1273 3990 1360 4070 plura
1374 3998 1404 4049 et
1419 4010 1458 4051 ex
1473 4012 1544 4071 pro·

92 4076 180 4138 modo
211 4079 303 4137 vertit
325 4079 529 4159 Stapulensis,
557 4086 590 4136 ut
620 4085 791 4158 concretum
840 4073 921 4135 fesso
944 4076 983 4135 ad
1006 4075 1072 4134 dist.
1097 4080 1125 4138 3.
1149 4076 1200 4135 lib.
1226 4082 1252 4136 1.
1277 4084 1352 4137 sent

92 4163 129 4222 sit
151 4167 281 4244 positum
311 4186 365 4245 pro
389 4164 555 4237 abstracto,
587 4163 680 4224 veluti
703 4184 791 4243 supra
885 4163 934 4223 20.
959 4161 1139 4223 invicibilis
1169 4166 1254 4224 caim
1283 4166 1384 4239 ipsius
1404 4182 1425 4221 a
1448 4181 1542 4224 crea·

89 4260 300 4328 promptum,
324 4252 437 4324 idest,
460 4249 672 4331 promptitudo.
718 4251 789 4311 Jarn
839 4257 915 4308 tura
936 4250 1066 4325 mundi,
1095 4266 1156 4326 per
1178 4268 1215 4310 ea
1236 4250 1429 4327 quaefacta
1452 4261 1540 4328 mut,

92 4357 130 4397 ex
152 4357 205 4412 oo,
235 4338 316 4418 quod
338 4337 410 4398 dicit
431 4339 639 4415 manifestum
662 4339 791 4397 estillic
838 4336 1001 4397 intellecta
1023 4339 1276 4412 conspiciuntur.
1311 4336 1392 4397 Male
1415 4336 1540 4416 qnidam

90 4425 139 4483 val
154 4427 191 4486 ia
206 4427 280 4499 illie,
304 4443 404 4485 rursus
419 4425 520 4504 colligi
535 4431 640 4503 potest,
663 4432 695 4482 ut
711 4424 789 4485 bene
838 4422 972 4496 codices,
1006 4424 1198 4484 intellectus:
1236 4444 1305 4483 nam
1340 4422 1457 4483 Graece
1492 4435 1541 4484 est

90 4510 205 4591 colligit
235 4512 414 4589 Cajetanus,
449 4532 486 4571 ea
513 4530 590 4592 quac
618 4510 789 4591 philosophi
837 4504 982 4586 νοούμενα
999 4510 1185 4591 participium
1202 4511 1344 4590 temporis
1359 4513 1537 4590 praesentis.

90 4596 128 4656 de
156 4599 226 4658 Deo
254 4607 417 4672 novemnt,
448 4598 698 4659 demonstratione
729 4598 788 4658 illis
836 4596 917 4656 Illud
939 4616 1010 4657 vero
1032 4614 1053 4654 a
1075 4604 1225 4656 creatura
1247 4597 1377 4673 mundi,
1413 4596 1536 4677 quidam

89 4686 211 4766 cognita
231 4683 334 4748 tuisse.
367 4686 445 4747 Nam
467 4706 546 4768 quae
559 4686 624 4747 solu
642 4683 702 4746 tide
718 4704 786 4765 cog·
835 4683 1012 4745 vomendum
1040 4691 1147 4763 putant
1174 4702 1195 4743 a
1217 4687 1378 4747 creatione
1406 4686 1534 4761 mundi,
