3254 5190
160 292 233 365 lto
671 287 1117 345 oomnomrosrsoirmn

156 464 213 523 bns
228 463 329 524 verbis
344 465 513 544 ambiguum
529 474 582 538 eet,
596 475 693 525 utrum
704 465 854 542 significe-
902 475 1008 538 nente,
1024 464 1135 524 elamor
1148 464 1200 524 ille
1216 472 1278 538 est,
1302 481 1363 542 qno
1379 462 1481 522 teneti
1496 460 1601 519 dicunt

157 559 214 622 tur,
231 551 365 629 spiritum
380 550 507 610 reddere
522 553 725 612 testimonium
737 552 854 631 spiritui
901 553 986 610 Deo:
1003 551 1103 625 eota,
1116 558 1220 626 poter.
1242 550 1326 610 Siout
1341 551 1419 610 enim
1434 565 1531 608 neoto
1539 564 1600 622 po-

157 643 273 707 noetro,
290 635 321 696 id
336 645 396 710 ost,
411 637 512 707 nobis,
529 638 610 717 quod
627 640 775 717 expressit
790 638 853 697 vul-
902 646 959 696 teet
974 638 1094 696 dicere:
1109 639 1270 699 Dominus
1283 639 1389 710 Jessss,
1403 637 1467 694 nisi
1477 637 1516 692 in
1527 634 1601 708 Spi-

158 730 230 803 gete
240 724 358 796 versio,
380 743 419 783 en
434 741 522 799 vero,
534 724 622 802 juxto
639 724 765 783 eliorum
781 743 853 802 quo·
901 728 968 784 ritis
981 725 1125 784 moetos
1149 722 1218 785 (lor.
1237 724 1300 796 12,
1323 725 1367 782 ite
1386 741 1475 782 nemo
1500 726 1601 799 potest

157 808 282 868 rundsm
298 811 481 882 versionem,
508 811 644 889 spiritum
668 811 773 870 testari
796 830 854 868 nos
902 810 1000 870 dicere
1014 812 1097 883 Deo,
1119 809 1222 882 Abho,
1244 817 1345 887 petet,
1368 809 1425 867 nisi
1441 809 1473 867 in
1489 804 1600 885 spires

157 915 224 955 enm
240 895 345 973 spiritu
356 904 466 967 nostro,
482 896 561 976 qood
578 905 609 957 et
623 896 739 956 Graece
754 897 854 974 potius
902 904 1014 957 sancto.

156 981 401 1057 vellevidontur3
417 991 568 1043 utsensus
578 985 628 1049 sit,
650 984 853 1042 testimonium
945 983 1056 1041 Verum
1072 983 1137 1042 sive
1152 999 1257 1040 senens
1273 977 1364 1038 Peoli
1387 980 1441 1051 sit,
1455 977 1601 1056 Spiritum

156 1068 279 1148 spiritus
294 1070 387 1127 nostri
404 1068 572 1128 confirmari
586 1069 754 1128 testimonio
767 1071 854 1149 spiri·
902 1077 1038 1129 sonetum
1054 1068 1160 1127 testoni
1176 1066 1296 1145 spiritui
1309 1073 1425 1139 nostro,
1451 1066 1522 1124 sive
1542 1081 1601 1124 ιιιι

156 1164 203 1215 tus
219 1153 321 1213 divini.
810 1180 812 1185 ·
902 1174 968 1215 oum
994 1154 1101 1234 spiritu
1123 1161 1240 1226 nostro,
1263 1170 1320 1213 nos
1342 1171 1408 1212 esse
1429 1150 1511 1213 filios
1532 1150 1600 1223 Dei

198 1239 529 1319 Priorqnidernsoneus
541 1242 637 1325 magis
649 1250 788 1320 receptus
799 1249 854 1313 est,
903 1242 1043 1320 quonism
1059 1249 1159 1300 tomen
1174 1240 1231 1301 hoo
1247 1238 1378 1317 Spiritus
1392 1238 1493 1298 uncti
1520 1236 1600 1298 sesti

156 1327 272 1387 Latinis
294 1329 485 1400 praesertim,
508 1329 599 1406 juxta
625 1346 706 1407 quoe
728 1327 854 1387 verbum
902 1328 1036 1389 monium
1058 1347 1117 1386 non
1139 1335 1242 1406 potest
1255 1344 1316 1384 non
1330 1343 1397 1384 esse
1410 1325 1599 1387 renuimus

156 1413 350 1491 compositum
359 1415 571 1490 συμμαρτυρεῖ
584 1415 714 1492 positum
728 1412 854 1492 intelligi
902 1424 995 1494 atque
1009 1414 1220 1483 certissimum,
1237 1429 1424 1492 consequens
1440 1410 1541 1471 videri
1551 1428 1599 1490 po·

156 1499 245 1559 debet
258 1518 312 1578 pro
328 1498 456 1578 simplici
470 1501 633 1577 μαρτυρεῖ,
650 1500 855 1560 metalemsin
901 1508 976 1574 test,
999 1508 1079 1559 certo
1100 1507 1130 1561 ot
1145 1498 1316 1559 indubitato
1330 1496 1390 1558 lide
1404 1496 1535 1557 credere
1548 1514 1599 1559 not

156 1586 235 1646 enim
250 1583 472 1664 eooipividotnr
485 1585 750 1646 idemvoosbnlum
762 1605 854 1666 supro
902 1586 1022 1659 debere,
1038 1587 1120 1665 quod
1135 1586 1227 1646 simne
1243 1584 1298 1645 lilii
1312 1585 1381 1656 Dei,
1396 1593 1427 1642 et
1442 1581 1600 1663 proinde·

156 1690 222 1752 esp.
238 1676 282 1744 9.,
305 1671 358 1731 nbi
378 1691 434 1731 noe
449 1671 594 1752 legimns:
626 1675 854 1733 Testimonium
901 1674 1037 1753 peccetis
1048 1671 1599 1751 justificati-Hoseninsrgumsmrm

156 1757 306 1817 reddente
325 1758 390 1821 illis
415 1761 610 1821 conscientie
636 1761 800 1835 ipsorum,
822 1767 855 1817 et
901 1780 938 1820 ox
955 1762 1011 1821 isto
1027 1760 1094 1819 loco
1105 1766 1266 1838 sumptum,
1277 1757 1536 1836 velpsescipnnn
1548 1762 1599 1829 et,

155 1862 258 1904 roms
269 1845 356 1904 initio
366 1864 431 1933 cop.
438 1846 607 1926 sequentis:
624 1847 853 1906 Testimonium
901 1865 960 1926 qno
975 1845 1016 1905 ed
1030 1844 1239 1906 stabiliendam
1251 1843 1354 1917 fidem,
1381 1861 1475 1923 qoem
1489 1849 1598 1903 soene

156 1932 234 1990 mitt
245 1931 429 2006 pertinente
445 1935 636 1993 conscientie
651 1951 730 1992 meo.
901 1933 1079 2010 specialem,
1101 1933 1239 1991 nituntur
1259 1930 1350 2008 hujus
1366 1931 1514 2008 temporis
1529 1929 1595 1988 lmee

199 2019 342 2077 Attamen
356 2016 425 2079 eliis
436 2019 537 2097 plooet
544 2016 752 2098 accipiendum
759 2017 853 2077 Gree-
901 2019 996 2077 retioi.

157 2122 224 2162 cnm
244 2103 367 2164 verbum
389 2107 522 2184 proprie,
541 2113 574 2164 ιιι
595 2105 779 2184 significetur
800 2103 852 2162 sd·
940 2103 1001 2164 esi
1017 2104 1247 2184 quidemeorum
1258 2101 1424 2182 objectioni
1445 2101 1598 2162 ieresov

151 2191 270 2268 junctio
287 2191 447 2251 testimonii
458 2210 528 2250 oum
536 2191 641 2252 altero.
653 2191 732 2251 Nem
744 2200 775 2252 et
785 2210 851 2270 cop.
900 2191 1021 2251 tholieis
1047 2189 1261 2270 respondetur,
1290 2189 1438 2268 Spiritum
1460 2196 1598 2250 motum

157 2279 185 2334 2.
202 2285 232 2337 et
248 2278 276 2337 9.
292 2275 369 2337 nihil
383 2285 470 2339 vetet
495 2278 538 2338 sie
560 2278 669 2356 eceipi.
693 2277 759 2338 Neo
781 2276 854 2337 olibi
900 2278 1019 2337 duobus
1033 2276 1129 2336 modis
1145 2277 1259 2356 aliquid
1281 2275 1454 2335 hominibus
1475 2273 1599 2349 ιθιιιιίι

155 2362 247 2423 ieeile
262 2363 395 2444 reperies
411 2366 606 2444 eompositnm
614 2363 693 2423 illud
705 2363 852 2425 Graecum
902 2384 960 2424 ιιιιο
974 2363 1065 2424 modo
1079 2382 1238 2442 expresse,
1260 2361 1389 2434 directe,
1405 2370 1439 2421 et
1454 2363 1523 2422 sine
1538 2358 1596 2423 olis

155 2450 293 2529 osmpul
306 2469 362 2528 pro
377 2451 523 2530 simplici,
539 2460 574 2510 ιιι
588 2472 648 2511 non
663 2450 766 2530 oliqns
786 2469 853 2509 oon·
902 2451 1097 2524 obscuritate,
1124 2449 1273 2529 quomodo
1289 2447 1470 2510 testificstns
1486 2457 1535 2507 est
1547 2466 1597 2527 pc

152 2537 269 2615 junctio
285 2535 452 2596 testimnii
467 2538 659 2616 significetur,
673 2538 701 2596 si
715 2555 855 2597 nonem
902 2536 1052 2607 Christum
1076 2535 1222 2596 dicentem
1243 2534 1416 2616 paralytico
1439 2543 1474 2594 et
1496 2553 1597 2614 peon·

156 2621 219 2682 elio
234 2623 420 2694 testimonio,
436 2624 542 2684 saltem
558 2643 625 2684 eum
640 2625 786 2684 sententis
801 2641 855 2689 sen
901 2623 987 2683 triei:
1003 2626 1222 2685 Remittentur
1236 2621 1294 2682 tibi
1301 2629 1435 2698 peccota
1444 2628 1517 2696 mo,
1529 2622 1597 2684 m

156 2709 237 2768 dieto
252 2709 475 2789 cujuscumque,
491 2710 573 2791 qnod
588 2730 673 2770 more
687 2711 854 2788 scripturee
903 2713 932 2772 5.
949 2719 979 2769 et
995 2711 1032 2783 7.,
1044 2719 1138 2790 etper
1147 2707 1326 2790 prophetem
1338 2707 1468 2769 Doridis
1483 2708 1597 2769 Domi·

156 2796 362 2856 testimoninm
387 2797 571 2875 appellator,
606 2806 640 2856 ιιι
670 2796 726 2854 hoo
751 2802 855 2876 pecto,
903 2798 1145 2858 moramentis
1157 2803 1323 2874 peecatum
1346 2802 1456 2868 tuom,
1481 2795 1502 2854 o
1526 2795 1597 2874 Rep

157 2883 295 2962 quisquis
310 2882 429 2962 aliquid
443 2883 584 2955 affirmet,
608 2883 713 2942 teetsri
729 2881 853 2942 dicetur.
904 2888 970 2957 123
983 2893 1074 2964 etque
1084 2884 1140 2943 hoo
1150 2883 1354 2944 testimoninm
1364 2880 1478 2943 homini
1490 2891 1599 2943 urion

157 2968 206 3027 lto
219 2969 342 3030 verbum
358 2969 414 3029 lroc
428 2980 609 3049 occeperunt
623 2968 855 3048 chrysostomus
903 2978 936 3030 et
957 2969 1117 3031 infallibile
1140 2989 1216 3030 esse.
1240 2969 1312 3030 Alio
1334 2968 1424 3028 modo
1448 2964 1599 3031 testificati

158 3076 193 3115 oe
209 3056 319 3116 coeteri
332 3063 403 3134 post
418 3074 485 3115 eom
509 3055 633 3129 Greeoi3
657 3056 758 3115 Lotini
781 3074 854 3135 quo·
903 3056 1029 3117 obscure
1045 3065 1075 3117 et
1090 3056 1227 3136 oblique,
1253 3056 1369 3116 scilicet
1383 3074 1439 3135 per
1453 3053 1599 3135 quasis·

157 3161 218 3223 que
234 3145 425 3213 recentiores,
440 3143 593 3213 Erasmus,
609 3140 782 3221 cajetanus,
795 3142 855 3201 To·
903 3142 1028 3218 indicis,
1055 3163 1134 3225 queo
1147 3151 1264 3204 tentum
1286 3139 1475 3223 probabilem
1489 3139 1601 3205 oeno

158 3229 246 3288 letus.
261 3231 376 3310 Estque
393 3227 499 3293 eaden
515 3230 590 3289 ratio
607 3228 645 3289 de
669 3229 763 3289 verbo
784 3245 856 3286 συν·
904 3230 1019 3290 homini
1033 3232 1246 3310 conjecturam
1270 3227 1449 3308 Cujuemodi
1468 3229 1598 3289 testimo·

158 3316 372 3393 ειιμαρτυριι,
395 3334 456 3395 quo
472 3315 587 3375 Paulus
601 3317 698 3375 utitor
712 3314 791 3375 Eeb.
808 3320 836 3377 2.
905 3319 988 3377 nium
1003 3316 1173 3397 adoptionis
1188 3324 1235 3377 ost
1248 3318 1280 3376 in
1294 3315 1464 3394 bsptisetis,
1479 3325 1536 3376 ent
1548 3332 1600 3395 pst

200 3403 273 3463 Jnm
288 3423 343 3481 pro
358 3401 414 3461 hoo
429 3421 519 3462 senso
534 3402 666 3463 notendo
680 3410 751 3463 eunt
764 3403 858 3462 verbe
905 3403 1093 3465 sacerdotem
1122 3403 1281 3476 absolutis,
1311 3401 1409 3462 bonno
1435 3401 1600 3467 solientis

160 3488 381 3570 praecedentia,
394 3490 504 3570 quibos
518 3487 645 3549 dieitur:
661 3490 703 3549 ln
715 3507 778 3566 quo
789 3490 857 3549 olo·
906 3491 1103 3562 conscientia,
1129 3499 1164 3550 ιιι
1178 3509 1258 3570 quac
1277 3508 1329 3549 eos
1340 3489 1406 3567 jem
1420 3506 1485 3551 non
1497 3506 1596 3568 oppio

157 3594 301 3637 mamm.-
324 3575 431 3649 Aoos,
446 3583 549 3653 poter.
572 3576 635 3656 Qui
649 3576 728 3639 enim
745 3577 776 3635 ie
792 3595 856 3636 oro·
905 3575 1019 3637 hendet
1048 3576 1087 3636 de
1118 3576 1181 3636 ullo
1208 3575 1372 3636 damnabili
1397 3582 1529 3653 peccato
1553 3580 1602 3636 ent

158 3665 239 3724 tione
253 3663 353 3723 Deum
365 3664 487 3722 invocet
498 3671 624 3741 petrem,
637 3670 857 3742 consequenter
906 3663 1013 3723 offecto
1037 3663 1199 3743 penendi,
1222 3672 1284 3722 tnm
1307 3661 1419 3721 fiducie
1440 3660 1480 3723 ed
1503 3663 1601 3725 Dent

158 3757 296 3812 esseest
311 3749 550 3810 etoffirmotDei
565 3750 666 3822 lilium,
683 3748 774 3829 idque
784 3748 858 3809 iecit
904 3748 975 3809 inde
989 3757 1078 3814 neu.
1094 3748 1257 3810 secundnm
1273 3747 1348 3809 illnd
1363 3748 1454 3809 Josn.
1473 3753 1501 3809 1.
1518 3750 1601 3830 epist

158 3836 248 3897 eorde
262 3855 317 3896 eeu
332 3835 448 3916 spirito.
461 3838 548 3897 Misit
563 3836 641 3897 onim
656 3829 745 3896 De'ue
759 3837 856 3910 epiri·
905 3837 950 3895 3.:
978 3839 1012 3897 Si
1035 3855 1089 3896 eor
1115 3843 1261 3897 nostrum
1284 3854 1350 3895 non
1366 3834 1603 3911 reprehenderit

157 3931 225 3983 tom
237 3923 297 4000 {ilii
311 3925 360 3982 eni
374 3924 412 3982 in
424 3923 523 3982 conio
534 3931 637 3983 nostro
649 3925 857 3982 plantantem:
904 3942 973 3997 noe,
989 3924 1140 3999 fiduciam
1154 3924 1303 3983 hebemus
1318 3922 1362 3981 od
1377 3923 1496 3985 Deum.
1529 3922 1600 3985 len

159 4011 267 4084 Abos,
293 4017 396 4085 poter.
420 4008 486 4069 (ιιι.
511 4013 539 4070 t.
555 4009 705 4088 Quoniam
722 4011 814 4088 igitur
828 4019 857 4068 et
905 4008 1036 4070 studium
1052 4010 1173 4071 honoris
1186 4010 1246 4071 Dei
1257 4018 1402 4089 tenquem
1414 4010 1529 4086 petris,
1543 4007 1600 4069 toi·

158 4098 282 4176 spiritns
296 4105 399 4156 noster
412 4095 525 4155 elamet
538 4095 623 4157 Abbs
641 4105 746 4175 peter,
767 4103 857 4175 etque
905 4115 971 4156 mus
986 4116 1151 4176 propensus
1166 4095 1205 4157 od
1216 4094 1385 4175 juvandum
1399 4095 1601 4173 proximos&

158 4183 188 4242 id
203 4184 299 4263 ipsum
317 4183 348 4242 in
363 4182 454 4242 corde
469 4201 525 4242 seu
540 4184 648 4261 spiritu
671 4192 772 4242 nostro
797 4181 855 4242 cln-
904 4185 940 4242 iis
961 4185 1108 4256 maxime,
1132 4202 1211 4262 quoe
1232 4191 1302 4243 sunt
1322 4190 1466 4243 estense
1477 4182 1601 4253 ninom

159 4269 359 4348 metSpiritus
374 4277 505 4340 strictus,
522 4268 590 4328 ideo
601 4269 857 4348 dicitApostolue,
905 4269 1033 4330 libenter
1055 4269 1160 4330 audire
1183 4277 1213 4329 et
1237 4271 1369 4346 eogitsro
1390 4267 1430 4329 de
1453 4268 1546 4331 rebus
1565 4264 1601 4329 sd

159 4356 300 4436 Spiritum
317 4355 347 4415 S.
365 4356 525 4415 contesteri
545 4356 664 4434 spiritui
686 4365 804 4426 nostro,
826 4355 856 4416 id
904 4358 1046 4416 Denmet
1059 4357 1169 4427 vitem,
1185 4375 1264 4435 quse
1284 4356 1314 4414 in
1336 4354 1405 4414 Deo
1429 4365 1493 4426 est,
1516 4354 1601 4436 perti·

159 4452 214 4515 eet,
229 4463 290 4503 ono
305 4460 371 4501 com
387 4461 422 4500 eo
439 4444 552 4510 testari.
567 4442 619 4502 illo
637 4444 701 4521 ipso
718 4444 857 4515 clamore,
905 4442 1055 4503 nectibus.

158 4548 248 4610 quom
264 4531 294 4589 in
312 4529 420 4608 spiritu
434 4537 537 4589 nostro
553 4530 674 4595 excitet.
701 4529 787 4605 qood
802 4549 856 4589 en·
948 4530 1110 4589 Praetores
1122 4527 1327 4607 tranquillitos
1339 4538 1371 4587 et
1381 4525 1602 4593 serenitnstini·

158 4635 228 4677 mess
250 4616 310 4691 ytits'
333 4618 402 4677 Dei.
433 4616 501 4674 Hoc
525 4634 598 4694 ergo
615 4615 746 4693 Spiritum
760 4617 857 4674 mesti
904 4618 1026 4675 micum
1043 4619 1156 4676 intorno
1169 4615 1386 4687 consolatione,
1399 4613 1603 4695 quoebsptis

158 4703 374 4775 testinnonium,
395 4701 501 4764 eodem
524 4700 740 4784 consortem
764 4722 855 4784 expo·
904 4723 985 4763 mum
999 4711 1031 4764 ot
1044 4702 1295 4766 reconciliationis
1309 4710 1534 4765 sscrsmenmn
1548 4701 1601 4763 sh-
