3254 5190
88 279 109 346 3
602 265 837 320 commuue
856 265 889 318 ιιι
907 265 975 319 ιιι.
994 265 1013 319 ι.

87 445 275 525 evangelium
293 443 670 526 praedicandumhuc.10.
694 443 780 503 Talis
832 461 911 523 quae
945 441 1032 502 datur
1064 441 1174 503 laetum
1204 443 1351 508 adserenti
1380 448 1532 508 nuncium.

88 537 157 594 item
178 532 321 593 Matthias
338 534 370 592 in
387 532 486 592 locum
501 529 604 592 Judae
624 528 782 609 proditoris
834 530 903 609 Qua
935 528 1151 608 significatione
1184 530 1294 610 legitur
1326 534 1415 593 etiarn
1449 534 1533 615 apud

87 629 156 703 post
177 619 306 693 Domini,
315 621 346 678 in
368 619 469 678 coelos
493 619 695 677 ascensionem
718 618 784 677 eub-
833 617 932 677 LXX.
950 621 968 677 2
987 617 1063 694 Reg.
1090 619 1119 675 4.
1141 616 1262 678 Davide
1283 619 1402 680 dicente
1425 619 1464 680 de
1486 641 1532 694 eo,

88 713 218 786 rogatus.
264 706 357 765 Tales
387 707 476 764 etiam
503 703 616 764 Paulus
649 711 681 763 et
712 704 785 763 Bar·
834 705 885 783 qui
900 702 1000 763 Saulis
1022 711 1146 762 mortem
1164 705 1223 785 ipsi
1238 708 1448 767 nunciaverat:
1473 709 1533 770 Cui

90 794 183 855 nahas
202 793 344 853 divinitus
363 792 401 851 ad
422 810 496 871 opus
517 791 714 870 apostolicum
734 789 784 850 do·
835 791 1000 867 oportebat
1014 809 1064 848 me
1080 789 1158 852 dore
1175 794 1350 868 evonqelia.

90 881 199 959 signati
219 880 319 939 Actor.
345 883 393 941 13.
433 877 523 958 Quod
546 897 654 939 nomen
677 875 785 938 deinde
877 877 989 936 Verum
1010 895 1067 934 usu
1088 876 1259 959 Scripturas
1275 880 1482 959 Evangelioae
1503 889 1534 941 et

90 967 129 1027 ad
150 985 261 1047 paucos
284 966 360 1026 alios
383 972 547 1037 extensum,
568 973 603 1023 ut
624 964 663 1024 ad
685 964 786 1038 Silam,
834 963 1026 1043 Apostolicae
1049 966 1231 1025 contrahitur
1249 965 1287 1024 ad
1305 965 1533 1042 significandum

92 1055 297 1125 Timotheum,
318 1055 448 1124 Lucam,
469 1052 617 1123 Marcum,
639 1050 785 1111 Androni·
835 1050 1029 1110 laetissimam
1051 1048 1125 1111 illud
1147 1053 1303 1127 nuncium,
1327 1062 1358 1113 et
1381 1054 1462 1113 omni
1485 1074 1534 1114 ac·

92 1161 157 1201 cum
187 1149 216 1199 et
243 1140 381 1213 Juniam,
415 1140 466 1218 qui
495 1139 601 1217 partim
635 1140 665 1197 in
695 1139 787 1198 saone
835 1138 972 1216 ceptione
994 1135 1124 1215 dignum,
1147 1137 1186 1199 de
1203 1137 1410 1219 redemptione
1434 1148 1465 1199 et
1487 1161 1533 1200 sa·

93 1228 197 1298 literis,
220 1228 327 1306 partim
348 1226 379 1286 in
401 1225 503 1285 officiis
526 1223 635 1284 divinis
657 1226 785 1304 Aposto·
835 1224 899 1282 luto
921 1223 1039 1302 generis
1060 1223 1182 1283 humaui
1203 1243 1258 1305 per
1281 1225 1451 1286 Christum:
1475 1247 1534 1307 quo

91 1315 187 1374 lorum
215 1312 362 1373 vocabulo
392 1312 590 1371 honorantur:
623 1310 695 1371 licet
723 1331 787 1391 per·
835 1320 935 1370 tamen
957 1310 1044 1368 simul
1067 1310 1324 1390 comprehenditur
1342 1313 1534 1374 annunciatio

92 1402 171 1461 secta
203 1401 330 1459 nominis
363 1398 519 1479 apostolici
559 1399 635 1457 ratio
670 1398 700 1456 in
734 1417 786 1458 eos
836 1398 925 1457 totius
947 1397 1024 1475 legis
1047 1394 1242 1458 Christianae.
1278 1400 1327 1461 Sic
1350 1400 1429 1460 enim
1451 1399 1533 1481 Apo·

94 1486 174 1547 haud
196 1488 314 1545 omnino
338 1485 471 1566 quadret.
837 1483 934 1556 stolis,
957 1483 1076 1564 quando
1097 1485 1181 1545 missi
1203 1493 1272 1544 sunt
1293 1486 1333 1547 ad
1354 1487 1534 1566 praedican-

136 1575 256 1634 Etenim
278 1593 338 1633 non
362 1592 462 1632 omnes
484 1570 707 1650 Evangelistas,
729 1591 786 1631 noc
837 1570 906 1631 dnm
925 1568 1124 1649 Evangelium
1145 1571 1224 1631 omni
1240 1581 1404 1644 creaturae,
1421 1571 1535 1635 dictum

95 1679 196 1721 omnes
217 1660 360 1719 Pastoros
390 1667 422 1718 et
443 1660 590 1718 Doctores
618 1677 685 1718 esse
707 1658 787 1739 Apo·
838 1666 885 1718 est
905 1677 924 1716 a
945 1657 1074 1717 Domino
1096 1657 1199 1718 Matth
1221 1658 1273 1718 ult.
1303 1662 1461 1721 Doceates
1484 1680 1536 1722 eos

94 1746 202 1820 stoloe,
233 1747 259 1805 si
279 1747 400 1826 proprie
429 1744 467 1804 de
489 1744 643 1846 Apostolis
665 1746 787 1824 loqucn·
835 1762 963 1804 servare
993 1746 1103 1805 omnio
1133 1763 1347 1823 quaedamque
1376 1747 1535 1842 mundavi

94 1834 164 1894 dum
186 1834 240 1907 sit,
267 1840 387 1912 praeter
414 1831 444 1891 id
474 1830 591 1912 quod
577 1851 641 1909 Jam
664 1831 727 1892 dixi
750 1832 788 1892 de
835 1832 932 1892 vobis

92 1879 282 1999 septuaginta
319 1917 489 2020 discipulis,
528 1916 659 1978 ostendit
700 1919 788 1978 etiam
878 1917 1033 1998 Accipitur
1048 1924 1078 1976 et
1094 1937 1147 1997 pro
1167 1917 1244 1979 libro
1263 1920 1436 1980 continente
1448 1928 1536 1999 gesta

94 2006 168 2068 illud
190 2006 304 2086 Ephes.
328 2010 357 2066 4.
381 2007 457 2067 Et'
445 2025 511 2082 epse
534 2005 620 2064 dedit
635 2006 789 2083 quosdam
837 2003 948 2064 Christi
979 2003 1159 2079 Salvatoris,
1193 2027 1251 2086 quo
1281 2005 1369 2066 modo
1405 2014 1537 2086 quatuor

94 2094 221 2173 quidem
244 2093 422 2168 Apostolos,
446 2093 527 2152 alios
548 2110 622 2151 vero
637 2094 788 2168 Evvonye·
837 2110 903 2152 esse
923 2090 1061 2150 dicuntur
1074 2093 1247 2171 evangelia:
1270 2092 1325 2153 sod
1342 2112 1379 2153 ea
1398 2095 1535 2173 acceptio

94 2183 192 2255 listas,
208 2181 289 2239 alios
304 2187 412 2239 autem
424 2181 572 2240 Pastores
587 2185 617 2237 et
629 2182 787 2240 Doctores.
836 2184 965 2238 nonest
990 2177 1080 2256 hujus
1107 2178 1175 2239 loci.
1218 2181 1313 2240 Porro
1343 2179 1535 2260 evangelium

93 2268 232 2327 Attamen
262 2267 351 2326 etiam
383 2267 430 2326 70.
461 2265 623 2345 discipulos
653 2266 789 2344 generali
837 2265 896 2323 Dei
918 2262 1038 2337 dicitur,
1068 2273 1212 2345 tanquam
1240 2267 1393 2326 mittentis.
1437 2265 1537 2327 Sentit

94 2353 239 2416 vocabulo
263 2353 475 2432 Apostolorum
503 2354 665 2414 honoratos
688 2351 789 2425 laissa
838 2352 915 2412 enim
938 2369 971 2409 se
997 2353 1118 2411 missum
1142 2372 1160 2410 a
1182 2352 1249 2413 Deo
1278 2352 1445 2432 apostolum
1468 2373 1535 2413 cum

93 2442 200 2521 probat
219 2439 294 2501 illud
319 2446 334 2499 1
353 2438 420 2500 Cor.
440 2442 486 2500 15.
511 2440 636 2499 Deinde
652 2445 789 2516 Aposto·
838 2436 1012 2516 evangelio,
1035 2439 1110 2498 sicut
1131 2437 1247 2516 legatus
1270 2460 1289 2498 a
1310 2440 1444 2519 principe
1468 2459 1536 2500 oum

93 2529 132 2589 lis
155 2526 317 2602 omnibus,
346 2546 406 2606 qua
435 2533 523 2606 parte
548 2528 596 2585 70.
626 2525 789 2606 discipulos
837 2523 985 2584 mandatis
1006 2525 1081 2584 mitti
1105 2524 1221 2586 dicitur.
1267 2525 1412 2606 Intelligit
1434 2535 1536 2587 autem

94 2613 304 2693 comprehendi
326 2612 416 2672 valde
429 2612 587 2692 probabile
610 2620 670 2673 est:
692 2620 727 2672 ut
748 2613 789 2672 ibi
837 2609 937 2670 Deum
959 2609 1087 2685 Patrem,
1109 2620 1143 2672 ut
1165 2612 1293 2690 probant
1315 2615 1479 2693 sequentia.

93 2700 273 2761 docebimus.
318 2701 414 2759 Erant
435 2708 536 2758 autem
558 2708 715 2779 praeterea
737 2700 789 2780 qui
883 2701 910 2757 2.
934 2698 1025 2777 Quod
1047 2707 1121 2760 onte
1148 2702 1342 2774 promiserat
1368 2719 1429 2777 per
1453 2718 1536 2776 pro·

93 2788 271 2847 dicebantur
293 2785 422 2865 apostoli
445 2785 652 2861 ecclesiarum,
682 2785 713 2846 id
736 2795 789 2861 est,
835 2784 947 2860 phetas
962 2802 1034 2846 ιιιοι
1056 2788 1092 2848 ia
1113 2788 1278 2862 seripturis
1299 2790 1424 2847 scasas.
1447 2787 1537 2846 Facit

93 2874 185 2953 legati
208 2872 247 2933 ab
271 2872 404 2933 ecclesiis
419 2873 510 2946 missi,
535 2892 660 2952 quorum
679 2876 789 2933 mentio
838 2871 895 2932 boo
906 2869 945 2929 ad
957 2872 1106 2952 evangelii
1125 2873 1413 2935 commendationem
1424 2883 1455 2932 et
1466 2894 1535 2933 con·

95 2959 194 3023 Scor.
209 2965 237 3022 9.
259 2961 328 3040 Quo
341 2979 432 3019 sensu
443 2959 789 3042 EpaphroditusPhilip·
837 2957 1047 3033 firmationem,
1071 2957 1151 3040 quod
1169 2961 1234 3038 jam
1257 2960 1327 3020 olim
1348 2981 1367 3020 a
1389 2960 1457 3019 Deo
1480 2978 1537 3040 per

92 3049 229 3128 pensinm
240 3045 402 3149 Apostolus
418 3047 520 3106 vocari
534 3046 659 3106 videtur.
672 3046 788 3110 Phila
838 3044 1001 3125 prophetas
1035 3047 1073 3107 ah
1106 3048 1170 3128 ipso
1204 3048 1377 3126 inspiratos,
1411 3067 1535 3127 quorum

136 3136 356 3210 Seprepotas'
345 3152 381 3193 ιιι
403 3135 617 3208 Evonpelism
639 3136 710 3195 Det
754 3134 789 3193 ld
839 3131 959 3192 oracula
970 3131 1065 3193 literis
1078 3133 1253 3212 consignata
1264 3133 1445 3195 haberentur
1447 3155 1534 3214 ‚·pr0

92 3230 138 3282 ost
165 3222 358 3302 peculiariter
388 3220 525 3280 delectus
555 3219 594 3279 ad
616 3220 789 3302 praedican-
838 3219 959 3278 missum
981 3228 1077 3296 esset3
1099 3241 1138 3281 ne
1158 3219 1311 3280 videretur
1332 3241 1380 3281 res
1403 3239 1482 3280 nova
1506 3228 1537 3281 et

92 3307 163 3369 dum
178 3309 238 3367 Dei
253 3308 467 3410 Evangelium..
486 3306 667 3384 Delectusf
659 3329 788 3388 inquam,
839 3307 1047 3368 commentitia.
1103 3307 1275 3387 Scripturae
1310 3315 1433 3368 sanctae
1465 3295 1536 3365 κατ’

92 3416 111 3454 a
132 3397 243 3475 Spiritu
267 3404 387 3454 sancto:
417 3396 468 3475 qui
490 3415 667 3474 responsum
689 3395 789 3472 hujus·
839 3384 949 3471 ἐξοχὴν
973 3391 1111 3455 dicuntur
1140 3396 1304 3475 scripturae
1327 3394 1435 3454 divinit
1423 3395 1524 3453 ιίιιιιι

92 3481 172 3541 modi
187 3481 269 3541 dedit
284 3481 438 3541 Ecclesiae
453 3481 667 3554 Antiochense,
687 3482 787 3542 Actor.
838 3481 982 3561 epirotae,
1015 3481 1045 3541 id
1076 3490 1122 3542 est
1150 3479 1274 3542 verbum
1296 3483 1356 3542 Dei
1385 3483 1536 3561 scriptum,

93 3570 141 3628 13.
165 3570 331 3645 Scyrepote
345 3561 430 3648 {mibi
450 3569 585 3630 Saulem
606 3577 635 3629 et
655 3570 789 3631 Barno-
837 3587 897 3648 quo
919 3566 992 3626 nihil
1015 3569 1147 3629 sanctius
1170 3576 1224 3627 est
1265 3568 1302 3628 In
1323 3570 1370 3630 his
1392 3568 1537 3648 promisit,

92 3656 165 3715 bom
181 3658 216 3716 ιἰι
233 3674 312 3733 opas
327 3657 370 3715 od
387 3655 472 3732 quod
483 3660 639 3733 assumpsi
654 3675 712 3716 eos.
729 3657 788 3716 Ve·
838 3661 982 3735 quatenus
997 3655 1028 3714 in
1042 3655 1089 3714 his
1105 3656 1241 3734 scriptae,
1265 3664 1302 3729 et,
1324 3663 1358 3715 ut
1372 3654 1442 3728 dixi,
1465 3675 1535 3714 con·

90 3763 154 3803 rum
169 3742 303 3805 homines
320 3751 481 3822 segregant
494 3743 525 3801 in
541 3751 682 3821 tempore,
704 3744 788 3803 Deus
839 3741 974 3820 signatae
997 3749 1066 3802 sunt
1088 3742 1154 3818 ojus
1176 3742 1394 3821 promissiones.

90 3836 189 3889 autem
205 3829 243 3889 ab
267 3838 396 3889 aeterno.
431 3827 467 3887 ld
492 3827 570 3909 quod
584 3829 788 3908 Hieronymus
881 3829 930 3887 De
950 3827 1016 3903 filio
1037 3848 1103 3889 suo.
1133 3828 1274 3889 Refertur
1294 3829 1370 3890 haec
1393 3847 1463 3908 pare
1484 3828 1536 3888 vel

91 3917 270 3995 significavit
293 3916 378 3995 epist
406 3917 454 3977 15.
477 3914 515 3976 ad
538 3915 720 3987 Marcellam,
744 3916 787 3976 di·
838 3911 877 3972 ad
900 3915 1102 3990 evoapelium
1129 3918 1206 3986 Dei,
1234 3923 1267 3974 ut
1288 3915 1345 3975 hac
1367 3923 1453 3995 parte
1475 3915 1535 3994 sig-

91 4022 178 4075 cens,
211 4004 310 4063 Deum
333 4010 402 4062 ante
424 4002 665 4062 constitutionem
687 4002 790 4063 mundi
837 3999 971 4060 nificetur
1003 4002 1152 4082 evangelii
1182 4001 1320 4073 materia,
1355 4001 1436 4082 qnod
1469 4000 1537 4061 vult

91 4108 247 4169 separasse
261 4089 388 4148 Paulum
405 4089 435 4148 in
450 4088 639 4167 evangelium
661 4088 714 4149 filii
733 4090 787 4149 sui.
838 4083 1018 4163 cajetanus:
1048 4087 1096 4147 vel
1120 4087 1159 4147 ad
1180 4089 1305 4148 verbnm
1332 4091 1535 4165 promiserat.

91 4176 159 4256 Quo
182 4176 328 4255 pertinet,
359 4172 438 4255 quod
467 4183 586 4234 sanctus
614 4176 788 4236 Ambrosius
836 4172 915 4231 Nam
938 4173 1089 4235 Christum
1106 4172 1168 4234 Dei
1189 4174 1282 4235 filium
1297 4196 1316 4235 a
1329 4177 1419 4234 Patre
1441 4174 1536 4235 fnisse

91 4282 150 4321 non
162 4270 357 4341 segregatum,
375 4259 428 4322 sed
440 4261 693 4341 praedestinatum
704 4262 787 4343 legit,
837 4259 1029 4339 promissum,
1066 4263 1214 4322 universa
1253 4263 1324 4321 novi
1364 4262 1535 4321 testamenti

91 4349 187 4408 citans
210 4349 289 4408 hunc
311 4349 407 4408 locum
427 4347 492 4409 libr.
513 4347 552 4408 de
574 4348 787 4410 incarnationis
837 4347 984 4425 scriptura
1005 4346 1143 4428 loquitur.

92 4434 179 4494 Dom.
203 4445 398 4507 sacramento,
422 4456 445 4494 c.
471 4436 498 4493 6.
880 4434 909 4491 3.
935 4436 995 4513 Qut
1016 4436 1121 4512 sactus
1137 4442 1180 4495 est
1195 4438 1224 4494 ei
1239 4452 1278 4495 ee
1291 4437 1408 4495 semiue
1425 4435 1536 4494 Dauid

135 4522 349 4597 Euespelr'am
372 4521 498 4582 Graecis
525 4521 635 4581 bonnm
664 4522 787 4582 laetum·
836 4520 1010 4581 secundam
1025 4540 1163 4582 carnem.
1187 4522 1305 4582 Factus
1320 4521 1411 4580 Valla
1433 4521 1534 4599 potius

93 4627 152 4689 que
174 4610 312 4669 nuncium
335 4606 499 4688 significat:
523 4616 553 4667 ot
571 4616 731 4688 usurpator
745 4608 787 4668 in-
835 4605 1011 4668 vertendum
1026 4615 1119 4689 putat,
1142 4611 1275 4684 penitas.
1297 4607 1394 4688 quue
1410 4615 1533 4667 secutus

91 4694 209 4756 tardum
231 4696 320 4756 etiam
336 4693 418 4777 apud
431 4694 554 4756 Latinos
572 4715 627 4775 pro
642 4696 788 4770 mercede,
837 4701 884 4754 est
894 4693 1046 4757 Erasmus.
1061 4695 1104 4756 At
1114 4696 1210 4758 minus
1221 4695 1307 4756 bene.
1324 4693 1404 4756 Nam
1415 4693 1533 4756 Graece
