3254 5190
467 294 850 351 marotmmaouauos
868 295 952 348 rma
973 297 1012 347 n.
1038 297 1076 347 n.
1447 300 1492 369 ol

48 481 175 552 quuuurr
189 471 293 551 legem
308 473 463 551 scriptam,
479 490 558 550 quae
574 473 617 532 eis
632 492 693 532 nou
704 479 751 530 est
799 470 944 531 arbitrari.
960 471 1077 532 Sensus
1092 478 1150 533 est:
1170 479 1262 550 atque
1283 490 1321 530 ex
1341 470 1399 529 hoc
1414 470 1494 529 testi·

48 559 118 631 dats,
134 557 194 619 sed
211 577 303 618 suam
319 558 450 638 ipsorum
466 560 679 619 conscientiam
694 552 749 631 (in-
798 559 895 617 monio
911 559 1112 617 conscientiae
1126 558 1174 629 tit,
1190 568 1238 629 ut,
1259 556 1328 617 dum
1344 556 1425 616 faeta
1440 576 1495 615 sua

50 646 140 723 tellige
155 645 221 703 Dei
239 646 341 723 gratia
361 640 582 719 reformatam),
605 664 684 724 quae
706 645 749 703 eis
799 642 957 723 cogitando
970 643 1142 721 expendunt
1151 652 1182 704 et
1193 647 1270 704 iuter
1282 664 1315 704 se
1327 643 1493 716 conferunt,

50 732 167 791 eulaeo
184 731 278 810 legis,
289 738 394 810 utpote
404 732 569 794 testificans
582 739 614 790 et
624 730 748 802 dictans,
798 732 870 810 ipsis
896 733 958 790 suis
985 731 1214 808 cogitationibus
1239 731 1288 791 vel
1315 739 1494 790 accusentur

51 819 109 897 qnid
126 817 301 896 agendum,
315 816 388 896 qnid
410 816 592 897 fugiendum.
615 817 662 876 Ita
685 815 749 877 iere
799 825 918 896 proptor
932 817 1011 875 mala
1026 817 1114 889 faeta,
1129 819 1178 876 vel
1191 826 1374 877 excusentur
1385 816 1492 876 aclau-

53 902 257 964 Oeeumenius.
799 905 910 964 dentur
924 911 1047 982 propter
1063 905 1150 963 bona.

82 990 198 1050 Verum
228 991 304 1070 qnia
337 1009 408 1070 pars
433 991 509 1050 haec
530 991 748 1050 connexionem
840 989 1012 1050 Notandum
1026 988 1189 1071 plerosque
1204 988 1294 1060 illud,
1318 992 1493 1049 autetiam

10 1124 12 1133 .
53 1075 130 1136 bibet
144 1095 223 1135 cum
240 1078 400 1156 sequenti,
421 1096 504 1156 qnae
520 1096 580 1136 nou
595 1084 694 1157 potest
710 1074 747 1133 de
798 1075 1049 1154 defendentibus,
1067 1075 1228 1137 extendere
1243 1076 1283 1135 ad
1298 1078 1492 1154 cogitationes

54 1162 108 1222 solis
126 1164 228 1240 justis
254 1164 363 1241 accipi,
389 1163 509 1223 videtur
533 1164 600 1240 ipsa
625 1180 747 1244 quoquc
798 1163 977 1234 infidelium,
994 1182 1070 1241 quos
1086 1164 1201 1223 sedicet
1215 1162 1347 1222 defendit
1362 1164 1428 1222 sive
1444 1181 1492 1221 cx·

54 1249 203 1310 relereuds
227 1249 401 1328 adgentes
423 1251 454 1309 in
476 1269 600 1329 genere,
620 1249 748 1308 maxime
798 1257 884 1309 cusat
900 1248 1492 1328 aliquornmbonorumopernmasefac-

55 1355 119 1406 nm,
147 1346 184 1396 ut
209 1335 330 1395 dictum
357 1344 418 1408 est,
440 1355 604 1416 pronomen
629 1336 693 1394 illis
718 1335 748 1392 in
797 1345 893 1397 torum
915 1337 1104 1396 conscientia.
1128 1335 1190 1396 Sed
1213 1336 1398 1414 probabilius
1418 1346 1493 1414 puto

55 1422 157 1483 Gneco
169 1443 240 1482 non
255 1422 414 1483 habeatnr.
428 1423 526 1502 Igitur
540 1422 689 1482 ablativos
698 1420 748 1479 ab·

56 1510 137 1568 solute
159 1510 301 1590 positos,
324 1509 378 1588 qui
394 1508 518 1570 Graecis
533 1510 671 1587 genitivis
686 1526 747 1567 res·

56 1596 191 1675 pudent,
209 1594 395 1656 crediderim
411 1595 604 1676 exponendos
619 1596 747 1655 rationa-

56 1684 106 1743 liter
119 1684 181 1743 hac
198 1701 314 1743 seusu:
329 1682 441 1743 habeut
456 1684 534 1743 enim
549 1684 666 1742 omnino
677 1701 749 1760 gen-

57 1782 100 1843 tes,
113 1772 174 1830 etsi
190 1768 278 1849 legis
295 1778 445 1848 expertes,
462 1770 672 1829 conscientiam
688 1768 749 1827 fac·

57 1870 135 1916 nrum
151 1876 288 1917 suorum
304 1858 383 1916 iutns
399 1858 430 1916 in
445 1858 559 1929 anima,
583 1857 750 1935 quaeipsis

58 1944 251 2003 tetimonium
267 1945 379 2022 ingerit
393 1943 432 2002 de
443 1945 488 2016 iis,
513 1962 594 2021 quae
606 1943 682 2002 bene
697 1943 749 2002 vel

57 2031 115 2089 mle
139 2031 287 2092 feceriut
316 2029 405 2090 Unde
426 2038 645 2108 consequenter
667 2029 751 2089 addit

59 2116 232 2196 Apostolus:

89 2206 126 2264 Et
141 2207 235 2264 inter
250 2223 281 2262 se
293 2204 430 2262 inuicem
442 2203 684 2276 consationibus
695 2221 750 2262 ac·

59 2291 232 2350 somatibus
268 2295 327 2349 out
364 2292 460 2347 etiam
499 2288 750 2365 defendentibus.

60 2376 205 2438 tbhtivos
218 2377 352 2454 legimus
364 2395 401 2435 ex
414 2376 596 2435 correctione
607 2376 750 2447 Romana,

60 2482 111 2522 eum
129 2464 288 2524 hactenus
311 2462 486 2540 pervulgata
509 2461 645 2523 codicum
664 2463 750 2523 lectio

60 2549 149 2622 tuerit,
181 2552 419 2624 capitationem
446 2552 663 2609 accusantium
694 2555 751 2609 aut

62 2640 141 2696 niam
163 2636 416 2714 defendentium
435 2632 502 2713 (pro
524 2654 584 2713 quo
597 2655 751 2698 excusan-

61 2726 127 2783 tium
143 2722 223 2803 legit
235 2721 426 2800 Augustinus
438 2720 489 2781 lib.
499 2724 528 2781 2.
541 2721 578 2781 de
591 2742 675 2782 serm.
688 2725 750 2784 Do·

62 2811 116 2868 uini
131 2811 164 2869 iu
178 2816 285 2869 monte
301 2828 365 2886 cap.
383 2804 433 2880 9.),
453 2809 572 2867 retentis
585 2810 700 2870 scilicet
713 2829 751 2869 ex

61 2893 165 2956 Graeco
180 2895 328 2974 genitivis
342 2893 481 2953 absolute
503 2897 620 2972 positis,
645 2897 698 2976 qni
721 2898 751 2956 in

62 2981 197 3042 ablativm
211 2979 351 3041 mutandi
366 2990 464 3052 erant,
480 2983 556 3040 sient
576 2982 689 3042 factum
707 2990 752 3043 est

61 3067 177 3148 aparte
193 3065 412 3148 praecedeuti:
431 3070 659 3129 Testimonium
677 3071 751 3128 red-

61 3153 140 3215 dente
155 3156 364 3227 renidentis,
377 3155 436 3214 uisi
449 3153 528 3226 forte
536 3156 681 3235 interpres
696 3156 752 3215 hos

62 3244 201 3316 gnitivas
216 3242 285 3319 regi
300 3243 452 3320 putaverit
467 3261 486 3299 a
497 3242 689 3319 praecedeuti
700 3262 751 3301 no·

61 3328 126 3386 uiue
142 3329 363 3389 canscientia:
378 3325 498 3387 ideuim
510 3329 752 3404 conjiciuntnon·

61 3414 138 3489 uulli3
156 3414 215 3474 sed
231 3434 293 3473 uon
309 3420 354 3473 est
365 3412 529 3490 probabile.
542 3414 701 3476 Ablativos
711 3414 750 3474 le·

60 3510 123 3576 gunt
136 3502 350 3578 Hieronymus
364 3499 415 3559 lib.
433 3500 461 3558 5.
473 3500 584 3560 Erech.
599 3505 665 3577 rs,
680 3501 753 3562 Ruf-

62 3586 125 3646 inus
134 3590 166 3648 in
177 3587 373 3665 expositione
389 3586 519 3663 symboli
529 3586 568 3645 ud
578 3590 752 3649 articulum:

64 3673 133 3733 lade
157 3680 319 3733 usmarus
333 3680 379 3731 est
394 3673 541 3746 iudicare
549 3718 559 3747 ,
576 3683 607 3733 et
627 3677 657 3736 in
676 3694 752 3734 com·

62 3762 197 3820 mario
210 3758 372 3838 Origenis3
387 3760 575 3837 Augustinus
587 3761 638 3821 lib.
656 3763 705 3820 20.
715 3759 753 3820 de

63 3847 130 3906 tivit
146 3867 216 3926 cap.
233 3847 286 3906 26.
303 3854 337 3906 et
350 3853 565 3905 commentator
575 3847 670 3921 Amb,
686 3866 754 3906 nec·

62 3952 110 3994 rou
128 3931 375 3994 concordantiae
393 3940 513 3993 veteres
532 3952 592 3993 uno
616 3934 754 3994 etaltera

62 4016 124 4079 loeo.

95 4106 153 4166 Pro
173 4105 424 4181 munctionibus
446 4104 564 4167 Graece
587 4115 633 4166 est
655 4102 752 4181 λογισ-

63 4193 126 4267 μὸν,
140 4212 205 4273 quo
221 4190 376 4252 vocabulo
392 4192 596 4269 significantur
608 4214 667 4252 non
682 4214 755 4272 qua·

63 4276 218 4359 laeuoque
233 4278 451 4358 cogitationes,
467 4278 519 4338 sed
531 4298 610 4359 quae
623 4280 699 4338 fiunt
710 4300 754 4338 ra·

63 4365 222 4428 &manda
239 4386 276 4426 ac
293 4363 508 4443 disceptando;
531 4366 602 4425 dum
622 4366 755 4426 adhibito

62 4451 162 4526 judicio
176 4453 303 4513 rationis
318 4453 439 4511 animus
459 4454 609 4512 examinat
631 4453 755 4531 aliquid,

66 4546 91 4596 ot
102 4538 137 4600 de
147 4561 184 4602 eo
195 4540 375 4621 pronuntiat
386 4538 464 4597 sitne
476 4558 579 4597 verum
591 4559 629 4599 an
639 4538 756 4609 falsum,

65 4619 161 4688 bouum
175 4647 216 4688 sn
231 4625 357 4689 malum.
384 4623 550 4685 Dexivatur
566 4645 584 4683 a
599 4625 690 4686 verbo
707 4621 755 4683 la-

68 4705 207 4788 tuneo,
233 4711 321 4795 quod
350 4712 490 4791 sequenti
513 4713 612 4791 capite
634 4714 758 4791 exponit

798 1444 864 1484 cum
879 1421 1077 1496 Oecumenio,
1093 1442 1158 1482 eam
1172 1431 1287 1501 partem
1302 1430 1416 1481 tantum
1433 1442 1492 1481 res·

798 1512 898 1590 picere
924 1508 1034 1581 bonas,
1061 1509 1099 1568 de
1126 1509 1237 1588 quibus
1258 1509 1390 1568 dixerat:
1414 1510 1493 1570 Cum

799 1599 882 1657 enim
909 1602 1014 1669 pentes
1037 1605 1102 1667 etc,
1129 1593 1221 1675 idque
1237 1596 1366 1655 Paulum
1382 1596 1492 1673 signifi-

799 1702 866 1743 care
880 1681 1014 1742 voluisse
1030 1682 1133 1742 addita
1149 1682 1258 1741 vacula
1275 1686 1371 1741 etiam
1378 1728 1388 1758 ,
1413 1702 1449 1740 ac
1469 1684 1494 1741 si

799 1771 925 1829 diceret:
945 1769 1186 1845 capitationibus
1201 1771 1420 1830 accusantibus
1436 1777 1493 1827 aut

800 1860 895 1916 etiam
911 1851 1005 1935 (quod
1021 1856 1060 1915 ad
1080 1856 1174 1915 bonos
1191 1865 1221 1916 et
1243 1877 1293 1928 ca,
1317 1876 1396 1937 quae
1419 1855 1494 1935 legis

798 1952 883 2017 sunt,
916 1942 1061 2002 facientes
1091 1939 1209 2018 attinet)
1243 1943 1494 2019 defendentibus.

798 2032 877 2091 Nam
892 2038 971 2090 certe
994 2031 1050 2089 etsi
1071 2028 1235 2088 infidelium
1251 2030 1330 2089 bona
1345 2028 1494 2109 quaedam

799 2120 859 2178 sint
874 2137 972 2195 opera,
988 2117 1258 2175 remunerationem
1274 2126 1384 2190 tamen,
1396 2125 1430 2175 ut
1445 2136 1494 2174 su·

799 2204 947 2284 predixi,
968 2223 1028 2261 non
1044 2211 1115 2260 eunt
1132 2211 1290 2281 acceptura
1307 2206 1337 2262 in
1352 2203 1400 2262 die
1413 2202 1494 2280 judi-

799 2293 850 2364 cii,
873 2289 988 2368 dequo
1005 2297 1035 2348 et
1050 2296 1139 2347 antea
1158 2289 1277 2348 locutus
1294 2298 1353 2361 est,
1370 2298 1399 2348 et
1414 2308 1495 2348 nunc

800 2381 907 2438 iterum
923 2376 1063 2455 loquitur.

845 2465 894 2522 16.
906 2464 947 2522 In
965 2463 1015 2521 die
1027 2480 1098 2521 cuni
1105 2462 1263 2533 judicabit
1275 2463 1361 2522 Deus
1374 2463 1495 2522 occuito

799 2553 972 2611 bantinum.
995 2550 1070 2608 Pars
1093 2550 1149 2608 ista
1172 2568 1239 2606 cum
1260 2550 1396 2627 proxime
1411 2568 1494 2626 prae·

799 2637 925 2697 cedente
940 2636 1076 2695 connecti
1095 2642 1193 2712 potest
1212 2635 1267 2694 hoc
1281 2635 1390 2694 modo:
1414 2633 1496 2713 quod

799 2723 918 2802 quidem
930 2723 1132 2782 testimonium
1144 2723 1343 2781 conscientiae
1354 2741 1494 2781 accusan-

799 2813 836 2870 tis
853 2809 903 2871 vel
919 2811 1008 2869 etiam
1020 2807 1223 2877 defendentis,
1246 2811 1300 2868 etsi
1315 2810 1414 2867 valeat
1430 2807 1495 2887 pln-

799 2899 905 2958 rimum
928 2898 957 2956 in
979 2896 1036 2954 hoc
1058 2895 1195 2965 saeculo,
1218 2897 1380 2974 praecipue
1394 2904 1495 2954 tamen

800 2984 898 3044 locum
914 2982 1037 3043 habebit
1051 2983 1081 3041 in
1098 2981 1145 3041 die
1154 2982 1268 3061 judicii,
1282 3002 1342 3062 quo
1353 2983 1437 3040 Deus
1445 2983 1494 3059 ju·

800 3071 954 3130 dicaturus
974 3077 1019 3128 est
1037 3069 1074 3128 de
1089 3069 1176 3129 sactis
1191 3071 1321 3128 omnium
1337 3070 1495 3140 hominum,

800 3159 889 3217 etiam
911 3159 962 3229 iis,
988 3175 1067 3234 qnae
1092 3175 1172 3216 nunc
1193 3165 1265 3215 sunt
1287 3156 1495 3214 occultissima.

800 3244 858 3303 Vel
874 3249 909 3304 in
925 3244 975 3301 die
986 3243 1076 3319 juxta
1092 3241 1318 3319 Stapulcnsem,
1334 3243 1364 3302 id
1381 3250 1440 3313 est,
1464 3243 1494 3299 in

801 3330 880 3390 diem
891 3328 998 3408 judicii
1013 3327 1106 3386 divini
1119 3349 1126 3383 :
1142 3330 1219 3386 siout
1236 3330 1383 3408 superius,
1398 3330 1497 3387 indie

801 3420 877 3476 irae.
894 3417 972 3476 Nam
989 3414 1040 3472 illa
1054 3414 1264 3490 cogitationum
1280 3416 1429 3474 accusatio
1445 3414 1496 3473 vel

803 3504 955 3563 excusatio
979 3519 1057 3559 nnnc
1080 3499 1200 3577 quidem
1222 3502 1271 3573 fit,
1298 3501 1351 3561 sed
1373 3501 1499 3579 respicit

803 3590 882 3649 diem
898 3588 1043 3649 examinis
1058 3605 1094 3644 ac
1105 3586 1211 3663 judicii
1222 3588 1289 3646 Dei.

845 3674 991 3735 Nonnulli
1005 3680 1119 3752 partem
1135 3673 1227 3743 harre,
1243 3673 1326 3752 quod
1341 3675 1496 3735 incommo-

804 3762 841 3821 de
857 3781 923 3820 cum
939 3761 1082 3839 proximis
1099 3760 1266 3830 cohaereat,
1283 3760 1498 3821 annectendam

803 3855 911 3929 putant
925 3846 1070 3925 superiori
1093 3847 1184 3905 verbo
1209 3847 1395 3921 ostendunt,
1423 3869 1459 3907 ac
1474 3849 1499 3906 si

804 3955 883 3994 nunc
894 3943 1012 4013 tempus
1025 3933 1213 4009 exprimatur,
1229 3953 1289 4011 quo
1305 3935 1435 3993 ostensio
1448 3935 1500 3992 illa

803 4022 905 4081 futura
929 4026 980 4092 sit,
1008 4018 1045 4077 de
1068 4039 1128 4098 qua
1149 4019 1283 4078 dixerat:
1312 4022 1373 4096 (lui
1396 4029 1500 4081 asten·

805 4109 887 4167 dunt
900 4126 979 4182 apua
991 4108 1077 4180 lepus
1088 4111 1240 4181 scriptum
1254 4116 1309 4166 etc.
1330 4105 1418 4184 Quae
1431 4128 1498 4168 con·

804 4196 894 4254 nexio
910 4194 983 4253 mihi
1005 4213 1063 4250 non
1080 4193 1240 4271 probatur:
1256 4215 1324 4252 nam
1339 4195 1392 4253 illa
1404 4203 1500 4254 osten·

806 4282 848 4340 sio
872 4281 905 4338 fit
930 4300 985 4357 pm
1012 4299 1103 4356 opera
1125 4280 1187 4358 legi
1210 4290 1411 4340 consentanca
1432 4282 1502 4340 dum

806 4375 991 4426 exercentur.
1014 4365 1103 4425 Unde
1125 4386 1180 4425 nec
1203 4366 1312 4425 dictum
1336 4376 1381 4427 cst
1397 4376 1502 4427 osten·

807 4455 892 4526 slent,
910 4452 964 4512 sed
981 4453 1159 4512 ostendunt.
1175 4454 1273 4531 Magis
1289 4455 1405 4531 placet,
1422 4453 1503 4532 quod

808 4540 885 4598 alins
908 4539 1029 4618 quidam
1056 4539 1209 4613 admonet,
1229 4541 1415 4617 jungendam
1439 4561 1504 4601 esse

809 4646 875 4685 curu
891 4626 984 4686 verbo
997 4626 1280 4700 justificabuntur,
1304 4636 1335 4686 et
1349 4630 1504 4708 superiori·
1573 4630 1577 4635 “

808 4712 865 4775 bus
874 4713 1122 4788 judicabuntur,
1135 4714 1299 4789 peribunt,
1316 4735 1393 4795 quae
1408 4716 1506 4776 omnia

1243 4819 1299 4880 4*
