3254 5190
297 68 437 146 Paulae,
459 72 516 147 qni
531 78 601 130 erat
623 72 767 131 omnium
784 69 995 146 fortieetmnr3
1043 76 1079 125 ut
1094 86 1202 128 senene
1224 69 1278 128 eit:
1301 66 1412 127 Moneo
1435 86 1506 140 roe,
1530 72 1565 125 ut
1587 86 1622 146 q·

296 156 398 217 multo
413 158 514 233 mepte
536 174 595 217 nor
616 159 728 218 timere
745 162 878 233 oportet.
900 154 996 215 Porro
1043 152 1131 215 vobis
1160 154 1322 228 videmini,
1352 154 1470 234 lepeum
1498 173 1543 213 nr.
1612 154 1626 206 ι·

297 240 425 323 Auguet.
450 242 505 303 lib.
526 240 566 303 de
590 242 669 303 dono
694 262 846 323 persever.
874 260 941 321 cap.
966 242 994 301 8.
1043 241 1131 301 vobin
1147 239 1305 321 placentie,
1327 242 1413 319 quaei
1436 238 1527 301 valde
1547 258 1624 319 grav

297 327 396 389 lenum
410 328 490 391 hune
507 328 551 389 itu
564 328 656 411 legit:
679 332 741 409 (rai
762 330 892 391 videtur
912 334 996 389 etare
1044 330 1171 390 tationes
1183 328 1404 409 eupereveritie.
1426 326 1507 387 Nam
1517 326 1623 388 haute

298 424 353 476 ete.
369 436 430 476 non
445 414 549 476 addito
564 418 738 497 pronomine
752 416 828 491 etot,
845 414 926 497 quod
941 434 996 476 nee
1044 415 1111 475 dem
1136 436 1196 475 non
1222 418 1278 476 nini
1303 416 1450 486 humanu,
1476 412 1507 472 id
1534 420 1597 487 eet,

298 505 328 562 in
344 500 458 564 Graeco
475 514 530 563 eet.
553 504 615 565 Sed
638 503 668 563 id
688 512 769 564 reete
790 512 893 563 noster
906 504 995 563 inter·
1043 501 1201 563 medioorie
1217 525 1253 563 ae
1268 510 1411 582 superato
1427 498 1529 561 faoiiie
1544 510 1597 562 ten
1619 532 1620 536 ,

297 608 365 668 pree
396 596 428 649 et
456 589 509 651 alii
537 591 764 671 suppleverunt.
810 588 996 667 Intelligitnr
1045 592 1219 669 occupavit,
1245 591 1331 651 vobis
1347 587 1488 647 incubuit.
1520 586 1625 647 Nond

298 676 376 736 enim
399 694 438 735 ex
461 677 678 738 consuetudine
701 676 813 739 Graeci
835 676 995 751 remonis,
1043 678 1095 737 via
1109 678 1191 755 paeri
1207 678 1288 737 eatie.
1313 674 1403 756 Quod
1416 674 1482 733 aliie
1494 673 1599 735 verbis
1622 705 1624 724 ι

297 762 373 822 sieut
388 771 419 822 et
433 783 525 845 snpra
540 784 606 844 etp.
625 764 653 823 7.
687 764 723 825 Si
738 766 807 841 quir
823 770 951 839 turpem
966 780 996 821 ee
1046 764 1094 824 12.
1111 762 1200 822 dixit:
1224 764 1373 825 Nondum
1386 780 1483 837 neque
1499 762 1544 819 ad
1556 780 1593 821 ια
1624 797 1627 826 ,ι

296 848 399 909 videri
425 853 592 911 existimat.
629 848 725 923 Vide,
748 868 829 929 quae
854 848 918 910 illio
944 869 995 909 eu·
1043 852 1205 911 reetitirte'e.
1236 852 1334 929 igitur
1347 850 1439 907 tacito
1455 844 1623 907 Corinthio

296 943 409 995 notata.
1044 945 1102 1008 net,
1118 946 1151 996 ut
1166 954 1233 997 eeee
1248 942 1430 1016 praeparent
1444 936 1627 995 etmunian

342 1022 389 1081 1³.
420 1025 570 1085 Tentott'o
599 1041 655 1084 voe
680 1040 748 1085 non
774 1021 997 1099 apprehendat
1043 1042 1096 1082 sue
1115 1024 1270 1103 gravioree
1289 1023 1472 1084 tentationes
1487 1038 1622 1100 euperve

295 1110 358 1169 niti
375 1109 527 1171 hnmano.
564 1110 602 1170 In
624 1109 708 1169 librie
731 1106 996 1189 compluteneibue
1043 1109 1148 1189 nequi
1164 1110 1221 1170 eibi
1236 1111 1357 1188 placent
1380 1106 1417 1166 de
1442 1106 1608 1168 levioribus

296 1214 332 1254 ao
346 1196 451 1273 regiis,
474 1196 604 1275 eliieque
620 1196 772 1256 nonnullis
787 1203 849 1255 tam
864 1196 995 1255 vetustie
1043 1198 1096 1267 tie,
1112 1196 1302 1275 gravioribus
1317 1193 1522 1255 euceumbant.

296 1299 386 1361 quam
401 1282 638 1355 recentioribus,
653 1288 745 1361 etque
760 1282 793 1340 in
807 1279 922 1341 Mieeeli
935 1280 995 1340 Ro·
1086 1280 1257 1341 Humanum
1286 1289 1386 1341 eutem
1419 1300 1486 1340 eeee
1515 1278 1616 1340 Paulo

295 1385 401 1439 mano,
423 1366 532 1446 legitur
553 1368 781 1445 apprehendit,
813 1386 880 1427 enm
905 1367 997 1425 tertie
1042 1368 1228 1428 moderatum
1244 1388 1279 1427 ue
1295 1366 1386 1427 fenile
1402 1376 1457 1437 eat,
1479 1373 1619 1445 tanquan

295 1450 405 1511 voeeli.
440 1452 528 1533 Quae
552 1454 642 1515 lectio
664 1456 809 1516 eincerior
829 1462 884 1513 eet.
917 1452 996 1513 Nam
1043 1456 1090 1515 nie
1104 1453 1356 1516 accommodatum
1378 1453 1506 1525 viribus,
1531 1472 1601 1533 pro

296 1537 405 1599 Graeci
416 1538 538 1600 toditee
548 1539 660 1601 habent
670 1532 788 1617 εἴληφε
800 1542 891 1617 repit,
901 1538 995 1599 verbo
1042 1542 1128 1601 Rom.
1146 1543 1174 1600 6.
1202 1542 1391 1601 Humanum
1413 1540 1484 1599 dieo
1497 1557 1585 1616 prop
1607 1581 1611 1589 ι

294 1627 448 1705 praeteriti
459 1628 610 1707 temporie.
630 1624 830 1687 Consentiunt
842 1634 873 1686 et
885 1624 995 1687 Graeci
1042 1631 1186 1686 mitatem
1202 1631 1309 1687 earnt'e
1321 1634 1451 1686 vertrae.
1479 1628 1521 1686 Et
1533 1626 1605 1685 huie
1626 1657 1627 1671 ι

294 1718 485 1787 tractatores,
515 1722 545 1773 et
570 1714 671 1774 verrio
698 1712 836 1792 Syriaca
874 1711 936 1774 Sed
964 1719 995 1771 et
1042 1723 1091 1774 tur
1113 1714 1241 1773 tentatio
1262 1733 1352 1792 eupra
1377 1713 1542 1789 hominem
1569 1732 1590 1792 q

294 1796 377 1876 apud
399 1796 584 1879 cyprianum
605 1798 658 1860 lib.
675 1801 704 1859 3.
727 1802 838 1860 teetim.
860 1818 926 1878 erp.
943 1802 993 1859 91.
1042 1799 1141 1873 Pauli,
1156 1798 1194 1860 de
1210 1819 1270 1879 que
1285 1804 1305 1861 2
1320 1798 1388 1859 Cor.
1403 1804 1430 1859 1.
1447 1802 1621 1877 Quoniam,

294 1884 457 1963 proverbe
473 1886 702 1963 apprehendit,
729 1884 842 1967 legitur
856 1902 994 1960 oeeupo-
1042 1904 1141 1960 eupra
1167 1886 1297 1946 modum
1322 1890 1453 1961 pronati
1482 1904 1609 1959 eumue,

293 1974 349 2030 vit.
395 1971 516 2051 Legunt
553 1972 676 2053 quidem
712 1970 890 2034 exhortandi
926 1971 993 2032 eive
1042 1978 1200 2033 uirtutem.
1234 1972 1277 2032 Et
1301 1972 1350 2031 hie
1370 1971 1489 2052 quidem
1514 1989 1620 2032 eomrn

294 2055 418 2136 optandi
432 2057 537 2130 modo,
559 2060 797 2137 apprehendat,
822 2056 992 2119 Ambrosie·
1042 2059 1079 2121 de
1093 2060 1272 2133 tentatione,
1295 2078 1375 2139 quae
1397 2058 1432 2117 fit
1453 2056 1616 2131 amundo,

294 2150 356 2202 etet
373 2150 404 2203 et
416 2142 581 2205 Primaeiue
602 2148 633 2207 in
656 2144 893 2218 commentariis,
922 2146 992 2204 item
1041 2146 1110 2207 bilia
1126 2155 1180 2205 eet.

294 2229 423 2309 Auguet.
446 2228 498 2291 lib.
515 2232 544 2291 2.
560 2230 599 2291 de
621 2252 707 2293 eamn.
724 2232 814 2293 Dour.
837 2232 868 2291 in
889 2238 990 2291 monte
1084 2232 1265 2313 Quanquam
1280 2238 1361 2303 eunt,
1378 2232 1429 2311 qui
1443 2230 1571 2291 Panium
1586 2232 1627 2291 lo

292 2334 358 2396 oap.
368 2319 396 2378 9.
409 2322 439 2376 et
449 2325 538 2377 autor
549 2328 735 2397 quaeetvet.
749 2327 779 2378 et
789 2318 862 2379 novi
874 2326 990 2378 tertam.
1040 2327 1105 2379 tent
1120 2317 1158 2377 de
1182 2318 1363 2391 tentatione,
1386 2336 1465 2398 quae
1478 2336 1497 2377 a
1512 2337 1605 2379 earne

291 2410 407 2483 quaest.
424 2406 474 2465 99.
496 2403 610 2465 Verum
623 2405 818 2485 reprehendit
829 2413 859 2465 et
870 2404 992 2482 corrigit
1040 2414 1101 2479 eet,
1126 2425 1145 2463 o
1160 2405 1231 2485 gula
1245 2412 1381 2464 tentante
1402 2403 1442 2464 ed
1457 2402 1588 2465 idoloth
1616 2435 1618 2454 s

292 2508 359 2550 eum
388 2490 547 2552 lectionem
580 2490 735 2561 Seduliue,
768 2494 813 2551 ita
843 2490 989 2551 scribent:
1039 2490 1147 2553 denda.
1170 2490 1267 2570 Quem
1284 2510 1420 2563 aeneum,
1435 2499 1470 2549 ut
1485 2510 1627 2573 soop0p1

292 2576 385 2653 Quod
399 2579 546 2654 Apostoli
555 2580 771 2639 teetimonium
785 2596 854 2639 non
870 2576 989 2637 intelli·
1038 2579 1077 2637 tis
1094 2576 1247 2639 doctrinae
1262 2579 1450 2651 viciniorem,
1465 2578 1586 2639 minime
1625 2619 1627 2628 ·

292 2670 382 2698 unuh
412 2666 468 2698 naun'
869 2667 876 2680 ⁹
927 2668 934 2682 ‘
1571 2666 1579 2681 ‘

385 2682 398 2698 .
469 2665 542 2698 ,tm
585 2672 761 2698 ...mu-..me
784 2682 843 2698 ...Λ
863 2664 988 2698 metm-
1038 2664 1106 2698 ,tm
1135 2664 1260 2698 ...tte-1...
1305 2665 1381 2698 ΆΤ...
1414 2674 1444 2698 ..ι
1473 2672 1599 2698 eme-e..
