3254 5190
105 291 156 359 42
619 283 1027 339 oouumrmmsncarn

102 460 207 538 Pergit
228 460 258 518 in
274 459 460 538 objurgando
482 458 612 528 Judaee‚
635 460 705 519 binc
727 461 798 520 alie-
847 459 996 532 doctrina,
1022 460 1202 539 prophetae,
1229 461 1357 522 Manias
1383 460 1550 540 mommsen

102 566 177 624 gans
191 546 250 605 Dei
262 546 426 606 benitatem
438 565 499 624 qua
510 546 705 620 abutebatur3
728 545 799 607 inde
847 555 938 626 atque
955 546 1121 606 exhibitus:
1141 555 1204 605 tum
1219 553 1361 628 quanm
1376 547 1417 607 ad
1434 567 1548 621 omnes,

103 634 294 691 severitatem
309 651 479 711 proponens
490 632 598 710 judicii
613 632 713 703 divini,
737 652 798 711 que
847 633 983 693 inebria
997 632 1056 692 Dei
1079 634 1249 712 cognitione
1272 653 1313 693 ex
1332 634 1485 704 creaturis,
1509 631 1549 692 de

103 728 235 778 metuere
250 717 369 777 debeat.
393 718 430 777 In
440 718 498 777 hae
511 728 598 796 parte
613 717 725 795 duplex
737 720 797 778 He·
848 739 908 799 qna
935 740 998 798 cap.
1026 719 1235 797 praecedenti:
1258 721 1346 779 Deus
1369 723 1457 779 enim
1484 720 1550 779 illie

102 803 248 863 braismns
265 813 325 863 est:
349 804 425 864 alter
444 806 474 863 in
490 804 638 864 vembnlo
654 806 796 878 diuitiae,
846 807 1069 883 manifestabit
1075 828 1088 882 ‚-
1121 805 1251 886 deniqne
1276 805 1307 865 in
1329 805 1398 884 lege
1421 813 1551 865 naturae

104 891 360 971 quo-significatur
371 889 555 950 abundantia
567 900 597 948 et
608 891 797 969 magnitudo:
847 893 976 951 omnium
986 894 1093 953 anisnis
1105 894 1256 972 impressa,
1268 891 1308 952 de
1319 911 1380 972 qua
1391 900 1463 971 post
1472 911 1548 971 pau·

102 976 179 1037 alter
194 976 224 1036 in
238 977 348 1056 phrasi,
363 996 423 1057 qua
438 976 509 1036 dicit
523 978 653 1036 divitica
669 978 798 1036 bonite·
846 977 947 1037 lulum.
972 978 1084 1038 Verum
1098 986 1161 1038 teto
1173 978 1230 1038 hoc
1243 978 1411 1038 vocationis
1426 997 1550 1054 genere,

102 1065 142 1122 tis
155 1070 185 1122 et
203 1065 381 1139 patientiae
400 1071 430 1122 et
451 1064 718 1138 longanimitatis,
742 1085 796 1142 pre
847 1066 905 1124 niei
927 1065 1068 1144 specialis
1091 1079 1121 1123 et
1143 1065 1249 1125 efficax
1271 1062 1397 1123 accedat
1418 1066 1549 1138 vocatio,

101 1147 194 1208 divite
216 1150 279 1209 sive
301 1149 464 1209 abundanti
486 1149 628 1222 bonitate,
649 1151 797 1229 patientia
847 1151 1168 1223 hominembonum,
1191 1151 1280 1210 etiam
1302 1149 1342 1208 ad
1364 1152 1461 1228 magis
1477 1169 1548 1231 pec·

101 1244 132 1295 et
147 1235 380 1314 longanimitate.
846 1238 981 1297 candum.
997 1236 1100 1316 Quare
1111 1236 1186 1297 nihil
1197 1236 1336 1296 hiciocus
1347 1234 1476 1314 adjuvat
1487 1256 1548 1310 ees,

142 1323 209 1381 Vox
221 1320 337 1381 Graeca
348 1314 535 1399 χρηστότης,
548 1342 636 1400 quarn
650 1323 795 1401 interpres
846 1325 897 1403 qui
912 1323 1044 1382 sentiunt
1059 1323 1194 1382 omnibus
1210 1322 1376 1383 hominibus
1387 1325 1517 1400 gratiam
1529 1342 1547 1382 a

99 1407 274 1479 bonitatem,
304 1416 334 1467 et
361 1428 431 1467 mex
457 1407 674 1487 benignitatem
696 1410 795 1482 vertit
844 1411 911 1469 Deo
934 1408 998 1468 dari
1017 1409 1067 1468 vel
1093 1408 1195 1468 offerri
1216 1409 1420 1468 sufficientem.
1446 1409 1548 1488 Quam

99 1494 195 1574 Syrna
206 1493 393 1554 dnlcedinem
404 1503 500 1565 vocat,
516 1495 636 1573 proprie
647 1496 796 1572 significat
845 1497 1012 1575 opinionem
1035 1492 1156 1570 (utalia
1171 1490 1299 1569 taceam)
1322 1495 1413 1574 plane
1428 1495 1545 1555 destru-

99 1599 165 1640 eem
180 1583 330 1653 virtutem,
346 1600 407 1660 qua
422 1582 499 1661 quis,
523 1590 556 1639 ut
570 1580 716 1640 definiunt
729 1581 794 1660 phi·
843 1591 898 1642 unt
913 1602 958 1655 ea,
981 1602 1058 1661 quae
1074 1581 1188 1642 Paulus
1203 1582 1234 1640 in
1249 1581 1305 1640 hac
1328 1583 1395 1661 ipsa
1412 1580 1545 1662 epistola

99 1666 223 1747 losephi,
247 1666 375 1727 libenter
390 1687 425 1726 ac
440 1675 547 1745 sponte
570 1667 696 1727 alierum
715 1667 794 1727 utili·
844 1668 976 1747 disputat
991 1667 1029 1727 de
1044 1669 1175 1748 gratuita
1188 1666 1248 1726 Dei
1262 1667 1420 1729 electione.

99 1754 212 1814 tatilms
234 1755 390 1832 expositus
410 1764 461 1811 est
499 1753 578 1813 Nam
601 1753 641 1813 ab
663 1754 795 1813 utilitate
887 1758 915 1815 5.
939 1756 1121 1816 Secundum
1143 1761 1253 1813 aetem
1273 1753 1430 1815 donnum
1454 1762 1545 1814 tuem

98 1859 206 1900 nomen
217 1840 317 1900 habet.
329 1840 482 1899 Patientia
494 1840 553 1899 Dei
564 1841 593 1899 in
606 1859 643 1900 eo
656 1840 795 1918 estquod
843 1849 872 1900 et
883 1844 1094 1916 impoenitente
1106 1859 1170 1915 cer,
1183 1841 1377 1902 mercurium
1389 1840 1447 1899 tibi
1457 1844 1545 1899 iram

96 1926 190 1985 malos
206 1927 320 1998 tolerat,
337 1926 452 1987 Graece
469 1917 582 2003 ἀνοχὴ;
598 1928 717 1986 tametsi
731 1947 792 1986 me·
841 1928 943 1987 indie
965 1931 1034 1987 irae
1050 1936 1080 1988 et
1101 1928 1306 1987 revelationis
1323 1929 1405 2000 justi
1421 1927 1541 2001 judicii

98 2012 254 2090 taphorice
275 2014 343 2072 Dee
366 2013 485 2072 tributa
516 2013 740 2092 longanimitas
762 2014 793 2074 in
842 2016 911 2074 Dei.
935 2013 1093 2093 Quaedam
1109 2012 1227 2073 Graeca
1247 2014 1423 2091 particulam
1446 2032 1538 2092 copu-

98 2119 142 2171 ee,
154 2098 233 2178 qued
244 2117 371 2179 poenam
381 2100 412 2158 in
424 2098 546 2179 longum
553 2108 672 2178 tempus
685 2098 791 2159 differt.
842 2100 952 2160 lantem
975 2100 1107 2161 secunde
1129 2106 1282 2177 repetunt:
1304 2103 1342 2160 ia
1356 2100 1408 2161 dte
1422 2102 1495 2161 irae
1510 2107 1541 2159 et

96 2183 191 2245 Addit
205 2187 283 2246 enim
305 2184 419 2265 aliquid
437 2184 476 2244 ad
499 2187 681 2264 patientiam.
704 2186 791 2247 Haec
840 2187 1044 2246 revelationis
1065 2195 1094 2246 et
1115 2188 1195 2259 jteati
1216 2185 1333 2258 judicii
1354 2189 1426 2246 Dei
1454 2184 1538 2264 Que-

97 2279 195 2331 autem
203 2280 396 2333 contemnere
407 2271 532 2344 videtur,
544 2274 597 2351 qui
608 2273 644 2331 iis
656 2272 696 2332 ed
708 2292 791 2351 spem
839 2271 928 2332 mede
941 2272 1206 2352 Theophylactum
1217 2271 1329 2350 legisse
1338 2280 1465 2333 constat.
1477 2271 1536 2332 Le·

95 2359 278 2438 impunitatis
306 2368 337 2418 et
357 2361 500 2437 majorem
533 2357 679 2438 peccandi
701 2358 790 2419 licen·
839 2360 882 2438 git
897 2368 926 2417 et
941 2356 1148 2431 Oecumenius‚
1169 2359 1290 2418 tametsi
1304 2378 1424 2419 sensum
1439 2356 1541 2420 reddit

95 2445 167 2504 tiam
189 2444 327 2505 abutitur.
350 2446 459 2526 Itaque
480 2464 585 2505 sensus
608 2454 668 2504 est:
692 2448 748 2518 An,
771 2466 789 2506 o
838 2453 957 2506 nestrae
987 2445 1109 2505 lectioni
1137 2453 1379 2505 consentaneum.
1418 2445 1540 2509 Revera

95 2530 224 2603 ledaea,
248 2552 288 2592 ex
302 2551 411 2609 magna
427 2538 457 2591 et
472 2530 728 2610 superabundanti
738 2532 790 2591 be·
839 2551 968 2610 namque
989 2531 1121 2592 secundo
1144 2531 1210 2591 leco
1232 2530 1381 2595 redundat
1395 2549 1435 2593 aa
1446 2533 1538 2610 parti-

94 2618 241 2695 nignitate
261 2625 291 2678 et
313 2618 474 2695 longanimi
494 2619 640 2697 patientia
661 2617 722 2677 Dei
744 2638 790 2679 se
840 2618 915 2690 cula,
927 2618 1184 2679 acsensuiofficit
1205 2619 1425 2693 Taenariam,
1442 2617 1537 2679 Grae·

94 2705 251 2763 ceritatem
267 2713 297 2763 ot
315 2705 518 2783 impunitatem
540 2704 595 2764 tibi
616 2706 790 2783 promittens
839 2725 905 2763 cum
929 2713 975 2764 est
996 2698 1209 2781 θησαυρίζεις,
1233 2703 1264 2767 id
1280 2712 1326 2765 eat
1339 2703 1465 2783 colligis,
1487 2724 1536 2768 ac·

93 2809 250 2869 permanea
266 2791 296 2850 iu
311 2789 466 2869 peccatis?
839 2790 973 2852 cumules
984 2792 1077 2850 instar
1088 2791 1230 2853 thesauri.
1253 2791 1304 2851 Ira
1315 2811 1397 2853 mere
1409 2791 1535 2870 seriptu-

137 2879 274 2950 Ipaeres
297 2880 452 2953 quoniam
475 2878 654 2952 baetonitos
668 2880 730 2938 Dei
746 2877 790 2937 ed
837 2898 889 2938 raa
904 2898 1007 2937 rursus
1026 2897 1079 2958 pro
1102 2875 1237 2939 vindicta
1256 2877 1356 2956 posita
1378 2885 1433 2953 est
1455 2879 1537 2943 aient

91 2966 324 3038 poenitentiam
368 2972 399 3023 te
442 2964 596 3023 adducit?
641 2967 787 3040 Ignoras,
839 2984 905 3043 cap.
920 2963 1121 3043 praecedeuti.

94 3048 210 3109 Graece
227 3041 345 3125 ἀγνοῶν
364 3055 526 3125 ignorent.
549 3052 591 3110 Et
604 3051 647 3111 ita
661 3052 789 3111 vertisse
881 3050 1045 3111 demerito
1061 3049 1140 3111 ffiem
1150 3048 1258 3129 judicii
1269 3059 1356 3113 vocat
1368 3050 1449 3113 diem
1464 3053 1538 3126 irae,

93 3144 227 3195 nostrum
250 3138 444 3215 interpretem
460 3137 570 3198 docent
584 3137 704 3199 codices
719 3157 788 3197 mss.
838 3138 909 3216 quia
922 3147 992 3197 tnnc
1007 3137 1105 3217 impiis
1119 3136 1201 3196 nulla
1214 3136 1269 3196 erit
1284 3155 1354 3215 spes
1368 3139 1536 3201 misericer-

92 3222 286 3301 probatiores,
308 3223 512 3302 adstipulante
528 3226 618 3285 etiarn
635 3223 788 3305 Cypriane
838 3223 914 3296 diae,
930 3224 1006 3284 sicut
1021 3243 1098 3285 nunc
1114 3232 1159 3283 ast
1173 3220 1242 3282 dum
1255 3224 1370 3284 vivunt
1392 3224 1536 3289 Eundem

92 3308 123 3367 in
138 3309 187 3368 lib.
211 3308 250 3370 de
272 3311 422 3389 patientia.
445 3320 476 3370 et
498 3311 547 3370 lib.
566 3315 593 3373 3.
617 3313 726 3372 testim.
749 3308 789 3369 ad
837 3317 928 3371 vocat
954 3309 1033 3370 diem
1059 3311 1264 3371 revelationia
1292 3313 1373 3384 testi
1398 3311 1535 3389 judicii,

92 3394 210 3474 Quirin.
223 3417 247 3456 c.
263 3397 321 3465 35..
344 3396 475 3477 denique
491 3406 521 3457 et
534 3399 693 3459 Ambrosie
708 3418 788 3458 cem·
838 3396 955 3457 Graece
975 3391 1216 3472 δικαιοκρισίας,
1240 3395 1272 3471 id
1293 3404 1340 3459 est
1362 3397 1452 3472 diem,
1474 3419 1535 3479 qno

93 3490 279 3542 mentatum:
303 3487 421 3544 tametsi
437 3504 474 3543 ea
489 3486 621 3545 varietas
644 3506 704 3545 nou
727 3493 789 3543 tam
837 3483 937 3563 palam
952 3483 1141 3544 exercebitur
1158 3483 1272 3561 justum
1287 3484 1318 3545 in
1335 3503 1438 3547 omues
1455 3485 1536 3563 judi·

92 3569 122 3628 in
139 3588 229 3630 sonan
251 3570 409 3631 verborum
432 3580 485 3641 est,
508 3591 598 3652 quam
612 3573 644 3632 in
658 3590 787 3651 prenun-
837 3571 929 3629 cinm:
946 3568 1065 3649 quando
1080 3590 1141 3629 non
1155 3569 1251 3629 solnm
1265 3569 1537 3633 manifestabuntur

89 3656 220 3715 tiatione.
243 3660 442 3732 Bmipoites,
459 3657 576 3718 Graeca
590 3649 626 3715 τὸ
642 3650 787 3734 χρηστὸν,
837 3657 974 3717 omnibus
986 3657 1115 3716 omnium
1126 3657 1232 3716 merita
1247 3656 1327 3717 bena
1338 3656 1468 3731 etmala,
1483 3678 1536 3720 ve·

91 3740 272 3819 adjectivum
295 3743 561 3817 substantivatum,
589 3764 678 3824 quam
699 3743 788 3804 modo
837 3763 901 3802 rum
913 3744 1000 3803 etiam
1011 3741 1169 3802 manifeste
1181 3741 1329 3803 constabit
1338 3744 1457 3821 justum
1467 3763 1536 3807 ease

90 3819 288 3906 χρηστότητα
301 3828 384 3890 dixit.
400 3831 513 3890 Sensus
523 3830 612 3909 hujus
622 3832 714 3909 partis
726 3840 787 3890 est:
837 3829 896 3889 Dei
907 3828 1052 3906 judicium
1068 3831 1098 3888 in
1114 3848 1224 3889 omnen
1255 3831 1296 3889 In
1313 3829 1375 3904 die,
1398 3828 1430 3888 id
1445 3840 1491 3891 eat
1505 3834 1537 3895 in

91 3913 166 3974 Cum
183 3925 264 3976 certe
286 3919 425 3996 ignorare
446 3937 506 3977 neu
521 3917 632 3977 debeas
655 3918 788 3996 benigni-
837 3914 925 3989 diem,
940 3914 1186 3996 quemadmodum
1199 3935 1223 3974 e
1239 3915 1379 3995 praeced.
1394 3918 1431 3976 ta
1445 3919 1536 3979 eimi-

90 4011 182 4061 tatem
196 4003 257 4062 Dei
273 4013 303 4064 te
318 4002 427 4064 ducere
450 4000 507 4078 (sic
530 4004 608 4064 enim
624 4005 654 4064 in
670 4003 787 4064 Graeco
837 4004 985 4075 titudine,
1008 4005 1044 4061 in
1059 4002 1234 4065 mendacio.
1258 4002 1308 4063 Sic
1323 4002 1430 4065 Jacob.
1448 4005 1479 4065 ὂ.
1498 4009 1537 4066 in

92 4084 158 4163 est),
181 4088 213 4148 id
228 4097 273 4147 est
287 4091 415 4150 invitare
431 4099 462 4150 et
481 4110 647 4171 provocare
662 4089 701 4149 ad
715 4110 787 4170 poe·
837 4089 889 4148 die
912 4090 1085 4149 occisionis.
1109 4088 1222 4150 Sensus
1244 4087 1334 4165 hujus
1352 4090 1463 4168 pertis:
1486 4092 1537 4155 Tn

91 4176 253 4234 nitentiam.
836 4194 909 4234 vero
921 4197 976 4255 pre
988 4174 1097 4234 duritia
1108 4183 1159 4233 tua
1170 4183 1200 4232 et
1211 4173 1301 4235 eorde
1313 4176 1537 4253 impoenitente,

132 4260 306 4322 Notandum
314 4261 506 4341 benignitate,
514 4264 658 4341 patientia
667 4271 697 4322 et
703 4263 787 4342 leng-
836 4260 868 4320 id
884 4271 931 4322 est
944 4282 1000 4342 per
1014 4260 1070 4319 hec
1089 4260 1169 4341 quod
1183 4263 1243 4321 Dei
1267 4259 1401 4323 bonitate
1414 4269 1445 4323 te
1460 4263 1535 4324 invi·

88 4348 243 4408 animitate
264 4347 326 4408 Dei
347 4352 451 4410 vocari
474 4358 645 4429 peccateres
662 4349 701 4409 ad
715 4369 786 4428 poe·
836 4355 918 4408 tante
934 4370 994 4408 nen
1017 4347 1155 4408 emolliris
1177 4347 1217 4407 ad
1232 4348 1454 4428 poenitentiam,
1477 4351 1532 4411 aed

91 4433 255 4508 nitentiam,
271 4433 325 4494 sed
341 4438 490 4496 communi
506 4446 533 4496 et
550 4436 684 4514 generali
699 4456 787 4497 voca·
835 4437 931 4514 magis
954 4434 1126 4499 obduresois
1148 4435 1179 4497 in
1193 4436 1340 4517 peecatis3
1363 4437 1536 4500 accumulas

89 4521 179 4578 tionis
194 4520 292 4592 modo,
315 4523 366 4599 qui
382 4523 519 4584 censistit
533 4530 595 4583 turn
610 4523 640 4582 iu
656 4524 786 4583 externis
836 4522 890 4581 tibi
905 4521 1054 4601 quendam
1076 4541 1241 4600 poenarum
1263 4522 1436 4583 thesaurum
1453 4523 1536 4605 apud

89 4605 251 4679 beneficiis,
274 4626 352 4687 quae
371 4609 499 4687 plurima
513 4609 655 4689 praestita
668 4609 787 4670 fuerant
832 4609 978 4686 justitiam
993 4608 1062 4680 Det
1077 4608 1108 4668 in
1123 4615 1241 4689 tempus
1256 4608 1330 4671 illud
1345 4608 1489 4673 terribilia
1499 4630 1536 4671 ac

88 4692 200 4779 populo
219 4693 359 4772 Judaiee,
381 4702 415 4756 ut
435 4696 512 4758 haee
531 4695 703 4783 praecipua,
725 4696 787 4773 lex,
835 4693 987 4759 mmifesti
1001 4696 1066 4778 ejus
1082 4692 1197 4781 judicii,
1219 4714 1279 4779 quo
1301 4694 1460 4763 wamba
1479 4696 1535 4769 ille
