3254 5190
464 269 626 324 accretas
644 270 685 324 ro
703 270 855 325 aecanos.
888 272 972 324 aras.
994 273 1101 326 ro-rs.
1453 280 1499 346 63

62 454 143 520 arnt,
173 447 433 527 interpretandam
460 445 570 537 docere
596 446 756 508 seeundum
805 448 937 528 vulgatis
952 448 1228 508 codicibusLatinis
1237 448 1390 509 extiterint
1398 466 1501 509 omnes

61 532 136 591 illum
151 551 299 592 canonem
316 535 539 613 seripturarum,
566 554 624 615 quo
640 535 757 614 signum
805 535 962 607 acolaco,
986 535 1100 594 seilicet
1115 537 1144 594 in
1161 536 1241 594 Psal.
1262 536 1308 594 13.
1326 536 1414 595 etiam
1431 543 1501 594 ante

61 619 223 679 mirenale
239 640 301 679 non
317 619 358 679 sd
373 629 481 693 totum,
505 619 558 680 sed
579 620 618 680 ad
639 628 756 700 partem
804 621 983 700 Hieronymi
998 630 1028 681 et
1050 621 1211 700 Augustini
1233 631 1382 700 tempora:
1406 622 1500 681 seien-

63 708 213 765 muimam
224 705 417 766 referendum
433 709 479 780 sit,
488 706 614 766 velutin
626 728 662 767 eo
675 705 756 788 quod
804 707 873 767 dum
889 717 988 767 tamen
1004 717 1057 779 est,
1072 727 1170 786 neque
1185 711 1214 768 in
1231 708 1388 780 Hebraeo,
1404 727 1502 787 neque

63 791 220 872 Apostolus
244 792 332 852 dicit:
359 794 474 855 Omnes
499 812 581 870 quoe
603 812 661 853 sua
682 800 756 853 sunt
804 795 884 873 apud
899 795 997 855 LXX.
1014 796 1193 873 interpretes
1209 797 1240 854 in
1255 815 1290 854 eo
1304 795 1385 855 Psal.
1397 814 1499 855 omnes

63 886 223 956 moment.
239 878 372 959 Philipp.
389 885 418 940 2.
445 880 496 941 Sic
511 881 591 939 enim
607 889 709 940 censet
724 881 754 938 in
803 881 915 940 haberi.
932 881 1022 959 Quod
1038 888 1068 939 et
1083 881 1192 941 diserte
1206 889 1332 942 testatur
1347 883 1498 960 Hierony·

63 965 148 1044 Epist
168 966 260 1038 ua,
276 984 353 1045 quae
377 975 424 1025 est
446 965 483 1026 de
497 965 561 1025 filio
573 966 700 1046 prodigo
716 965 754 1024 sd
802 986 868 1027 mus
885 970 914 1026 in
929 967 1054 1045 praefat.
1071 967 1120 1026 lib.
1140 971 1188 1029 16.
1204 987 1324 1027 snorum
1340 976 1494 1027 comment.

63 1051 218 1110 Damnum
232 1051 366 1131 Papam,
393 1062 425 1111 et
448 1052 479 1111 in
495 1062 649 1113 comment.
666 1053 752 1132 epist.
803 1053 832 1111 in
845 1054 963 1125 isaiam,
975 1053 1177 1132 adstipulante
1190 1055 1277 1113 etiam
1286 1055 1498 1114 commentario

62 1136 93 1195 ad
106 1137 182 1217 Epir
208 1137 267 1196 sub
289 1138 380 1197 finem
404 1140 508 1218 capitis
532 1141 626 1218 primi.
653 1137 753 1217 Quam
802 1139 997 1213 Psalmorum,
1012 1141 1062 1220 qui
1074 1140 1253 1220 Hieronymi
1268 1141 1384 1201 titulum
1400 1141 1499 1201 habet.

61 1223 232 1302 Hieronymi
240 1226 516 1304 interpretationem
525 1226 613 1286 etiam
627 1226 677 1285 alii
688 1227 752 1304 qui·
802 1228 844 1284 At
858 1246 955 1304 neque
971 1225 1126 1286 Chaldaea
1136 1228 1328 1306 paraphrasis
1339 1229 1371 1286 in
1382 1247 1418 1286 eo
1432 1226 1498 1287 loeo

61 1308 118 1368 dam
133 1319 325 1391 sequuntur..
802 1315 944 1391 agnoscit
966 1312 1059 1373 Addit
1075 1315 1140 1392 ipse
1155 1314 1372 1392 Hieronymus,
1397 1332 1499 1375 omnes

95 1397 168 1456 llibi
184 1406 290 1456 tamen
301 1397 429 1458 Paulino
441 1400 551 1471 sensui,
562 1407 655 1478 atque
665 1399 753 1458 etiam
802 1398 946 1460 Graecias
962 1408 1147 1472 tractatores,
1164 1402 1261 1478 quiin
1283 1400 1420 1460 Psalmos
1436 1400 1499 1460 edi·

59 1483 217 1556 Daridieo,
242 1486 465 1545 convenientius
479 1485 615 1559 videtur,
642 1493 675 1544 ut
690 1485 752 1545 uni·
803 1484 872 1546 dere
888 1488 1123 1557 commentarios,
1152 1487 1280 1565 idipsum
1296 1486 1412 1565 liquido
1429 1508 1497 1547 eon·

58 1570 209 1630 sersaliter
219 1573 377 1652 utriusque
392 1567 486 1631 uerba
500 1572 700 1651 accipiantur,
717 1591 752 1632 eo
801 1572 885 1645 fiteri,
901 1572 1035 1652 dicitque
1048 1592 1106 1643 eos,
1123 1575 1175 1652 qni
1190 1582 1284 1634 artem
1298 1572 1498 1634 contexenda*

59 1656 138 1718 modo
154 1676 218 1737 qno
235 1658 309 1718 dixi.
333 1659 411 1718 Nam
434 1658 472 1717 de
485 1659 583 1718 Paulo
596 1660 665 1718 satis
682 1666 752 1738 puto
801 1679 865 1717 rum
881 1660 958 1720 inter
981 1680 1013 1719 se
1034 1661 1246 1738 seripturarum
1265 1660 1405 1741 Apostoli
1430 1680 1497 1720 nes·

59 1753 199 1805 constare.
216 1744 279 1804 Sed
293 1754 325 1804 et
337 1744 465 1805 Daridis
474 1767 534 1805 non
549 1747 638 1805 aliam
649 1747 680 1805 in
692 1746 753 1804 suis
802 1745 925 1816 ciebant
942 1767 1009 1807 oum
1022 1756 1202 1827 quaererent
1213 1757 1314 1826 aptum
1326 1748 1431 1822 locum,
1449 1748 1500 1809 ubi

57 1831 147 1891 verbis
159 1832 291 1891 arbitror
303 1834 561 1906 essesententiam,
578 1851 752 1913 quamquae
801 1842 983 1913 assumptum
1000 1834 1037 1893 ab
1061 1854 1095 1893 eo
1118 1846 1264 1913 ponerent
1286 1836 1499 1909 testimonium,

33 1954 37 1965 ·
57 1918 104 1978 init
119 1919 222 1978 Isaiae
237 1919 403 1998 propbetas
415 1921 444 1978 in
459 1920 542 1979 hisee
551 1919 752 1979 consimilibus
801 1919 1498 2003 quodabsqueauctoritatescripturaepositum

57 2025 113 2085 cap.
130 2006 182 2064 53.
201 2007 320 2066 Omnes
339 2024 398 2066 nos
419 2009 509 2082 quusi
533 2025 605 2066 oves
628 2008 752 2065 erraui-
801 2026 860 2065 non
876 2009 1040 2086 putabant,
1064 2007 1250 2068 transtulisse
1272 2011 1302 2068 in
1323 2029 1390 2070 enm
1412 2009 1499 2069 Psal-

56 2111 134 2152 arus:
156 2096 381 2169 unusquisque
396 2095 432 2152 in
447 2096 532 2153 uiam
549 2112 637 2152 mom
655 2093 751 2150 decli·
800 2113 889 2167 mum,
908 2096 937 2153 in
953 2115 1014 2173 quo
1029 2105 1205 2173 repererunt
1216 2096 1310 2174 prima
1321 2096 1424 2155 verba.
1438 2097 1498 2155 Fu·

57 2184 148 2239 novit
173 2180 267 2259 Quae
288 2179 381 2239 verba
403 2199 488 2239 nemo
504 2179 679 2257 Theologus
703 2198 750 2237 ne·
801 2199 850 2238 ere
866 2179 986 2261 quidem
998 2181 1144 2253 nonnulli,
1156 2183 1208 2260 qui
1217 2201 1320 2241 versus
1333 2182 1412 2256 illos,
1424 2200 1499 2263 quos

55 2267 165 2344 gaverit
180 2265 222 2325 ad
238 2285 343 2326 omnes
359 2267 476 2325 omnino
492 2268 658 2346 pertinere,
675 2285 751 2344 quos
800 2266 858 2324 alio
885 2268 1000 2345 relegat
1033 2269 1254 2346 Hieronymus,
1285 2268 1499 2329 contenderent

56 2350 277 2432 comprehendit
293 2351 332 2424 id,
359 2350 438 2431 quod
453 2354 587 2431 proxime
602 2354 750 2430 sequitur:
800 2352 953 2412 Hebraico
969 2355 1064 2413 textui
1081 2355 1111 2413 in
1127 2354 1248 2414 Psalmo
1264 2363 1425 2416 memorato
1446 2356 1496 2415 de-

57 2440 223 2515 seposuit
246 2439 409 2498 Dominus
430 2441 466 2497 in
488 2459 523 2500 eo
549 2441 751 2515 iniquitatem
800 2448 909 2499 tractos
925 2460 1008 2513 esse,
1035 2449 1064 2499 et
1079 2442 1199 2499 restitui
1214 2440 1335 2515 debere,
1352 2442 1444 2520 idque
1460 2463 1498 2503 ex

57 2529 196 2585 manium
217 2531 374 2585 nonnum.
397 2523 480 2584 Alibi
500 2546 620 2606 quoque
642 2525 750 2584 Hiero·
801 2526 932 2604 quodam
948 2527 1107 2597 Hebraico,
1126 2526 1206 2606 quod
1221 2526 1361 2606 allegant,
1378 2527 1498 2588 Psalte-

56 2631 156 2690 aymus
171 2611 233 2670 hoe
247 2612 411 2671 universali
426 2631 513 2671 sensu
527 2632 646 2672 versum
658 2612 751 2672 Davi·
800 2613 844 2671 rio
870 2614 1059 2690 Anglicanae
1086 2613 1238 2674 ecelesiae.
1262 2613 1323 2674 Sed
1345 2635 1397 2675 ees
1420 2615 1498 2675 bene

57 2697 145 2758 dicum
161 2700 292 2777 accipit,
319 2706 354 2757 ut
375 2699 406 2757 in
429 2699 639 2758 commentario
663 2719 753 2778 super
802 2708 833 2757 et
847 2699 942 2759 solide
957 2700 1067 2760 refellit
1083 2701 1129 2759 vir
1144 2699 1332 2760 doctissimus
1344 2702 1380 2760 F.
1396 2701 1498 2763 Lucas

56 2784 147 2846 baiae
163 2785 216 2844 52.
235 2785 277 2844 ita
293 2784 442 2844 scribens:
466 2786 656 2862 Opportune
671 2793 751 2845 tem·
801 2787 864 2845 suis
878 2789 909 2845 in
925 2806 1010 2846 saera
1027 2786 1119 2845 biblia
1135 2788 1350 2861 notationibus3
1366 2786 1405 2847 ad
1421 2807 1497 2868 quas

54 2891 126 2947 pore
138 2889 205 2946 pro
221 2874 344 2930 cunctis
358 2875 545 2946 sanquinem
555 2872 654 2949 fudit,
668 2870 751 2932 Chri·
802 2871 940 2931 lectorem
955 2875 1080 2933 remitto.

56 2967 119 3026 stus,
132 2957 645 3034 quandomnnesdeelinnocrant,
658 2959 751 3018 amul
845 2959 916 3018 Jam
943 2980 980 3019 ex
1002 2960 1109 3039 quibus
1133 2958 1207 3019 loeis
1229 2960 1355 3021 collecta
1371 2962 1409 3020 sit
1423 2960 1499 3022 haee

55 3045 180 3104 inutiles
194 3045 279 3120 fecti
294 3052 405 3104 erent:
427 3064 494 3105 non
510 3052 579 3103 eret
595 3049 649 3121 qui
663 3047 751 3122 face·
802 3047 1036 3105 testimoniorum
1067 3048 1236 3124 congeries,
1270 3047 1375 3107 codem
1401 3046 1499 3107 indice

55 3141 96 3191 ret
110 3131 250 3204 bonum,
272 3149 341 3190 non
369 3140 549 3208 eretusque
572 3133 615 3190 ed
629 3151 751 3191 unum:
800 3132 987 3210 Hieronymo
1010 3134 1112 3211 paneis
1135 3134 1244 3211 accipe.
1273 3133 1366 3193 Primi
1392 3152 1498 3194 versus

55 3227 87 3277 ut
97 3235 161 3293 pro
178 3216 327 3276 omnibus
341 3225 480 3292 pustoret
495 3226 647 3293 mortem,
674 3221 751 3293 quia
801 3237 897 3296 usque
913 3218 952 3277 ad
968 3217 1056 3277 illud:
1082 3220 1270 3293 Sepulcrum
1282 3228 1416 3296 patens,
1445 3219 1494 3280 de·

55 3323 156 3365 omnes
169 3312 404 3381 peecaverunt,
429 3313 457 3365 et
479 3305 666 3379 indipebant
681 3305 750 3379 plo·
801 3306 930 3384 prompti
947 3312 1017 3363 sunt
1033 3324 1070 3364 ex
1085 3304 1165 3363 Psal.
1185 3308 1232 3365 13.
1247 3307 1311 3382 jam
1328 3306 1424 3379 dieto,
1440 3307 1495 3385 qui

56 3395 101 3449 riu
116 3393 188 3451 Dei.
206 3390 292 3450 Haec
307 3388 357 3450 ibi.
800 3391 948 3451 Hebraeis
965 3399 1010 3449 est
1032 3393 1079 3449 14.
1100 3389 1141 3447 At
1162 3410 1267 3451 versus
1289 3392 1359 3452 ille.-
1384 3395 1499 3469 Sepul-

91 3475 152 3538 Sed
168 3484 297 3555 quaeret
307 3476 422 3557 aliquis,
438 3477 584 3558 quomodo
599 3477 638 3536 ad
649 3495 750 3537 omnes
801 3497 888 3537 crum
903 3485 1018 3553 patens
1034 3484 1076 3536 est
1091 3483 1202 3550 quater
1224 3495 1350 3553 cocunt,
1380 3483 1499 3555 linquis

55 3571 82 3622 et
91 3561 229 3642 singulos
236 3564 407 3642 pertineant
415 3584 493 3643 qnae
501 3572 664 3644 sequuntur
672 3563 752 3642 apud
801 3568 865 3623 suis
880 3565 985 3623 dolose
1002 3564 1150 3638 repebant,
1163 3572 1297 3642 sumptus
1311 3574 1404 3627 estex
1418 3566 1498 3626 Psal.

54 3647 197 3709 Paulum:
223 3650 433 3725 Sepulchrum
446 3659 561 3727 patens
583 3657 626 3710 est
640 3658 752 3725 puttur
802 3654 830 3711 5.
841 3649 930 3728 Quod
938 3652 1088 3729 sequitur:
1108 3651 1273 3709 Venenum
1286 3653 1498 3727 aspidumsnb

57 3755 162 3796 eorum
177 3744 244 3809 etc,
258 3755 355 3815 usque
369 3735 508 3796 adfinem
524 3739 606 3797 citati
621 3738 750 3797 testimo·
802 3737 894 3796 labiis
916 3754 1043 3809 eorum,
1067 3737 1241 3813 decerptum
1265 3747 1310 3796 est
1332 3757 1370 3797 ex
1385 3739 1497 3800 Pselm.

55 3824 101 3882 nii
122 3821 308 3901 Respondeo
323 3823 450 3883 Paulum
462 3844 521 3883 non
533 3825 653 3894 sentire,
670 3823 751 3902 qnod
804 3827 872 3884 139.
890 3845 950 3883 non
967 3831 1080 3896 autem,
1106 3830 1140 3881 ut
1154 3823 1220 3880 vult
1235 3834 1322 3882 autor
1337 3824 1388 3884 ille
1403 3827 1497 3885 incer·

55 3909 83 3969 in
98 3907 236 3969 omnibus
252 3917 281 3968 et
296 3909 421 3988 singulis
435 3909 546 3970 luerint
569 3911 666 3969 omnia
677 3911 751 3970 vitia
801 3919 850 3968 tus
866 3912 1143 3969 commentariorum
1160 3909 1191 3968 in
1202 3909 1348 3982 Psalmos,
1365 3931 1404 3970 ex
1415 3912 1496 3972 Deu·

56 4015 130 4075 qnae
143 3995 195 4055 bie
208 4004 376 4069 enumerat,
403 3995 457 4057 sed
480 3997 541 4055 alia
556 3998 585 4056 in
603 3996 683 4071 aliis3
709 3998 751 4054 ita
800 3997 972 4056 teronomio.
996 3996 1074 4056 Nam
1091 3998 1120 4055 in
1136 4016 1170 4056 eo
1185 3996 1261 4056 libro
1277 4017 1336 4057 non
1352 3998 1409 4059 hoc
1424 3998 1496 4076 legi·

56 4091 150 4142 tamen
163 4089 198 4141 ut
208 4101 312 4142 omnes
324 4084 355 4142 in
366 4084 439 4143 vitio
453 4093 484 4142 et
495 4094 618 4162 peccato
631 4081 751 4153 fuerint,
800 4091 863 4154 tur,
891 4082 943 4141 sed
967 4102 1125 4142 venenum
1141 4082 1289 4158 aspidum
1306 4085 1496 4161 insanabile,

56 4187 152 4229 omnes
167 4168 402 4244 declinaverint,
429 4179 459 4228 et
481 4169 521 4230 ad
541 4170 652 4229 bonum
678 4170 751 4228 iacti
801 4190 865 4248 cap.
882 4170 932 4228 32.
948 4170 977 4228 in
994 4172 1109 4230 cantico
1124 4170 1226 4229 ltlosis.
1239 4168 1329 4247 Quod
1342 4174 1440 4230 statim
1453 4192 1497 4232 se—

56 4257 110 4315 sirit
126 4255 262 4316 inutiles:
289 4254 422 4335 denique
444 4258 521 4316 inter
536 4275 638 4315 onmes
649 4256 750 4316 nullus
801 4257 913 4335 quitur:
931 4258 1073 4333 (luorum
1086 4275 1120 4317 os
1132 4256 1355 4316 maledictione
1367 4265 1496 4318 elama-

57 4343 91 4401 n't
99 4342 214 4420 justus,
236 4341 340 4402 nullus
363 4342 550 4422 intelligens,
577 4342 677 4402 nullus
700 4344 751 4421 qni
799 4343 941 4402 ritudine
953 4344 1086 4417 plenum
1104 4352 1162 4418 cst,
1180 4343 1306 4402 hebetur
1322 4346 1351 4403 in
1363 4343 1444 4404 Psal.
1458 4349 1496 4418 9.,

55 4428 147 4489 Deum
159 4438 285 4510 quaerat
298 4428 351 4489 snt
362 4430 470 4504 timeat,
487 4438 537 4489 aut
549 4428 629 4509 quod
639 4429 749 4489 bonum
800 4431 851 4509 qui
865 4429 1015 4490 Hebraeis
1032 4438 1077 4489 est
1094 4431 1140 4489 10.
1157 4431 1249 4489 Porro
1265 4429 1356 4490 verbe
1372 4451 1497 4510 sequen·

56 4517 214 4577 cattam:
230 4515 749 4577 sensunimirnmanteedeelarato.
800 4518 857 4575 tia:
887 4517 1013 4576 Veloces
1032 4517 1128 4592 pedes
1143 4535 1253 4576 eorum
1269 4525 1300 4577 et
1315 4525 1434 4578 caetera
1449 4538 1496 4577 us·

94 4601 253 4665 Oseoerum
280 4602 364 4683 quod
390 4602 429 4663 ad
454 4605 616 4684 scripturas
641 4603 691 4663 hie
711 4601 749 4661 ab
800 4622 860 4682 que
876 4601 915 4661 ad
932 4601 1025 4662 illud:
1050 4605 1124 4663 Non
1149 4611 1192 4664 est
1207 4607 1320 4677 timor,
1338 4603 1497 4684 desumpta

59 4689 199 4770 mencio
212 4692 324 4751 citatas
339 4691 460 4764 suiset,
481 4692 537 4751 etsi
546 4691 613 4768 jam
635 4688 704 4749 olim
719 4690 751 4749 in
799 4696 868 4750 sunt
883 4708 922 4749 ex
936 4688 1036 4753 Isaiae
1050 4710 1115 4769 esp.
1132 4693 1183 4754 59.
1207 4689 1298 4769 Quod
1313 4693 1357 4751 ita
1371 4711 1444 4754 esse
1451 4711 1496 4753 re·
