3254 5190
524 270 687 325 erutonis
703 271 723 324 l.
741 271 780 325 All
799 271 985 326 contutatus
1012 272 1095 326 tuns.
1116 273 1156 326 18.
1474 283 1549 351 469

103 443 211 506 ebriosi
225 462 282 527 per
303 446 568 526 intemperentiam
585 467 692 528 corpus
715 468 802 509 snum
852 467 959 528 corpus
974 449 1152 509 cumulieno
1165 469 1296 530 corpore.
1317 450 1467 531 Quinnee
1482 452 1550 532 ipse

103 530 241 605 laedunt,
257 539 434 594 et-setetem
448 534 602 608 minuunt,
620 535 712 612 juxte
726 534 801 596 illud
849 535 991 597 meretrix
1007 533 1191 596 admittendo
1214 546 1392 598 scortatores
1410 545 1550 617 pecoetet

102 616 307 679 deeeotntumr
318 620 432 681 Pium
439 621 554 680 occidit
561 622 801 699 crapuloquons
850 623 879 682 in
892 640 998 700 corpus
1006 640 1100 698 surrm,
1108 621 1161 682 serl
1173 624 1268 702 maom‘s
1281 622 1360 683 illud
1371 624 1548 689 honoraret:

103 703 235 778 clodius.
259 703 363 784 Scope
378 707 470 766 οείιιιιι
485 705 725 786 quifornicotur,
740 728 799 769 nou
848 710 922 788 quis
936 708 1015 767 sicut
1028 727 1076 768 res
1088 708 1195 769 nobilis
1207 709 1418 783 dehonoretur,
1432 717 1467 772 ut
1481 731 1549 771 cum

103 790 194 870 mgis
210 788 352 852 debilitet
372 811 480 872 corpus
502 813 604 867 mum,
633 813 723 874 quem
745 795 798 874 qui
849 792 996 873 Oojeteno
1010 793 1127 874 loquer,
1142 796 1416 856 simiscoeturcum
1429 815 1463 856 re
1477 796 1548 860 vili:

103 878 241 937 minetur
255 884 326 938 cuni
338 879 461 959 propris
476 880 613 960 conjuge.
652 877 749 960 Quin,
773 881 800 941 si
847 881 891 940 ito
905 881 1038 940 vicissim
1061 901 1111 941 ree
1133 881 1204 942 vilis
1223 881 1400 956 honoretur,
1426 881 1548 963 quondo

104 960 220 1024 ncdicie
241 962 388 1039 creditur,
411 972 496 1026 ectus
517 965 689 1044 hujusmodi
709 968 797 1028 inter·
845 968 988 1028 miscetur
1002 986 1068 1026 cnm
1084 988 1117 1028 re
1132 967 1236 1028 nobili.

106 1047 165 1109 dnm
181 1048 324 1111 conducit
338 1053 461 1112 sanitati
478 1055 619 1132 corporis.
888 1053 985 1132 Igitur
1007 1052 1054 1113 his
1077 1054 1314 1132 expositionibus
1337 1053 1484 1126 dimissis,
1512 1062 1546 1115 ut

138 1135 211 1209 Alii,
225 1155 354 1218 qnorum
366 1139 548 1199 sententium
560 1138 694 1200 Thomas
705 1138 797 1200 refert
845 1140 931 1212 elios,
947 1158 1022 1220 ques
1038 1137 1243 1200 Oecumenius
1253 1140 1346 1201 refert
1357 1140 1449 1201 nihilo
1463 1148 1545 1203 certe

106 1223 194 1302 mgis
204 1242 299 1304 quem
309 1223 466 1304 approbet,
477 1233 600 1288 censent
606 1225 797 1306 peculiariter
844 1228 941 1306 rnegis
955 1225 1146 1306 probabiles,
1161 1229 1341 1301 omittamus,
1356 1247 1478 1287 sensum
1489 1227 1544 1289 bu·

107 1327 174 1382 enm,
189 1307 466 1389 quifomicntnr,in
477 1331 584 1391 corpus
596 1331 794 1393 suumpeccs·
840 1313 893 1391 jus
909 1313 968 1373 loci
982 1331 1155 1393 germanum
1168 1313 1347 1374 arbitremur
1363 1312 1443 1374 hunc
1459 1332 1544 1375 esse:

106 1413 144 1456 re:
157 1395 230 1477 quie
244 1414 313 1457 cum
328 1404 447 1457 coetero
461 1407 588 1478 peccata
603 1398 634 1458 in
649 1399 795 1481 spiritueli
843 1401 934 1472 lium,
950 1400 1003 1478 qui
1019 1398 1195 1472 fornicetur,
1210 1407 1262 1459 eut
1277 1419 1468 1480 quocumque
1483 1418 1543 1461 mo·

107 1481 267 1543 nouem
288 1482 489 1546 delectatione
503 1486 686 1558 consistent,
712 1486 793 1547 unde
843 1485 881 1547 do
912 1492 1018 1568 peccet
1046 1504 1100 1565 per
1128 1485 1345 1546 immunditiem
1379 1485 1543 1557 cumulem.

109 1569 306 1649 elspiritnslis
317 1578 444 1650 peccate
455 1569 611 1648 dicuntum
627 1571 723 1632 solum
734 1571 793 1633 lor·
842 1592 968 1651 peccare
983 1574 1014 1632 in
1030 1591 1138 1653 corpus
1154 1592 1255 1644 suum,
1276 1574 1348 1653 quis
1362 1571 1543 1633 dehonestet

107 1655 250 1717 metionis
265 1664 423 1737 peccatum
444 1658 476 1718 in
498 1677 589 1718 cerno
607 1678 792 1720 consumme·
840 1657 917 1719 illud
933 1666 965 1719 et
978 1660 1141 1738 ignominie
1164 1658 1270 1730 efficit,
1293 1661 1433 1720 excitsns
1457 1659 1487 1720 in
1504 1678 1540 1721 eo

54 1782 57 1787 -
108 1749 149 1801 tur.
184 1741 276 1823 Quod
299 1743 473 1821 siobjicies,
495 1744 526 1805 id
548 1764 704 1806 commune
726 1764 793 1807 esse
840 1744 987 1806 brotelem
1003 1765 1039 1806 ec
1053 1744 1173 1806 foedum
1187 1744 1358 1822 libidinem3
1382 1764 1444 1826 que
1458 1745 1542 1807 nini·

53 1836 58 1905 ζ
108 1838 215 1907 porceto
231 1828 338 1908 polee,
360 1827 419 1890 duo
440 1839 513 1890 sunt
534 1832 612 1891 enim
629 1832 790 1893 'cernelium
840 1853 904 1892 rum
920 1833 962 1891 ite
977 1851 1097 1911 prorsus
1112 1831 1289 1893 absorbetur
1304 1835 1437 1905 unimus,
1462 1832 1542 1892 utin

108 1924 283 1993 matorum
290 1935 402 1994 genere
409 1916 791 1998 guinetlnruriuzrespon·
840 1939 876 1978 eo
892 1929 962 1980 notu
977 1917 1053 1979 nihil
1068 1917 1151 1978 eliud
1167 1919 1299 1997 cogitare
1315 1920 1418 1998 possit.
1450 1916 1541 1998 Quod

53 1998 56 2029 ²
108 1999 181 2076 dmt,
198 2009 357 2082 peecatum
378 2001 470 2083 gulae
491 2003 548 2063 sub
570 2004 692 2065 luxurie
711 2025 790 2067 com·
840 2006 871 2066 in
886 2005 953 2066 eliis
968 2005 1100 2084 peccetis
1115 2024 1175 2064 non
1191 2005 1347 2083 contingit,
1363 2025 1401 2066 ne
1417 2003 1540 2084 quidem

53 2104 55 2109 '
107 2088 253 2166 numdi,
278 2098 423 2169 nequem
448 2090 505 2151 sub
531 2091 735 2172 principaliori
759 2094 791 2152 in
838 2093 869 2153 iu
885 2091 957 2171 gule
972 2100 1002 2152 et
1016 2091 1171 2152 ebrietste.
1197 2088 1267 2168 Quo
1282 2090 1328 2160 fn,
1350 2099 1383 2151 ut
1399 2091 1538 2171 voluptas

106 2173 152 2235 loo
170 2194 291 2256 genere.
328 2175 406 2238 Nem
431 2184 460 2237 et
477 2176 661 2258 Philosopbo
684 2184 791 2258 gustus
839 2179 930 2239 etism
952 2175 1149 2240 immoderato
1172 2176 1298 2238 sliomm
1319 2195 1464 2239 sensuum
1479 2186 1539 2239 tur·

53 2250 59 2279 ⁵
106 2259 277 2344 etquidem
291 2269 398 2323 nuos
420 2263 534 2325 Verum
549 2284 608 2325 noo
624 2264 696 2326 dicit
709 2267 790 2345 Apo·
838 2264 1005 2344 pitudiuem
1028 2261 1202 2342 hujusmodi
1224 2284 1285 2325 uon
1306 2264 1436 2336 bebest,
1461 2265 1542 2325 sieut

53 2414 57 2421 ,
103 2348 184 2410 solos
198 2368 278 2423 mnu,
292 2348 579 2430 quifomioetnr,in
593 2371 719 2432 corpore
734 2371 789 2413 suo
837 2352 977 2431 voluptas
1010 2369 1146 2411 senesce.
1194 2348 1283 2430 Quae
1311 2358 1434 2430 propter
1462 2349 1541 2413 hene

53 2446 56 2455 '
104 2452 234 2513 peecare,
259 2434 345 2516 quod
364 2455 520 2498 commune
544 2447 590 2498 est
611 2438 701 2519 gulae
724 2457 791 2499 cnm
838 2458 959 2499 mosem
980 2438 1071 2497 etiem
1092 2438 1124 2497 in
1140 2438 1222 2498 coitu
1245 2437 1397 2517 conjugeli
1411 2456 1472 2499 non
1485 2454 1540 2518 po·

103 2521 305 2595 fornicetione,
320 2522 375 2584 sed
390 2524 422 2584 in
436 2543 546 2604 corpus
561 2544 656 2586 suum.
693 2523 790 2598 Adde,
837 2533 898 2586 test
911 2545 973 2585 non
987 2540 1056 2584 esse
1070 2522 1229 2604 pudends;
1255 2524 1375 2584 umetsi
1389 2524 1421 2584 in
1436 2522 1540 2601 eonju-

103 2608 171 2689 qod
192 2629 250 2671 nec
267 2610 346 2671 solet
367 2610 531 2690 Apostolus
552 2613 642 2690 gulae
663 2619 791 2692 peccate
836 2613 924 2691 gibus
954 2631 1009 2690 per
1033 2610 1114 2671 bone
1139 2611 1332 2684 metrimonii,
1363 2629 1443 2692 quoe
1468 2617 1540 2673 suut

104 2696 213 2759 mnino
227 2695 433 2758 fornicationis
448 2697 717 2776 comprehendere,
733 2697 789 2758 sed
837 2698 928 2768 fides,
943 2696 1052 2778 proles,
1068 2705 1293 2768 sacromentum,
1305 2705 1466 2759 excusetur
1479 2695 1538 2759 boo

101 2783 200 2861 passim
221 2791 385 2863 utrumque
405 2784 534 2863 propriis
555 2783 713 2846 vocabulis
736 2804 787 2845 ex·
837 2786 948 2846 molum
963 2804 981 2844 s
995 2793 1120 2865 pecc-eto
1135 2784 1244 2846 saltem
1259 2783 1387 2846 mortali.
1412 2783 1482 2863 Qus
1498 2781 1538 2846 de

102 2871 206 2948 primit:
222 2870 304 2930 utin
318 2869 375 2930 boc
389 2870 456 2949 ipso
471 2891 535 2950 cup.
553 2892 630 2933 vers.
648 2876 677 2935 9.
693 2880 725 2932 et
741 2873 789 2935 10.
837 2892 869 2932 re
892 2879 955 2932 tote
978 2872 1042 2932 lete
1064 2870 1187 2933 disserit
1205 2874 1333 2950 August
1356 2872 1389 2932 in
1409 2879 1538 2949 utroque

101 2966 196 3038 etcsp.
210 2956 351 3036 preeced
368 2975 444 3017 vers.
463 2961 511 3016 ll.
837 2960 913 3021 libro
929 2956 968 3019 de
979 2966 1071 3037 nupt,
1087 2969 1115 3019 et
1128 2959 1350 3037 concupiscunt.
1364 2958 1436 3018 etin
1452 2955 1538 3017 libris

133 3041 267 3104 Pmbrdo
285 3043 339 3104 ulii
360 3044 403 3103 sie
417 3044 596 3123 Apostolum
620 3055 788 3124 exponunt:
836 3065 914 3128 pene
930 3045 1039 3105 omnib.
1054 3043 1370 3106 adversusdnlienum
1387 3042 1516 3123 scriptis.

99 3129 187 3193 Omne
198 3137 378 3206 peccatum,
394 3129 426 3190 id
439 3140 494 3204 est,
506 3152 584 3211 pene
596 3152 692 3206 omne,
708 3132 788 3212 quod
879 3134 1006 3194 Sensum
1021 3150 1094 3193 vero
1106 3131 1195 3210 hujus
1205 3131 1272 3202 loci,
1288 3151 1378 3210 quem
1388 3128 1537 3201 dedimus,

98 3213 176 3277 boum
190 3215 319 3290 fecerit,
336 3225 463 3295 excepte
477 3219 685 3291 fornicatione,
704 3227 788 3279 extre
836 3217 928 3279 trudit
951 3218 981 3278 in
1004 3237 1142 3279 sermone
1163 3216 1309 3298 quodem,
1340 3218 1393 3297 qui
1414 3216 1536 3297 incipit:

98 3321 197 3384 eorpus
211 3311 274 3363 est:
303 3303 387 3383 quod
408 3305 547 3365 nimirum
570 3307 714 3366 instantis
728 3327 789 3367 non
836 3308 975 3382 Propter
997 3305 1054 3366 boc
1075 3309 1189 3384 ipsum.
1224 3302 1323 3382 (liujus
1342 3324 1453 3383 megns
1467 3321 1537 3384 pent

96 3389 140 3462 tit,
166 3390 228 3451 nisi
251 3391 283 3450 in
304 3397 430 3471 peccoto
445 3392 545 3471 gulae.
584 3393 699 3452 Verum
714 3392 789 3452 haec
837 3401 921 3458 extet
935 3390 1018 3471 opud
1033 3393 1320 3472 Eugyppiumtomo
1337 3392 1365 3450 2.
1383 3410 1448 3471 esp.
1464 3391 1536 3451 331.

96 3475 232 3538 minutis
247 3496 309 3538 non
330 3477 442 3557 exigue
465 3488 528 3552 est3
551 3499 619 3539 nem
641 3487 730 3559 potus
753 3499 788 3539 ec
836 3481 876 3539 Et
894 3477 975 3558 opud
990 3478 1106 3539 Bedom
1127 3479 1157 3540 in
1180 3477 1384 3540 collectaneis.
1424 3477 1492 3558 Quo
1507 3478 1539 3537 in

94 3562 144 3624 ubi
157 3566 394 3644 intemperantis
404 3565 484 3624 inter
493 3565 628 3625 bomine·
642 3564 788 3626 letissime
838 3586 977 3626 sermone
992 3565 1035 3624 sic
1050 3565 1127 3626 inter
1141 3565 1203 3626 elie
1214 3565 1305 3625 dicit:
1328 3565 1479 3626 hiberum
1495 3569 1538 3625 cst

92 3659 200 3731 regnet
837 3654 949 3713 animo
973 3654 1114 3712 lornano
1135 3657 1171 3713 s'n
1198 3653 1270 3713 ollis
1292 3652 1539 3728 quibuscumque

127 3737 225 3799 Porro
238 3735 401 3815 Cujetsnus
413 3757 481 3797 cnm
497 3739 528 3797 in
544 3748 710 3811 comment..
726 3747 788 3800 tum
838 3738 1020 3813 cocleribue,
1037 3746 1067 3799 ct
1080 3757 1183 3800 ouum
1199 3738 1323 3816 aliquid
1335 3755 1446 3799 corum
1463 3755 1539 3814 ope-

92 3823 209 3903 pleniue
231 3825 262 3885 in
280 3824 437 3902 jentaculo
454 3827 481 3885 8.
507 3834 621 3905 quaest.
647 3829 676 3887 2.
699 3828 788 3886 inter·
838 3828 918 3901 rori,
936 3833 964 3885 ot
976 3844 1012 3886 eo
1024 3828 1092 3903 ipso
1105 3834 1246 3904 tempore
1258 3826 1336 3885 olibi
1347 3825 1540 3901 copitots‘one

91 3920 222 3990 pretetnr
236 3910 436 3973 fornicantem
452 3912 482 3971 in
498 3932 606 3992 corpus
618 3933 705 3974 sunm
719 3933 788 3993 pec·
838 3913 1126 3990 dntcrsdiequodin
1134 3914 1437 3989 fornicationisipso
1446 3929 1540 3987 opere

92 4018 170 4072 cere,
185 3999 261 4078 quie
276 3998 392 4078 corpori
406 4019 458 4059 suo
474 3999 549 4058 facit
564 4000 713 4077 injuriam,
727 4003 790 4078 poi
839 4008 934 4078 utque
946 4008 1087 4077 tompore
1098 4019 1166 4061 non
1178 4002 1259 4076 licet,
1272 4002 1382 4060 animo
1395 3998 1437 4059 od
1449 3997 1541 4058 uliud

91 4086 192 4147 nendo
215 4084 317 4160 illud,
341 4093 376 4145 nt
398 4084 546 4167 loquitur,
564 4105 628 4163 pro
650 4088 789 4148 indiviso
840 4088 966 4164 aliquid
993 4088 1198 4164 copitondum
1222 4088 1357 4147 liberum
1381 4105 1452 4146 esec.
1490 4085 1542 4147 su

91 4191 156 4234 cum
174 4190 311 4249 corpore
333 4176 517 4233 mauricis.
555 4174 614 4233 Per
628 4174 686 4234 boc
702 4175 789 4243 onim,
841 4178 926 4236 enim
943 4181 1026 4235 tetur
1041 4176 1134 4235 bomo
1158 4175 1344 4237 absorbetur
1366 4172 1406 4232 cb
1427 4174 1496 4248 ipso
1512 4177 1542 4231 ct

92 4260 198 4342 inquit,
230 4259 454 4321 dehonoratur
484 4278 616 4337 corpus,
651 4261 735 4320 uelut
764 4264 791 4322 si
839 4265 875 4322 in
891 4265 961 4338 ipso
976 4279 1108 4338 corpore
1116 4307 1127 4336 ,
1148 4270 1185 4322 ut
1195 4267 1266 4337 jam
1281 4261 1345 4320 dici
1361 4260 1543 4336 conposuit

90 4352 156 4423 osis
167 4354 309 4426 poneret
320 4365 382 4422 pro
404 4347 544 4408 indiviso
567 4366 634 4408 rem
653 4348 791 4409 nobilem
839 4354 907 4427 ipsc
923 4350 1052 4409 animus
1073 4366 1150 4410 ιιιιιι
1174 4368 1251 4423 cese,
1274 4348 1328 4408 sed
1350 4346 1444 4409 simul
1459 4353 1544 4406 totos

91 4450 156 4497 cion
172 4455 208 4496 rc
224 4434 303 4510 citi,
320 4436 346 4493 is
361 4437 518 4509 iniuriam
532 4435 653 4512 suomet
668 4438 715 4495 rei
729 4453 791 4496 no-
839 4438 933 4497 bomo
949 4436 1012 4496 dici
1023 4438 1142 4513 possit,
1167 4436 1252 4513 quod
1273 4454 1348 4496 coro
1372 4437 1419 4495 sit
1455 4433 1544 4494 Haec

91 4521 149 4583 bili
173 4523 314 4603 Atjuxte
324 4521 404 4583 bunc
418 4520 603 4582 intellectum
614 4543 674 4585 non
686 4541 791 4602 peccu-
841 4524 909 4598 ills,
933 4543 973 4585 ex
988 4542 1049 4603 quo
1073 4532 1223 4600 sumptum
1242 4521 1316 4583 illud
1331 4521 1452 4601 glossae
1467 4517 1545 4581 ordi-

90 4618 153 4670 rsnt
168 4611 200 4671 in
216 4626 329 4690 corpus
344 4629 446 4680 suum,
463 4610 650 4689 quiprivetis
665 4610 791 4670 immun·
841 4611 960 4672 nonne:
981 4611 1024 4671 In
1040 4611 1114 4670 ollis
1136 4609 1210 4671 licet
1232 4613 1343 4671 auimo
1360 4608 1452 4670 uliud
1468 4627 1544 4684 ope·

89 4694 169 4760 ditiis
184 4714 254 4760 nese
268 4694 427 4778 polluunt,
454 4716 513 4757 non
528 4698 688 4759 miscentes
703 4716 791 4759 suum
841 4701 925 4772 rori,
956 4704 986 4758 et
1015 4699 1080 4760 olio
1110 4698 1294 4760 intendere.-
1323 4696 1378 4756 sed
1407 4713 1476 4758 stou
1504 4695 1541 4756 ιἰι
