3254 5190
506 260 669 315 mutosis
686 261 726 316 AD
744 262 896 316 neutros
913 263 998 318 VERS.
1015 263 1058 316 25.

56 446 146 518 petre,
169 435 211 498 de
235 457 297 519 quo
320 436 401 499 inire
422 457 488 518 cap.
510 439 555 498 8.:
579 440 759 519 (lutetiam

54 527 188 601 proprio
203 523 277 600 filio
293 543 362 586 uon
376 528 530 602 pepercit,
554 526 608 584 secl
619 544 682 601 pro
698 546 758 586 uo·

55 611 97 671 lis
111 610 264 671 munitm
280 612 417 671 tradidit
432 612 532 671 illum.
550 613 687 688 Propter
703 613 758 673 de·

54 699 124 758 lietu
139 698 209 758 sive
226 708 354 778 peccate
368 707 480 760 nostro
495 698 654 760 abolenda.

92 786 135 847 Et
150 788 333 846 resurrexit
346 793 480 862 propter
493 785 758 860 justificationem

56 878 207 933 nostram.
248 872 452 949 Resrsrrexit,
487 870 606 933 Graece
637 862 756 950 ἠγέρθη

55 962 222 1019 mimus
239 966 291 1018 eet.
314 959 396 1019 Tum
409 960 438 1019 in
451 979 486 1018 eo
498 959 616 1018 variant
628 957 757 1032 Graeca,

54 1043 131 1126 qnod
151 1044 219 1105 alia
238 1044 345 1125 legunt
363 1040 532 1119 δικαίωσιν,
553 1044 757 1122 justificatio-

56 1152 134 1207 um,
147 1131 213 1191 slis
229 1126 432 1210 δικαιοσύνην,
444 1134 620 1207 justitiam:
635 1133 757 1191 tametsi

55 1238 98 1280 res
120 1216 236 1279 eodem
258 1217 375 1293 recidit,
398 1229 432 1279 ut
455 1238 492 1279 ex
514 1237 604 1279 sensu
631 1219 757 1299 patebit.

55 1304 153 1387 Quem
167 1314 204 1364 ut
221 1323 420 1385 assequamur

92 1389 177 1453 Illud
192 1393 294 1472 primo
317 1392 473 1453 sciendum
490 1400 545 1467 est,
569 1411 655 1451 omne
672 1391 757 1450 meri·

56 1494 115 1540 tum
130 1477 250 1539 Christi
265 1477 425 1540 salvatoris
441 1480 472 1540 in
488 1479 629 1559 passione
645 1478 711 1557 ejus
728 1486 758 1535 et

56 1573 147 1627 morte
170 1564 358 1645 completum
380 1565 482 1639 fuisse,
505 1573 536 1626 et
557 1563 683 1646 proinde
704 1582 759 1623 sua

57 1653 278 1714 resurrectione
295 1672 362 1712 eum
385 1653 459 1713 nihil
473 1653 622 1725 meruisse,
645 1651 689 1711 uti
703 1670 758 1710 nec

57 1739 257 1801 sdsoeusione
281 1740 312 1799 in
335 1739 453 1800 coelum
468 1760 504 1800 ac
523 1742 657 1812 caeteris,
680 1757 759 1817 quae

58 1830 116 1907 egit
139 1836 215 1908 post
242 1827 414 1906 passionem
441 1836 472 1886 et
496 1834 630 1886 mortem.
669 1823 758 1903 Quae

58 1912 189 1975 doctrina
204 1922 257 1974 est
272 1915 403 1974 omnium
420 1913 653 1992 Theologorum.
679 1912 758 1992 Quo·

59 2003 130 2062 circs
155 2000 219 2061 hac
242 2007 330 2079 parte
364 2001 535 2080 significare
566 2021 626 2060 non
650 2007 758 2080 potest,

60 2085 210 2149 Christum
238 2086 426 2166 resurgendo
452 2088 599 2147 meruisse
626 2094 759 2146 nostram

57 2173 315 2252 lutificationem,
339 2175 416 2233 sicut
430 2172 570 2254 patiendo
589 2175 696 2233 meruit
710 2171 758 2232 de-

59 2259 192 2321 lictorum
216 2265 386 2320 nostrorum
409 2262 621 2322 remissionem.
648 2256 759 2319 Viden·

61 2347 123 2408 dnm
140 2367 227 2426 ergo,
243 2365 303 2427 quo
319 2365 411 2407 sensu
426 2347 545 2407 dicatur
559 2347 760 2407 resurrexisse

60 2442 178 2516 propter
197 2432 451 2512 justificationem
476 2442 623 2508 nostram,
647 2441 675 2491 et
698 2451 759 2492 om·

60 2523 139 2591 nino,
172 2520 246 2601 quis
276 2520 368 2579 totius
395 2522 555 2601 pericopes
581 2539 685 2580 sensus
713 2521 759 2578 sit.

60 2606 210 2667 laborant
224 2607 304 2667 enim
316 2607 347 2666 in
356 2627 392 2667 eo
405 2605 559 2667 reddendo
570 2607 760 2686 interpretes.

96 2694 142 2754 Ac
156 2694 292 2774 primum
306 2692 383 2753 illud
397 2695 491 2775 recipi
506 2692 588 2752 nullo
605 2692 694 2752 modo
709 2714 760 2772 po-

59 2790 119 2854 test,
132 2778 220 2862 quod
235 2778 506 2840 Pseudsmbrosius
523 2781 552 2839 in
568 2780 647 2839 hune
661 2780 761 2839 locum

60 2874 285 2928 commentatur.
316 2867 399 2927 Dicit
422 2869 501 2926 enim
525 2886 591 2940 ces,
615 2869 667 2946 qui
691 2875 760 2925 unte

60 2953 180 3013 Domini
196 2952 374 3033 passionem
397 2952 540 3034 baptizati
564 2953 691 3025 fuerunt,
715 2973 759 3011 so·

59 3038 112 3099 lam
139 3041 302 3118 accepisse
328 3041 532 3100 remissionem
559 3047 760 3120 peccatorum,

59 3124 208 3204 (quorum
236 3126 324 3202 zelo,
350 3128 461 3206 inquit,
489 3134 621 3186 satanas
647 3127 760 3201 occidit

58 3211 289 3288 aleatorem);
319 3222 390 3293 post
413 3217 660 3274 resurrectionem
687 3233 759 3273 vero

59 3312 113 3359 tun
126 3319 192 3372 ees,
204 3301 261 3379 qni
274 3303 366 3379 prius,
378 3319 468 3378 quem
480 3300 533 3379 qui
544 3309 651 3380 postea
662 3299 760 3378 bapti·

58 3389 112 3446 αὔ
129 3395 211 3458 sunt,
235 3405 340 3445 omnes
359 3386 542 3465 justificatos
558 3406 624 3447 esse
640 3407 694 3465 per
709 3385 759 3444 da-

58 3472 253 3533 tsmt‘ormam
267 3471 338 3533 fidei
352 3474 519 3532 Trinitatis.
535 3475 576 3533 Et
588 3473 618 3533 id
630 3473 757 3532 Paulum

58 3561 213 3619 existimat
239 3558 296 3618 hoc
322 3559 389 3619 loco
417 3560 588 3638 significare
614 3559 755 3618 voluisse.

58 3644 116 3705 sed
131 3646 193 3706 hoc
208 3647 433 3719 commentario,
455 3646 539 3707 velut
554 3666 660 3728 parum
676 3666 758 3717 sano,

58 3732 227 3812 repudiato,
250 3732 328 3794 alios
343 3733 508 3794 audiamus.

95 3819 128 3881 ἃ
143 3819 283 3880 Thomas
305 3819 387 3892 dicit,
409 3829 535 3882 mortem
557 3830 586 3880 et
609 3839 757 3880 resurrec-

60 3905 169 3966 tionem
195 3905 312 3968 christi
339 3906 388 3967 hic
415 3907 614 3974 considerari,
642 3927 703 3967 non
724 3916 759 3965 ut

60 3993 156 4054 ueriti
180 3994 331 4055 rationem
355 3993 481 4069 hahent,
504 3994 535 4055 id
559 3996 637 4054 enim
663 4013 758 4054 resur·

58 4082 184 4140 medani
203 4101 267 4141 non
289 4088 470 4159 competere,
494 4082 548 4142 sed
563 4090 597 4139 ut
612 4081 758 4140 salutares

59 4166 144 4227 nobis
166 4166 288 4228 inerunt
312 4186 367 4248 per
388 4165 507 4228 modum
528 4167 683 4246 cujusdam
699 4168 758 4226 effi·

61 4253 194 4327 emese,
209 4255 301 4317 sicuti
318 4256 441 4315 fuerunt
455 4265 486 4316 et
500 4264 638 4315 caeterae
655 4273 759 4314 omnes

61 4342 190 4401 mones
205 4343 275 4421 ejus
290 4350 324 4401 et
338 4342 509 4421 passiones,
524 4350 631 4420 utpote
647 4361 685 4401 ex
702 4343 758 4401 vir·

61 4434 122 4487 tute
136 4425 305 4489 divinitatis
322 4428 540 4507 provenientes,
556 4429 640 4507 cujus
654 4428 758 4487 hnma-

62 4513 133 4573 uitxs
149 4516 246 4596 ipsius
259 4524 328 4577 erat
338 4516 576 4575 instrumentum.
600 4516 662 4575 Sed
678 4531 758 4591 quo·

63 4601 157 4677 num,
180 4605 289 4684 inquit,
315 4602 443 4680 effectus
465 4603 574 4679 aliquo
596 4602 692 4662 modo
715 4605 758 4662 si·

1456 274 1511 338 97⁸

808 439 940 515 Christi,
961 458 1021 515 per
1047 458 1143 516 quom
1166 442 1202 498 iu
1226 457 1261 498 eo
1284 443 1437 500 exstincta
1461 448 1504 499 est

805 527 950 586 mortalis
967 530 1045 601 vito,
1070 527 1146 586 dicit
1160 525 1332 602 Apostolus
1347 545 1408 586 esse
1423 544 1503 586 cau·

806 631 874 671 som
904 616 1119 674 exstinctionis
1145 620 1349 687 peecatorum
1375 621 1503 674 nostro·

806 718 898 775 rum,
922 703 1185 761 resurrectione-m
1210 707 1317 759 autem
1333 703 1416 774 ejus,
1440 719 1505 776 quo

806 786 903 845 rediit
929 788 972 845 od
994 806 1112 847 nouam
1139 790 1236 845 vitem
1264 788 1405 862 elorico,
1429 787 1506 846 dicit

807 892 867 931 esse
883 870 1269 950 oausam'justitieationis
1283 880 1424 947 nostroe,
1444 893 1506 949 per

806 978 903 1035 quam
925 961 1065 1021 redimus
1085 960 1129 1018 ad
1152 961 1327 1019 novitatem
1350 962 1504 1034 justitiae.

806 1045 856 1105 Sic
872 1045 932 1105 ille.
957 1047 1069 1105 Verum
1085 1047 1154 1106 huic
1179 1048 1364 1124 expositioni
1385 1045 1506 1107 videtur

808 1130 941 1206 obstare,
966 1133 1047 1213 quod
1071 1153 1088 1191 a
1110 1132 1206 1192 Paulo
1228 1153 1289 1191 non
1315 1135 1506 1192 nominantur

807 1221 939 1280 actiones
955 1220 1149 1280 humanitatis
1164 1219 1285 1293 Christi,
1302 1221 1503 1280 seductiones

807 1306 920 1380 Patris,
943 1309 1082 1367 traditus
1104 1314 1158 1382 est,
1181 1308 1349 1367 suscitatus
1370 1314 1422 1380 est,
1448 1309 1504 1365 sci·

807 1393 877 1452 licet
892 1413 911 1454 a
925 1403 1018 1475 patre.

849 1480 987 1541 Aliorum
1010 1480 1161 1558 expositio
1180 1488 1236 1554 est,
1258 1489 1383 1540 mortem
1407 1489 1436 1540 et
1459 1501 1505 1540 re·

808 1567 1022 1628 surrectionem
1038 1566 1152 1627 Christi
1175 1566 1224 1625 hic
1240 1567 1426 1628 considerari
1441 1576 1505 1628 ten·

808 1661 870 1714 tum
896 1664 930 1713 ut
957 1674 1080 1714 causam
1108 1653 1318 1732 exemplarem.
1350 1655 1399 1714 Sic
1427 1656 1506 1714 enim

805 1739 984 1821 loquuntur,
1023 1750 1166 1820 tanquam
1202 1738 1343 1801 Christus
1373 1743 1505 1801 moriens

807 1828 978 1907 exemplum
1000 1829 1086 1888 nobis
1110 1826 1233 1901 dederit,
1257 1837 1290 1888 ut
1310 1849 1366 1888 nos
1384 1848 1507 1909 quoque

807 1917 968 1974 moriamur
982 1915 1126 1994 peccetis,
1141 1933 1304 1994 resurgens
1317 1936 1390 1976 vero
1402 1935 1503 1976 exem·

807 2003 890 2081 plum
913 2001 1040 2075 dederit,
1062 2009 1141 2060 utet
1164 2020 1220 2060 nos
1237 2014 1365 2063 amorte
1387 2004 1506 2082 peccati

806 2108 1001 2168 resurgamus
1013 2086 1052 2147 ad
1068 2090 1232 2149 novitatem
1247 2091 1339 2149 vitae.
1356 2087 1506 2170 Equidem

807 2185 915 2255 typum
939 2195 993 2233 seu
1016 2175 1146 2253 figuram
1168 2173 1269 2234 dicere
1284 2176 1391 2248 malim,
1415 2195 1507 2255 quam

808 2261 971 2341 exemplar.
1006 2261 1086 2320 Nam
1113 2260 1252 2320 Christus
1280 2264 1346 2342 ipse
1373 2282 1431 2322 non
1459 2271 1507 2321 est

807 2357 943 2408 mortuus
959 2350 1044 2407 vitae
1067 2349 1195 2428 peccati,
1218 2368 1317 2426 neque
1340 2351 1508 2409 resurrexit

808 2439 839 2496 in
854 2437 949 2494 vitam
961 2434 1117 2512 justitiae:
1142 2433 1195 2492 sed
1220 2437 1286 2513 ejus
1311 2454 1390 2495 mors
1414 2444 1445 2493 et
1460 2455 1506 2495 re·

809 2524 954 2581 surrectio
979 2523 1144 2601 corporalis
1168 2520 1228 2579 fuit
1250 2528 1343 2602 typus
1360 2542 1395 2580 ac
1410 2521 1507 2601 figura

808 2617 932 2668 nostrae
940 2608 1043 2667 mortis
1054 2616 1085 2668 et
1090 2609 1321 2668 resurrectionis
1331 2608 1506 2687 spiritualis,

807 2696 911 2754 mortis
940 2694 1077 2775 quidem,
1108 2714 1171 2776 qua
1198 2696 1330 2772 peccatis
1357 2697 1507 2769 morimur,

808 2784 1040 2842 resurrectionis
1065 2791 1179 2854 autem,
1205 2801 1267 2861 qua
1289 2782 1507 2842 resuscitamur

808 2868 1028 2948 adjustitiam:
1052 2867 1304 2949 quemadmodum
1321 2878 1351 2928 et
1366 2868 1506 2948 pluribus

808 2954 992 3016 exhortando
1008 2955 1141 3015 declarat
1158 2955 1326 3034 Apostolus
1344 2956 1422 3016 infra
1439 2975 1505 3035 cap.

809 3046 836 3104 6.
853 3042 948 3102 Recte
964 3062 1036 3102 vero
1052 3042 1163 3102 direris
1181 3039 1297 3100 Christi
1312 3044 1506 3102 resurrectio·

807 3149 874 3188 nem
902 3149 972 3187 esse
998 3149 1120 3188 causam
1151 3128 1356 3206 exemplarem
1382 3138 1506 3189 nostrae

807 3216 1042 3289 resurrectionis,
1066 3235 1127 3295 qua
1150 3215 1346 3294 corporaliter
1367 3235 1504 3294 resurge·

807 3321 874 3361 mus
902 3300 940 3359 ad
963 3303 1058 3361 vitam
1087 3301 1292 3361 immortalem.
1317 3302 1386 3380 Quo
1413 3322 1504 3362 sensu

808 3387 1023 3466 accipiendum,
1047 3389 1126 3468 quod
1151 3388 1189 3448 de
1210 3409 1246 3448 eo
1268 3392 1350 3448 cauit
1371 3389 1504 3448 ecclesia

808 3477 838 3534 in
870 3474 1059 3551 praefatione
1089 3476 1247 3554 paschali:
1286 3479 1341 3552 qui
1370 3483 1504 3535 mortem

808 3569 951 3622 nostram
973 3563 1140 3622 moriendo
1165 3563 1330 3637 destruxit,
1356 3567 1505 3622 steritem

807 3648 1001 3723 resuryeudo
1013 3652 1188 3725 reparavit.
1202 3648 1274 3728 Qua
1282 3652 1375 3709 etiam
1387 3652 1505 3710 ratione

807 3736 959 3814 primitiae
981 3735 1193 3797 dormientium
1217 3736 1357 3796 Christus
1380 3745 1506 3796 vocatur

811 3820 913 3881 lCor.
933 3826 980 3884 15.

849 3908 1066 3970 Verumtamen
1082 3917 1114 3970 et
1132 3911 1201 3970 huic
1219 3911 1284 3988 jam
1301 3909 1400 3969 dictae
1416 3930 1504 3990 expo·

808 3996 910 4054 sitioni
926 3991 1076 4077 (quamvis
1093 4015 1160 4055 sam
1181 3995 1379 4076 suppeditent
1400 3997 1504 4075 Augu·

807 4084 907 4142 stinus
924 4104 1011 4143 serm.
1027 4087 1096 4143 141.
1109 4082 1147 4142 dc
1159 4092 1304 4161 tempore,
1320 4091 1350 4141 et
1366 4083 1503 4144 Thomas

807 4170 836 4227 3.
850 4179 970 4248 quaest.
984 4172 1034 4230 56.
1048 4179 1102 4229 art.
1115 4168 1157 4245 2.)
1173 4191 1233 4228 non
1248 4189 1355 4247 parum
1372 4170 1503 4244 obsistit,

807 4256 889 4334 quod
905 4256 1023 4316 Paulus
1040 4277 1100 4315 nou
1116 4256 1202 4328 dixit,
1224 4250 1361 4314 mortuus
1378 4267 1433 4329 est,
1451 4257 1505 4316 sed

807 4344 944 4403 traditus
968 4351 1020 4418 est,
1044 4364 1100 4404 nec
1123 4342 1248 4415 eddidit,
1272 4352 1306 4401 ut
1320 4363 1376 4401 nos
1399 4345 1504 4403 moriu-

806 4450 872 4488 mur
887 4439 1022 4508 peceato,
1038 4429 1091 4488 sed
1109 4431 1286 4509 simpliciter
1302 4429 1388 4501 dixit,
1401 4449 1504 4507 prop-

806 4523 854 4575 ter
869 4516 986 4576 delicta
1002 4524 1120 4577 uestra.

848 4603 940 4662 Porro
953 4603 1121 4684 Cajetenus
1139 4605 1184 4662 sic
1196 4606 1424 4683 interpretatur:
1442 4604 1505 4684 Qui

64 4689 274 4751 militudinem
283 4688 380 4750 hahet
394 4708 469 4750 suae
484 4707 607 4765 causae,
623 4695 758 4749 mortem
805 4688 934 4749 traditus
952 4698 1000 4750 est
1022 4691 1110 4749 morti
1132 4700 1256 4772 propter
1270 4690 1384 4753 delicta
1399 4700 1505 4752 nostra

110 4790 172 4829 tau.
186 4789 256 4831 latit
268 4790 348 4831 m
361 4787 417 4828 m
431 4787 448 4828 ι

1280 4799 1297 4856 7
