3254 5190
110 313 185 382 212
615 299 1041 360 commaculatam

152 479 303 561 Quorsum
317 497 396 558 ergo,
409 475 500 553 dices,
512 477 664 540 subnectit
674 479 804 560 Aperta·
851 482 985 561 fidelem.
1011 485 1055 544 Et
1076 483 1149 546 choi
1174 485 1358 567 saepissime
1395 484 1486 548 Haec
1512 485 1549 548 ad
1585 492 1593 528 ¹

108 565 804 629 lnsalterumhocteetimoniumdePlraraone?
850 570 982 652 phrasim
1004 570 1212 632 illustrandam
1233 570 1367 633 adducta
1388 573 1459 633 rint
1481 573 1548 635 Sen-
1583 579 1593 617 ¹

107 654 305 736 Respondco:
319 663 354 714 ut
368 653 426 716 hoc
440 653 578 734 exemplo
594 650 709 727 doceat,
724 653 804 735 quod
852 678 916 718 cum
931 667 1032 719 antem
1046 658 1127 718 Moci
1141 665 1172 718 et
1182 658 1272 719 Pauli
1287 661 1451 741 aequantia
1466 659 1548 721 doce·
1582 690 1593 707 ··

107 764 162 823 pro
178 740 300 803 arbitrio
316 761 351 801 aa
365 743 430 803 aine
449 741 627 821 cnjueqnam
639 741 750 820 injuria
760 740 803 801 la·
851 743 936 805 bunt.
1580 754 1587 791 ¹

108 849 175 890 cere
191 827 276 888 Deua
291 836 398 910 potent,
414 849 473 890 non
489 837 589 889 tamen
603 826 634 888 id
646 845 714 886 enm
724 829 804 888 iace·
901 835 941 893 th
956 832 1120 894 carneam
1134 834 1170 891 in
1185 835 1377 895 acernam
1389 851 1507 909 mam,
1522 839 1549 893 ct
1579 841 1593 879 ¹

107 935 147 989 re,
163 916 220 975 niei
231 916 449 995 sapientissime
460 923 492 976 et
506 935 572 975 cum
583 915 716 992 ratione;
732 914 803 975 dum
850 925 887 977 at
902 922 1114 980 annuntietur
1129 938 1247 981 nomen
1257 924 1409 981 mcnmin
1416 923 1546 980 unior*
1577 930 1593 969 ³¹

106 1002 248 1063 videlicet
262 1002 336 1063 illud
353 1002 472 1063 ordinat
492 1000 532 1062 ad
551 1003 642 1062 finem
664 1001 803 1062 manifee·
850 1023 886 1064 oa
901 1015 996 1067 terra.
1012 1006 1125 1068 Senm
1139 1008 1234 1067 totiue
1250 1008 1420 1068 tententiae
1435 1016 1496 1069 eat:
1510 1008 1546 1069 In
1575 1014 1583 1056 ¹

106 1089 216 1150 tandae
232 1109 306 1151 auae
320 1090 486 1169 potentiae,
497 1091 604 1171 suique
614 1089 742 1150 neminie
753 1108 801 1150 ce·
850 1093 909 1153 hoc
923 1097 1040 1171 ipram,
1056 1091 1088 1153 id
1104 1101 1160 1166 eat,
1175 1092 1216 1155 ad
1230 1112 1298 1154 enm
1311 1092 1406 1155 finem
1420 1095 1510 1175 poeni
1520 1102 1546 1155 at
1575 1103 1593 1143 Ι

106 1175 251 1237 lebrandi
278 1176 407 1258 Itaque,
433 1184 577 1258 tanquam
600 1184 802 1257 quaereretur,
852 1182 984 1242 excitavi
1000 1189 1038 1256 te,
1054 1182 1171 1240 servavi
1186 1189 1280 1261 atque
1293 1183 1452 1262 promovi,
1467 1180 1543 1243 vida
1574 1189 1593 1230 k

106 1283 255 1345 quaenam
271 1265 311 1326 eit
325 1265 409 1339 ratio,
424 1284 476 1323 cur
490 1265 535 1324 ita
550 1263 643 1324 faciat
656 1262 751 1337 Deua,
763 1282 802 1323 ex
850 1266 921 1329 licet
936 1288 996 1328 non
1020 1267 1116 1329 solum
1137 1266 1353 1346 permittendo,
1376 1267 1432 1330 ced
1458 1267 1544 1329 multa
1572 1278 1593 1319 ¹¹

105 1352 252 1432 ecriptnre
266 1353 412 1412 rationem
427 1349 533 1412 adfert.
549 1351 636 1411 Dicit
650 1353 747 1425 enim,
760 1353 802 1410 in·
850 1363 912 1416 tam
927 1355 1005 1415 intua
1018 1374 1109 1436 qnam
1123 1354 1196 1415 loric
1211 1354 1372 1436 operando,
1400 1356 1543 1417 aenaibm·
1570 1346 1593 1407 [1

106 1439 178 1520 quit,
193 1442 355 1516 scriptura
370 1439 548 1515 Pharaoni,
564 1435 596 1497 id
608 1445 664 1510 eet,
676 1439 801 1518 scriptu·
849 1462 910 1523 quc
932 1440 1120 1520 objiciendo,
1146 1460 1226 1523 quae
1247 1439 1301 1502 tibi
1323 1441 1431 1503 futura
1452 1450 1543 1504 emeat
1570 1433 1593 1492 'fl

105 1547 139 1586 re
154 1536 258 1587 narrat
272 1573 280 1601 ,
295 1525 408 1586 dictum
423 1545 490 1587 eree
505 1525 671 1597 Pharaoni,
687 1525 802 1585 scilicet
850 1531 968 1590 occasio
990 1531 1114 1609 majoris
1135 1531 1339 1590 contumaciae
1362 1550 1401 1591 ac
1422 1528 1542 1591 dndtiae
1568 1524 1593 1582 h

104 1633 124 1674 a
137 1612 204 1674 Deo
220 1614 397 1693 per-Mosen,
412 1612 532 1693 qnando
544 1611 597 1673 ille
608 1612 802 1693 pertinaciter
848 1615 962 1692 cordle3
985 1615 1024 1677 ad
1040 1637 1109 1678 eum
1123 1617 1229 1689 finem,
1253 1617 1388 1698 inquam,
1416 1625 1452 1677 ut
1465 1618 1497 1678 in
1509 1624 1541 1690 te,
1567 1628 1573 1665 ¹

103 1701 242 1780 negabat,
258 1721 291 1762 ee
305 1701 449 1783 populum
463 1701 524 1761 Dei
534 1698 733 1760 dimissurum.
745 1699 799 1760 Hi·
849 1705 914 1764 aive
928 1707 1010 1764 circa
1023 1710 1069 1779 te,
1095 1705 1262 1785 potentiam
1281 1724 1381 1766 meam
1398 1702 1540 1778 divinam,
1565 1714 1593 1759 ¹-

104 1791 197 1852 atoria
211 1798 258 1852 eet
271 1789 374 1850 Exodi
391 1794 419 1853 9.
847 1810 905 1871 per
929 1790 1025 1852 multa
1052 1791 1204 1872 stupenda
1226 1799 1257 1851 et
1278 1789 1431 1852 horrenda
1453 1792 1539 1873 aigne,
1564 1788 1593 1844 1

147 1880 231 1961 Quia
246 1880 282 1937 in
296 1877 353 1939 hoc
368 1879 473 1955 ipram
488 1878 623 1937 excitam
638 1883 676 1935 te.
687 1873 726 1933 In
736 1874 799 1934 He·
849 1897 1022 1940 exercerem
1030 1888 1061 1940 et
1067 1877 1237 1939 hominibus
1245 1877 1479 1953 manifectarcm,
1486 1897 1537 1960 que
1564 1871 1593 1931 Ἰ

102 1967 212 2029 braeo:
235 1969 334 2030 atatui
351 1976 395 2043 te,
418 1975 504 2028 rtarc
526 1972 557 2025 tc
575 1966 656 2044 feei,
678 1961 745 2036 vel,
767 1972 801 2025 ut
846 1984 902 2046 per
917 1966 1111 2027 haccnomen
1129 1985 1230 2026 meum
1253 1965 1462 2028 celebraretur
1482 1964 1536 2027 uli·
1562 1976 1593 2018 Ι

102 2054 307 2137 Hieronymus
315 2055 412 2129 vertit,
417 2054 559 2131 potuita,
568 2071 621 2133 pro
630 2073 689 2134 quo
698 2049 798 2112 LXX.
847 2072 908 2133 que
923 2061 1077 2114 terrarum.
1561 2064 1593 2104 ¹·

101 2143 799 2219 transtuleruntzconreroatarceuaqacnnnc.
891 2137 982 2219 Quod
997 2143 1102 2223 utique
1116 2138 1228 2199 factum
1243 2146 1452 2214 eeeeconatat,
1467 2141 1535 2200 ineo
1560 2154 1593 2212 ς

101 2230 271 2294 Chaldaeus
287 2249 412 2311 quoque
425 2228 647 2308 Paraphrastee
664 2235 694 2289 et
714 2227 797 2288 Mun-
846 2229 992 2300 maxime,
1008 2227 1105 2308 qnod,
1131 2226 1201 2286 filiis
1216 2225 1313 2286 Ieratl
1328 2244 1385 2307 par
1399 2246 1483 2288 mare
1496 2244 1533 2287 ru·
1559 2221 1593 2280 Ξ

101 2325 199 2380 aterna
213 2316 353 2392 reddunt,
368 2319 555 2377 conservavi
569 2320 606 2375 te.
622 2312 683 2376 Sed
697 2323 729 2375 ct
742 2314 800 2374 hoc
846 2313 932 2374 brnm
947 2314 1102 2389 traductis,
1117 2333 1171 2373 rex
1186 2313 1306 2373 Pharao
1322 2334 1390 2374 cnm
1406 2322 1470 2375 toto
1483 2312 1533 2374 Aa
1558 2326 1593 2367 t:

101 2403 167 2466 loco
183 2401 491 2465 commentatorAmb.
507 2400 598 2483 legit:
613 2402 799 2478 raroavitc5
846 2403 1019 2481 gyptiornm
1040 2402 1178 2462 exercitu
1200 2400 1230 2460 in
1250 2397 1356 2460 eodem
1378 2400 1456 2463 mari
1473 2398 1533 2460 aulr
1562 2395 1593 2453 l!

100 2492 220 2553 tametei
234 2490 355 2564 fatetur,
369 2489 446 2552 alioa
457 2486 577 2550 codices
589 2488 715 2550 habere:
730 2506 798 2550 tue·
845 2505 963 2548 merant
979 2497 1010 2549 et
1024 2487 1186 2548 ruffocatue
1201 2493 1264 2564 eet3
1286 2493 1321 2546 ut
1343 2487 1376 2547 in
1400 2508 1437 2549 eo
1457 2505 1532 2569 prae
1563 2504 1593 2539 ·‘-·

100 2580 199 2640 citavi
221 2585 259 2638 te.
283 2578 326 2637 Et
340 2574 462 2657 quidem
484 2575 605 2654 phraeie
629 2574 690 2648 illa,
703 2577 799 2652 potui
845 2573 927 2634 clare
944 2574 1045 2636 locnm
1059 2573 1200 2634 habuerit
1214 2571 1290 2634 illud
1311 2574 1457 2654 sapientia
1470 2573 1532 2635 Pro
1561 2588 1593 2627 Ι

99 2671 143 2741 te,
168 2666 199 2725 in
214 2664 371 2745 scripturis
386 2661 466 2724 idem
483 2659 655 2743 significare
670 2659 798 2735 videtur,
844 2659 926 2720 verb.
953 2663 1018 2722 1e.:
1046 2662 1163 2722 Omnia
1186 2665 1324 2737 propter
1343 2664 1532 2739 aanetipm
1557 2674 1562 2712 ὲ

99 2749 199 2831 quod,
215 2769 281 2812 eece
294 2758 325 2810 te
339 2749 415 2824 feci,
430 2746 643 2829 produxiteiu
657 2745 796 2821 medium,
844 2755 993 2824 operatae
1007 2754 1052 2808 cet
1067 2748 1242 2820 Dominae,
1264 2748 1405 2822 impiam
1420 2764 1532 2826 qaoque
1557 2762 1593 2802 ι

96 2838 234 2919 promovi
251 2843 282 2897 te
296 2835 336 2897 ad
355 2833 413 2896 hoc
428 2841 481 2897 ant
500 2831 583 2894 illud
606 2833 700 2895 Sonat
716 2834 796 2896 enim
843 2833 887 2893 ad
902 2832 985 2895 diem
998 2833 1128 2894 malam.
1151 2833 1373 2895 Excitationem
1388 2830 1532 2894 illamboe
1557 2851 1593 2887 r.

98 2921 346 2996 destinationem,
373 2940 453 3003 quae
475 2918 511 2981 iit
533 2917 676 2981 adhibitis
690 2919 797 2982 mediie
842 2918 931 2981 modo
947 2923 1175 3002 interpretatur,
1201 2928 1231 2980 et
1246 2916 1402 2981 luculente
1417 2919 1531 3000 exponit
1558 2935 1593 2975 ε·-

97 3012 220 3090 aptieet
234 3008 482 3071 convenientibus
497 3006 536 3067 ad
551 3005 642 3067 tinem
662 3006 796 3088 properi·
843 3026 882 3068 ex
904 3009 1054 3068 sententia
1076 3006 1111 3067 B.
1133 3006 1262 3088 August.
1286 3004 1337 3067 hl).
1365 3005 1405 3069 de
1419 3012 1531 3089 gratet
1558 3026 1593 3061 ι

96 3094 607 3170 tnm,ntPoal.17.:Oonttitttct,
628 3111 797 3172 neuponee
843 3090 894 3155 tib.
910 3093 997 3154 arbit.
1014 3114 1079 3174 cap.
1096 3093 1146 3153 20.
1168 3102 1200 3153 et
1222 3095 1273 3153 21.
1294 3093 1325 3155 Β.
1349 3092 1530 3155 'I'lromatln
1558 3110 1593 3147 ε

98 3201 148 3244 me
162 3185 199 3247 in
214 3189 311 3260 caput
324 3182 477 3260 pontiam.
499 3179 590 3242 Joan.
615 3179 681 3240 lo:
703 3181 797 3256 Eleai
843 3178 935 3260 hujus
950 3180 1010 3242 loci
1026 3187 1182 3241 comment
1359 3199 1362 3203 ·
1587 3198 1593 3215 ¹

98 3288 171 3346 aaa,
202 3277 232 3330 ct
250 3272 347 3347 potat
368 3285 438 3343 aaa,
464 3267 795 3345 atratiaatfmctam
889 3269 936 3329 18.
959 3269 1062 3344 Erae,
1089 3267 1280 3342 etimonlt,
1303 3269 1530 3343 moereant
1582 3286 1593 3299 ·

98 3357 250 3435 afferatic.
271 3357 315 3416 Et
334 3352 447 3416 Paulae
465 3358 481 3415 l
499 3352 609 3415 Thera.
627 3356 670 3415 3.:
692 3353 795 3428 Scitis,
842 3371 936 3430 qaam
953 3356 1039 3431 vult,
1055 3354 1199 3415 indurat.
1222 3349 1385 3415 Concludit
1401 3373 1441 3415 ex
1454 3370 1530 3435 prae
1583 3372 1593 3407 -“

97 3443 184 3519 qaod
205 3443 434 3520 interpositi
456 3459 571 3502 ιιιιιιιιι.
601 3440 642 3499 Et
664 3460 729 3519 cap.
752 3442 795 3502 d:
842 3438 1031 3512 cedentrlrus,
1047 3459 1082 3501 ac
1095 3440 1283 3520 potissimum
1297 3438 1406 3501 axilla
1421 3447 1529 3521 cantan-
1584 3455 1593 3489 ¹

96 3529 171 3591 Non
182 3531 291 3607 potuit
310 3547 370 3596 noe
391 3529 479 3590 Deae
500 3530 536 3588 in
558 3529 659 3603 iram,
682 3526 737 3588 red
757 3529 794 3587 in
841 3526 964 3604 tia,an
979 3525 1261 3603 dixitzmiacrcbor,
1275 3529 1367 3602 atjeu
1377 3529 1530 3603 maneat,
1590 3567 1593 3574 ,

95 3618 336 3694 acquiritionem
364 3615 485 3675 calatia.
522 3612 601 3674 Item
624 3614 734 3675 Patrue
765 3616 792 3673 1.
842 3619 897 3674 etc.
914 3611 995 3673 Nam
1010 3632 1048 3674 ex
1060 3613 1198 3694 eaplene
1208 3611 1371 3688 intellecta,
1384 3614 1531 3675 cicutantc

94 3702 240 3782 epistolae
256 3700 675 3780 2.:Neccrcdant,inqaod
690 3707 719 3761 ct
729 3718 793 3776 po·
840 3696 941 3773 docui,
978 3700 1113 3782 requitur
1145 3708 1307 3782 utrumqne
1336 3699 1532 3763 conclnaionie

93 3791 146 3850 titi
160 3797 243 3851 eunt.
265 3789 398 3851 Burrum
412 3788 505 3850 Dent.
524 3790 594 3850 28.:
618 3789 793 3850 Gonatitnct
837 3784 1017 3862 membrum3
1038 3784 1154 3848 ecilicet
1175 3786 1274 3848 Deum
1295 3806 1350 3867 pro
1372 3786 1487 3850 aoiaac
1499 3785 1531 3847 li·

92 3882 123 3936 te
138 3879 300 3938 Dominae
312 3878 348 3938 in
365 3883 478 3953 caput,
502 3893 570 3937 nan
592 3876 628 3935 in
642 3874 790 3948 canaam,
837 3871 911 3934 bera
925 3891 979 3934 ena
993 3873 1150 3934 voluntate
1165 3876 1230 3935 eine
1243 3880 1385 3955 respectu
1400 3894 1532 3957 opernm,

93 3965 233 4044 qnamria
255 3963 318 4024 illic
333 3964 363 4022 in
383 3961 526 4023 Hebraeo
549 3971 612 4022 est:
638 3961 728 4021 dabit
750 3969 789 4036 te,
837 3960 892 4020 hoe
908 3959 1029 4041 quidem
1044 3961 1174 4039 eligere,
1189 3961 1263 4022 aliae
1279 3971 1381 4022 antem
1392 3962 1531 4044 reproba·

92 4047 146 4110 aed
160 4047 240 4111 idem
256 4049 456 4130 significatum
483 4047 736 4130 quemadmodum
759 4055 791 4108 et
838 4066 879 4123 re,
895 4047 960 4107 eive
976 4057 1011 4107 ut
1025 4047 1074 4107 hic
1089 4045 1230 4130 loquitur,
1246 4046 1399 4109 indurare.

93 4135 217 4198 Jeaaiae
231 4139 300 4200 te:
323 4137 408 4198 Dedi
422 4143 452 4196 te
467 4139 502 4198 in
518 4136 618 4198 lacem
634 4137 787 4213 acatium,
879 4132 1052 4195 Notandum
1066 4136 1154 4208 enim,
1165 4135 1390 4197 indurationem
1402 4135 1531 4198 hocloco

92 4223 166 4283 dedi
181 4231 211 4283 tc
226 4225 262 4287 ia
280 4224 397 4302 foedae
416 4224 540 4300 papali.
562 4220 680 4283 Eadem
701 4242 788 4302 porro
835 4222 908 4301 poni
922 4240 976 4302 pro
992 4215 1054 4281 tota
1067 4221 1194 4282 hominia
1216 4220 1429 4298 derelictione,
1455 4240 1530 4284 com·

91 4318 136 4372 eet
152 4311 228 4371 ratio
244 4309 282 4370 de
296 4309 390 4372 verbo
406 4308 557 4370 excitandi
577 4328 631 4370 eeu
646 4309 788 4369 enecitan-
834 4308 983 4387 prehensa
991 4309 1080 4368 etiam
1092 4309 1188 4389 prima
1198 4308 1395 4390 permistione
1406 4308 1531 4391 peccati,

89 4395 121 4458 di
134 4405 169 4456 nt
183 4395 275 4457 Dent.
289 4400 355 4459 18.:
371 4397 565 4473 Prophetam
579 4395 733 4458 raucitate
746 4398 789 4456 eir
836 4395 923 4474 cujus
935 4396 1041 4456 merito
1053 4404 1159 4474 postea
1173 4397 1241 4476 quir
1249 4394 1413 4457 induretur.
1432 4396 1530 4477 Siqui-

88 4483 127 4544 ἀι
142 4484 248 4544 medio
261 4485 406 4563 fratrum
420 4502 562 4559 caeram,
579 4491 610 4543 et
624 4482 688 4543 aa:
710 4485 787 4545 snr-
835 4479 941 4542 demet
952 4482 983 4541 in
993 4483 1086 4563 priori
1095 4490 1183 4563 parte
1194 4482 1427 4545 mirericordiam
1441 4501 1531 4564 gene·

88 4570 202 4632 citabit
209 4578 238 4630 tc
247 4572 405 4632 Dominae
413 4570 471 4631 cibi
479 4573 514 4630 in
520 4570 681 4648 papulam
691 4588 786 4630 ranc-
833 4567 936 4629 raliter
951 4569 1060 4649 accipit
1078 4590 1133 4648 pro
1145 4579 1210 4630 tota
1220 4570 1361 4648 congerie
1372 4569 1529 4633 effectuum

87 4663 165 4719 tum.
177 4656 279 4719 Judic.
293 4657 338 4717 3.:
354 4659 575 4721 Seaoitavitcia
585 4656 785 4718 salvatorem.
831 4654 1124 4735 praedertinationie,
1137 4655 1528 4738 inqnaprimuegratiaeei·

96 4749 113 4808 1
129 4743 249 4828 Regum
263 4745 311 4806 2.:
324 4744 489 4809 Smeitalto
502 4745 581 4807 mili
595 4743 787 4805 sacerdotem
831 4740 930 4803 tector
937 4740 987 4804 vel
1000 4743 1130 4805 maxime
1137 4746 1317 4806 araretur.
1328 4744 1381 4807 Sic
1394 4743 1467 4806 alibi
1478 4764 1528 4807 no·
