3254 5190
10 1182 14 1219 i

482 270 647 326 morosas
661 271 702 326 so
720 270 873 328 sortitos.
910 272 994 326 vm.
1014 274 1038 326 b.
1056 273 1082 325 b.
1447 278 1517 347 103

76 447 173 510 ridere
188 458 238 510 est
251 445 337 530 apud
351 448 530 511 Primasium
543 458 574 508 et
587 447 772 520 Hervaeum,
819 465 920 508 snmus
936 448 994 507 nisi
1008 447 1185 530 pardonum
1197 446 1327 508 caritatis
1337 466 1408 527 erga
1418 445 1519 509 Deum

73 537 207 616 aliosque
221 537 360 610 Latinos,
375 556 395 594 a
409 534 519 615 quibua
528 553 585 595 nec
597 533 769 596 Theodore-
818 533 979 613 reciproce.

73 636 117 682 tus
133 621 293 695 dissentit,
323 622 396 682 dum
419 622 573 683 caritatem
587 621 665 680 hanc
680 622 769 682 inter·
862 619 949 698 Quae
966 640 1033 682 cum
1048 622 1090 681 ita
1105 622 1180 695 sint,
1205 641 1266 682 non
1289 620 1441 693 existimo,
1463 641 1518 701 pro

71 716 206 789 pretam
231 709 364 790 Spiritus
390 707 486 768 sancti
512 707 655 786 gratiam,
681 727 771 788 quarn
818 725 908 767 sensu
922 710 1089 786 posteriore
1105 707 1321 768 contentiosius
1344 706 1518 768 cenandum

69 814 119 876 par
131 795 320 876 baptism
335 795 513 875 accepimns
819 811 894 852 osse.
919 793 999 855 Satis
1014 797 1070 868 sit,
1093 803 1250 875 utrumqne
1263 792 1449 873 probabilem
1463 793 1515 854 ha·

107 880 205 942 Porro
234 882 290 943 alii
314 892 471 962 utramque
497 878 716 959 expositionem
738 882 770 940 in
817 878 889 938 beri.
913 877 1073 941 Caeterum
1093 879 1218 942 adverte
1240 899 1301 939 non
1323 898 1390 940 esse
1405 878 1516 941 dictum

67 966 198 1029 aredium
215 967 372 1031 adierunt:
395 969 523 1047 primum
545 964 690 1044 Origenes
706 961 768 1042 (ou-
816 967 986 1026 accusativo
1004 987 1089 1041 casu,
1113 965 1219 1027 diffusa
1241 965 1291 1026 vel
1314 965 1408 1026 effusa
1424 976 1471 1026 ast
1486 968 1517 1027 in

64 1056 112 1133 jus
124 1054 226 1115 verba
241 1055 386 1116 Sednlins
401 1072 525 1135 quoque
540 1054 571 1112 in
587 1071 643 1112 sua
658 1052 767 1113 collec-
817 1052 915 1111 corda
938 1061 1065 1129 nostro,
1090 1053 1144 1113 sed
1165 1054 1196 1113 in
1217 1051 1364 1113 cordibus
1386 1055 1514 1130 nostris,

67 1151 153 1202 unsa
167 1138 349 1222 compegit),
364 1142 482 1201 tametsi
495 1140 521 1198 is
535 1139 664 1219 priorem
676 1158 767 1220 expo·
816 1138 949 1200 ablativo
966 1160 1045 1214 casu,
1061 1138 1112 1220 qui
1129 1139 1253 1201 Graecis
1265 1147 1309 1198 est
1325 1136 1460 1210 dativus,
1475 1138 1513 1201 si·

10 1246 13 1303 ς
67 1229 202 1288 :tionem
217 1229 319 1306 potins
340 1225 470 1308 probare
492 1224 620 1287 videtur.
647 1223 768 1286 Deinde
816 1231 866 1284 cut
887 1226 917 1284 in
939 1226 1018 1286 Psal.
1043 1230 1109 1287 44.;
1136 1227 1265 1305 Diffusa
1287 1231 1329 1285 est
1350 1227 1459 1300 qratia
1478 1228 1514 1286 isa

66 1315 164 1394 glosas
179 1312 342 1389 ordinaria,
356 1314 391 1374 P.
406 1309 602 1386 Lombardus,
616 1330 652 1370 ao
663 1311 697 1370 B.
709 1312 766 1372 Pe·
816 1310 908 1371 labiis
923 1315 991 1373 tuis.
1016 1313 1090 1373 Plus
1111 1313 1189 1372 enim
1206 1312 1262 1372 hoc
1278 1330 1350 1371 casu
1365 1312 1513 1391 significa·

66 1401 175 1461 rarius:
211 1400 266 1480 qui
296 1399 418 1481 quidem
452 1396 596 1477 singulari
627 1398 766 1478 opinions
814 1405 877 1457 tun
890 1408 943 1474 est,
960 1399 1230 1480 quamaccusativo
1243 1397 1400 1458 diceretur.
1416 1397 1513 1480 Signi·

10 1488 12 1495 '
67 1496 166 1547 cenam
195 1495 361 1568 utrumqne
384 1505 503 1547 sensum
525 1504 592 1544 esse
619 1483 766 1546 literalem
814 1482 1399 1567 ficeturenim,utgrammaticeloquar,
1414 1494 1513 1548 motus

10 1566 12 1581 Ι

10 1590 14 1627 i

66 1573 150 1653 hujus
166 1572 236 1634 loci.
261 1572 409 1634 Nonnulli
423 1593 496 1633 vero
519 1572 657 1650 ambigue
679 1571 764 1652 loqu·
813 1571 843 1630 in
866 1571 948 1646 loco,
975 1591 1033 1652 quo
1055 1573 1123 1646 fiat,
1150 1581 1184 1632 nt
1203 1572 1311 1630 ceritas
1327 1590 1393 1631 seso
1408 1570 1514 1631 fundat

66 1670 164 1735 antur,
195 1679 256 1721 noe
280 1668 412 1721 mentem
437 1659 510 1720 satis
538 1658 704 1738 explicant,
733 1669 765 1721 ut
813 1665 905 1739 atque
919 1658 1026 1719 dilatet
1039 1660 1071 1719 in
1087 1658 1224 1719 cordibus
1240 1658 1400 1717 hominum.
1423 1656 1512 1718 Unde

67 1755 281 1808 commentator
291 1746 476 1819 Ambrosius,
488 1743 651 1804 Primasius
664 1754 696 1807 et
707 1744 763 1808 Oe·
813 1744 855 1804 ait
870 1750 888 1806 2
902 1744 969 1807 Cor.
985 1748 1029 1805 6.:
1044 1747 1106 1808 Oor
1117 1754 1262 1808 nostrum
1275 1744 1448 1805 dilatatum
1459 1751 1510 1806 est.

68 1834 231 1895 amenius
857 1833 885 1890 6.
915 1833 954 1893 Ut
976 1833 1054 1910 quid
1078 1837 1164 1894 enim
1187 1832 1345 1907 Christus,
1363 1850 1433 1892 oum
1450 1832 1510 1891 ad-

102 1923 145 1982 At
158 1919 283 1981 demum
297 1919 455 2001 posteriori
470 1917 635 1978 intellectui
660 1917 763 1983 favere
812 1918 872 1979 buo
887 1919 1010 1996 infirmi
1026 1938 1156 1981 essemus
1164 1964 1173 1993 ,
1201 1919 1374 1980 secundum
1389 1927 1511 1995 tempus

65 2007 180 2069 videtur
206 2004 254 2080 id,
281 2004 364 2087 qnod
386 2007 418 2066 in
439 2003 556 2084 synodo
583 2003 764 2068 Tridentino
809 2023 872 2082 pro
887 2008 994 2082 impiis
1008 2015 1153 2068 mortuus
1169 2006 1234 2065 est?
1250 2004 1369 2066 Graeca
1384 2006 1449 2065 sine
1464 2006 1509 2066 in·

64 2111 130 2153 sesa
146 2095 177 2154 6.
194 2112 262 2173 cap.
280 2093 308 2151 'l.
325 2091 441 2167 dicitur,
455 2111 509 2173 per
521 2091 663 2172 Spiritum
678 2112 761 2154 sanc·
812 2094 1014 2173 terrogatioue
1037 2093 1146 2174 legunt
1168 2092 1224 2152 hoo
1249 2091 1353 2152 modo:
1377 2083 1425 2148 ἔτι
1450 2082 1509 2169 γὰρ

10 2246 12 2251 ,
63 2190 119 2240 turn
133 2177 268 2239 diffundi
284 2180 437 2240 mritatem
453 2180 484 2239 in
500 2177 639 2239 cordibus
652 2198 762 2256 eorum,
811 2171 961 2256 Χριστὸς,
984 2172 1082 2237 ὄντων
1106 2170 1191 2257 ἡμῶν
1217 2167 1365 2238 ἀσθενῶν.
1397 2177 1509 2239 Adbuc

64 2267 110 2346 qui
130 2261 357 2345 justificantur,
375 2272 466 2347 atque
490 2265 562 2345 ipsis
588 2265 761 2327 inhaerere:
811 2267 895 2326 enim
911 2267 1063 2342 Christus,
1080 2264 1297 2327 assidentibus
1313 2263 1508 2341 nobisinllr·

63 2351 201 2434 quodque
217 2350 369 2432 Theologi
380 2370 419 2413 ex
433 2351 490 2412 hoo
504 2350 570 2410 loco
587 2353 760 2431 scripturae,
810 2348 1509 2425 misSedordoest:NamChristus,cumadhuc

62 2446 237 2499 tsmcontra
248 2440 420 2519 magistrum
429 2437 660 2513 Sententiarum,
673 2459 762 2520 quam
810 2459 864 2499 nos
880 2440 990 2502 infirmi
1005 2459 1144 2501 essemus.
1167 2437 1305 2519 Suspicio
1329 2446 1392 2510 est,
1417 2437 1506 2497 inter-

61 2526 267 2587 eontranostri
279 2527 420 2605 temporis
435 2524 602 2585 haereticos
616 2527 763 2607 imputati·
809 2535 924 2606 protem
938 2547 991 2608 pro
1007 2519 1055 2586 ἔτι
1078 2527 1189 2605 legisse
1204 2518 1250 2593 εἷς
1272 2518 1318 2600 τί,
1342 2522 1373 2584 id
1389 2531 1448 2595 est,
1464 2521 1508 2582 od

61 2632 111 2673 sae
123 2613 266 2691 justitiae
281 2619 462 2685 assertores,
478 2618 614 2673 statuunt
628 2612 761 2679 habitum
810 2614 898 2690 quid,
915 2615 966 2675 vel
980 2615 1083 2694 potius
1098 2604 1152 2670 ἵνα
1164 2605 1194 2669 τί
1194 2658 1205 2689 ,
1223 2610 1304 2693 quod
1318 2611 1418 2672 multis
1430 2610 1504 2670 locis

61 2701 190 2761 mustis
206 2707 330 2759 creatae
354 2705 385 2758 et
405 2696 603 2758 inhaerentis:
626 2705 761 2779 quamvis
809 2701 915 2760 tamin
930 2701 1068 2774 Psalmis,
1084 2720 1176 2780 quam
1191 2702 1224 2760 in
1238 2717 1317 2759 novo
1329 2704 1505 2758 testamento

61 2787 189 2867 stjnxta
211 2784 338 2844 alteram
360 2785 579 2865 expositionem
602 2785 633 2844 id
655 2787 760 2867 ipsum,
809 2788 974 2849 vocuiatim
988 2787 1105 2861 reddit,
1126 2795 1163 2849 ut
1186 2786 1272 2864 quid.
1294 2785 1341 2844 Ac
1356 2783 1504 2844 nihilomi-

60 2872 163 2934 nltam
179 2891 221 2933 ex
236 2872 451 2953 consequenti,
478 2873 569 2931 statui
583 2880 700 2953 potest,
727 2885 760 2937 ut
809 2894 863 2935 nus
889 2869 937 2934 ἔτι
952 2876 992 2935 ah
1006 2895 1041 2937 ao
1056 2876 1167 2935 lectum
1180 2873 1272 2934 inisse
1288 2872 1393 2932 saltem
1406 2877 1505 2950 posta-

59 2958 188 3020 ostendit
202 2957 376 3036 Cajetanua,
392 2967 422 3018 et
436 2966 506 3018 ante
522 2977 589 3019 eum
602 2957 758 3038 Origenes.
807 2964 887 3024 riore
898 2964 973 3036 looo,
989 2963 1089 3041 arguit
1099 2962 1166 3042 ipse
1178 2961 1292 3020 versio:
1319 2977 1389 3018 oum
1402 2957 1505 3017 adbuc

60 3044 135 3106 liam
165 3045 301 3106 caritatis
330 3045 392 3105 Dei
421 3044 452 3103 in
482 3044 620 3106 cordibus
650 3051 759 3111 nostris
808 3057 862 3109 otc.
893 3048 1053 3117 Caeterum
1081 3049 1145 3112 eive
1175 3066 1241 3108 cum
1272 3044 1505 3124 interrogatione

59 3132 179 3206 musio,
207 3130 371 3191 secundum
398 3131 522 3190 effectus
544 3131 664 3195 divinae
686 3155 759 3217 erga
806 3138 967 3217 pericopen
989 3136 1067 3197 hanc
1088 3134 1190 3213 legas,
1218 3131 1368 3213 quomodo
1383 3139 1503 3190 veteres

59 3238 110 3279 nos
135 3219 271 3279 cantatis
298 3217 426 3296 intelligi
441 3217 546 3293 debet,
573 3220 603 3280 id
625 3230 685 3296 est,
711 3244 757 3283 se·
806 3224 932 3284 Latinos
947 3224 1058 3303 legisse
1073 3227 1202 3295 constat,
1219 3221 1283 3280 sive
1297 3216 1443 3299 particula
1459 3218 1501 3275 in-

59 3304 185 3367 eundum
197 3305 278 3365 dona
293 3304 422 3386 Spiritus
437 3306 532 3365 sancti
547 3307 632 3368 uobis
648 3309 758 3372 collata
806 3310 1015 3390 terrogationis
1029 3316 1158 3379 remota,
1185 3305 1369 3368 confirmatio
1393 3312 1438 3366 est
1453 3322 1502 3362 su·

60 3391 197 3452 scrobis
212 3391 411 3466 inhaerentia,
428 3391 674 3472 quemadmodum
690 3397 756 3477 ipse
805 3397 1004 3477 predictorum
1029 3397 1186 3457 effectuum
1207 3403 1237 3454 et
1267 3399 1501 3453 ornamentorum

60 3475 173 3539 Paulus
188 3480 327 3557 exponit,
351 3498 441 3559 quum
457 3477 553 3539 addit:
568 3500 629 3557 per
650 3485 756 3560 Spiri-
805 3504 844 3545 ex
860 3504 905 3558 eo,
927 3474 1010 3563 duod
1024 3503 1078 3562 pro
1092 3479 1178 3543 uobis
1192 3480 1291 3541 adhuc
1305 3479 1405 3559 impiis
1425 3495 1501 3539 mor·

61 3571 125 3626 lum
138 3571 297 3641 mactum,
315 3568 370 3643 qui
386 3565 480 3625 datus
496 3573 539 3626 sat
553 3568 651 3630 nobis.
804 3580 872 3632 tuus
893 3570 949 3631 fuit
972 3569 1127 3642 Christus,
1155 3589 1190 3629 ac
1212 3568 1238 3630 si
1259 3566 1361 3628 dicat:
1388 3573 1500 3646 quanto

99 3651 191 3713 Un‘le
204 3650 241 3711 tit
255 3672 457 3732 consequens,
474 3655 504 3712 in
518 3655 605 3715 nobis
620 3675 703 3729 esse,
727 3668 757 3718 et
803 3661 899 3738 magis
911 3658 977 3736 jam
992 3656 1031 3717 ad
1047 3676 1079 3718 se
1096 3657 1250 3716 conversis
1262 3651 1502 3715 etreconoiliatis

61 3737 198 3799 cordibus
213 3741 324 3798 nostris
339 3739 496 3801 inhaerere
511 3742 666 3804 caritatem
681 3747 754 3805 reoi-
805 3753 837 3804 et
858 3745 959 3805 amicis
982 3762 1036 3804 sua
1057 3743 1203 3805 beneficia
1226 3738 1410 3802 cumulabit?
1433 3738 1502 3798 Hoc

60 3843 177 3903 prosam
192 3843 267 3903 erga
280 3825 389 3885 Deum.
413 3824 492 3885 Nam
515 3830 676 3910 praecipue
691 3830 756 3890 dari
804 3833 882 3894 enim
894 3838 1101 3911 argumentum
1114 3830 1245 3892 inculcat
1256 3829 1287 3888 in
1299 3825 1499 3909 sequentibus.

61 3910 141 3971 nobis
164 3910 273 3972 dicitur
287 3911 415 3991 Spiritus
432 3922 551 3974 aucuia
565 3924 689 3996 propter
703 3912 755 3978 do·
846 3918 903 3978 Illa
916 3936 995 3998 pars,
1011 3917 1185 3979 secuudum
1202 3925 1338 3990 tompus,
1364 3911 1501 3994 quamvis

62 4016 125 4058 uum
146 3999 297 4071 caritatis,
324 3997 403 4080 qnod
426 4008 457 4059 et
482 4003 608 4062 caeteris
628 4003 755 4084 Spiritus
803 4004 898 4079 adid,
914 4002 1173 4085 quodpraecedit,
1189 4002 1333 4063 referatur
1346 3998 1500 4059 anonnul-

61 4086 151 4145 saucti
166 4084 353 4146 cbrismnis
366 4085 561 4147 excellentius
579 4097 632 4161 est,
648 4110 684 4150 ac
695 4111 754 4151 ma·
803 4091 857 4165 lis,
884 4093 993 4153 rectius
1015 4101 1115 4151 tamen
1138 4086 1335 4170 sequentibus
1355 4086 1500 4166 jungitur.

60 4171 133 4232 x'use
147 4173 368 4244 necessarium,
394 4177 410 4231 1
435 4171 503 4233 Cor.
522 4175 570 4235 13.
600 4177 669 4236 Huc
684 4175 755 4238 iacit
804 4177 895 4258 Quod
908 4179 980 4239 iacit
993 4180 1196 4258 Hieronymus
1212 4177 1241 4235 in
1258 4172 1385 4254 epistola
1399 4170 1500 4231 adAl·

61 4253 136 4319 locus
151 4257 259 4319 similis
273 4258 355 4338 apud
370 4259 520 4320 ioannem
536 4261 715 4342 Apostolum
736 4272 751 4329 1
802 4267 916 4344 guaiam
931 4267 1104 4347 quaestione
1121 4268 1159 4337 7,
1173 4264 1226 4324 ubi
1236 4263 1334 4323 locum
1346 4260 1424 4320 hunc
1434 4277 1499 4337 per·

60 4345 199 4424 epistolae
214 4351 259 4420 3,,
281 4344 334 4405 ubi
356 4346 399 4406 sic
413 4347 470 4405 ait:
501 4348 609 4408 Videte
628 4352 753 4426 qualem
802 4360 917 4414 tractat.
945 4352 1192 4432 Theophylaotus
1213 4352 1299 4428 item,
1315 4360 1344 4411 et
1360 4349 1500 4411 Oscume·

61 4435 220 4494 ooritotesra
236 4433 325 4492 dedit
339 4434 431 4493 nobis
445 4435 553 4510 Pater,
569 4443 605 4496 ist
621 4438 680 4512 filii
692 4443 754 4502 Dei
802 4444 869 4503 nius
893 4443 924 4504 in
950 4442 1175 4504 commentariis.
1202 4442 1340 4512 Rectius,
1366 4439 1500 4518 inquam,

60 4524 259 4583 mminemrsr
273 4523 420 4580 etsimua.
434 4522 541 4596 Dedit,
555 4521 651 4597 idest,
666 4547 752 4605 prae·
802 4528 873 4610 qnia
889 4528 1005 4591 Graece
1019 4548 1079 4586 non
1095 4537 1140 4587 est
1154 4521 1284 4605 χρόνος,
1300 4526 1362 4606 ‘sed
1378 4519 1498 4603 καιρὸς,

59 4608 132 4681 ffitit,
146 4606 304 4682 exhibuit3
318 4617 353 4667 nt
367 4607 428 4667 Dei
440 4611 548 4670 caritas
561 4611 752 4692 intelligatur,
801 4637 880 4698 quae
902 4637 963 4678 vox
983 4613 1131 4692 significat
1156 4624 1273 4699 tempus
1301 4619 1499 4695 opportunum

59 4712 109 4775 qn
128 4696 218 4760 uobis
231 4691 321 4756 dedit
334 4714 404 4756 ease
417 4694 494 4758 filios
508 4698 581 4772 Dei,
596 4697 675 4779 quod
690 4723 751 4765 non
800 4703 840 4765 sd
855 4703 968 4785 aliquid
983 4700 1142 4780 agendum
1158 4701 1231 4765 Jam
1245 4722 1318 4765 vero
1334 4699 1500 4787 scripturae
