3254 5190
476 271 638 327 uersutus
655 271 695 325 All
713 271 863 326 saumas.
885 270 968 324 VERS.
988 272 1011 322 7.
1025 271 1049 323 8.
1063 271 1087 322 9.
1453 279 1498 345 61

91 450 119 507 7.
142 450 179 511 Si
203 453 295 509 euim
316 451 437 510 ueritas
451 450 514 508 Dee·
528 450 564 507 iu
579 465 647 508 meo
663 468 754 508 meu·

51 535 139 594 doeio
154 535 344 595 abundauit
354 537 391 594 trs
401 537 540 610 pluriam
551 537 658 610 ipsius.
671 536 754 595 Men·

52 620 166 681 dacium
181 631 291 694 vocat,
307 621 388 700 qnod
410 622 500 701 paulo
524 630 594 681 ante
617 622 755 701 iniquita·

52 718 121 779 tem,
136 706 170 767 id
186 717 239 767 cst
248 716 416 788 peccatum.
428 707 539 767 Nullus
551 708 629 766 enirn
641 716 754 787 peccat,

54 797 101 854 nisi
117 793 201 853 falsa
217 795 321 874 specie
345 793 422 853 boni.
446 794 534 852 Dixit
556 801 653 852 autem
675 814 753 854 men·

53 881 163 940 dacium
187 888 316 961 propter
336 880 506 939 antithesim
529 899 595 938 cum
617 881 753 940 veritate.

54 965 216 1026 Abundare
232 969 264 1027 in
280 966 407 1044 gloriam
422 975 468 1025 est
483 965 636 1025 clariorem
652 968 725 1026 fieri.

89 1054 177 1131 Quid
192 1053 303 1113 adhue
319 1061 348 1111 et
364 1071 419 1128 eqo
435 1060 590 1128 tanquam
605 1061 754 1128 peccator

53 1140 196 1215 judicor?
218 1138 397 1214 Bedundat,
412 1146 446 1197 ut
460 1138 532 1198 alibi
547 1138 708 1213 interdurn,
725 1147 754 1198 et

55 1225 208 1304 particula
242 1227 359 1286 Senatu
385 1226 475 1284 totius
497 1244 604 1284 versus
631 1234 692 1284 est:
720 1225 754 1285 si

54 1312 120 1374 fides
132 1322 167 1373 ct
182 1314 338 1372 veracitas
353 1312 411 1372 Dei
432 1312 539 1371 clarior
561 1323 591 1371 et
613 1311 754 1371 illustrior

55 1399 126 1459 laeta
141 1409 192 1458 est
208 1419 267 1478 per
281 1419 378 1458 meum
394 1397 578 1457 mendacium
589 1399 751 1476 siveiujus-

55 1488 159 1562 titiam3
176 1505 300 1564 curcgo
311 1494 417 1566 postea
422 1484 557 1562 judicor,
573 1483 753 1544 condemnor

56 1575 203 1654 etpunior
217 1582 367 1652 tanquam
387 1573 515 1631 mendax
538 1580 569 1631 et
591 1571 753 1650 peccator?

56 1661 134 1721 Suam
164 1679 331 1739 personam
356 1661 442 1738 ponit
466 1679 520 1738 pro
546 1659 653 1738 quavis
679 1659 752 1730 alia,

59 1756 192 1827 tanquam
210 1745 342 1806 diceret:
354 1746 387 1804 Si
401 1753 525 1825 peccata
539 1745 687 1804 hominnm
700 1766 754 1824 per

59 1855 82 1894 ae
86 1836 243 1913 justitiam
261 1833 320 1893 Dei
333 1833 484 1892 illustrant
495 1833 621 1912 ejusque
629 1832 752 1910 gloriam

59 1930 244 2002 promoveam
272 1940 323 1979 cnr
344 1920 434 1998 igitur
454 1919 588 1978 homines
610 1928 752 1996 tanquam

59 2018 228 2088 peccatores
255 2004 441 2085 puniuntur?
466 2004 592 2064 'l'oletns
615 2004 753 2064 subtilem

60 2095 200 2177 quendam
211 2093 341 2153 adhibet
352 2092 422 2153 huic
430 2092 496 2151 loco
504 2093 753 2161 commentarium,

60 2201 133 2261 quem
149 2182 262 2241 lectori
278 2180 373 2259 ipsius
384 2177 579 2258 judicandam
606 2179 752 2256 relinquo.

60 2267 143 2328 llobis
151 2265 283 2347 quidem
294 2265 414 2326 videtur
425 2266 561 2328 coactior.
572 2275 673 2324 nostra
682 2282 752 2323 vero

61 2355 215 2415 eommunis
232 2361 280 2413 est
296 2354 461 2432 expositio;
484 2349 563 2430 quod
586 2352 695 2430 etipse
713 2352 752 2409 fa·

61 2447 135 2501 tetur.
156 2439 202 2499 Et
226 2438 297 2498 hnic
314 2441 424 2518 optime
439 2437 590 2510 cohaeret,
611 2436 691 2516 quod
707 2457 752 2496 se·

75 2531 165 2588 uitur·

62 2547 119 2674 qb
142 2615 189 2674 Et
206 2631 296 2687 nou,
321 2615 401 2671 sieut
423 2611 695 2687 blasphemamur,
723 2617 752 2668 et

60 2704 126 2761 aaut
140 2704 243 2774 ajunt
255 2699 389 2775 quidam
397 2716 455 2758 uos
463 2699 576 2770 decere,
592 2698 751 2773 faciamus

60 2789 135 2847 nala
150 2794 190 2846 att
205 2788 346 2846 ueniant
362 2784 467 2843 bona?
482 2785 751 2859 Bluspbemamur

62 2867 331 2948 βιασφημοῦμεθα,
341 2869 432 2968 idest,
447 2870 658 2942 maledicimur,
673 2870 750 2928 male

60 2956 189 3020 danobis
206 2957 342 3018 homines
365 2935 534 3037 loquuntur.
557 2959 688 3017 Sensus:
711 2957 752 3014 Et

59 3063 101 3105 tu
112 3066 175 3106 non
191 3047 295 3124 potius
310 3043 377 3103 dico
393 3041 482 3119 (sicut
493 3042 613 3123 quidam
626 3042 752 3101 meloda

59 3132 133 3193 tobia
148 3132 313 3211 loquentes
328 3132 413 3209 ajunt
434 3149 488 3189 nos
509 3126 637 3205 dicere):
660 3129 750 3187 facia

59 3237 112 3279 aas
124 3218 218 3291 mala,
234 3215 419 3277 cumulemus
430 3227 554 3295 peccata
564 3216 704 3293 peccatis,
720 3222 752 3274 ut

58 3307 173 3365 veniant
187 3305 287 3378 bona,
302 3304 392 3383 quale
404 3311 449 3363 est
459 3304 556 3362 Deum
570 3299 751 3381 glorificari?

57 3389 188 3472 duppleri
206 3392 356 3450 sententia
370 3398 466 3470 potest
479 3392 566 3448 etiam
579 3389 635 3447 hoc
645 3387 749 3446 modo:

57 3475 89 3536 ht
101 3498 156 3538 cur·
169 3497 235 3537 non
251 3477 350 3555 potius
365 3475 489 3536 facimus
504 3475 598 3547 mala,
618 3482 652 3533 ut
666 3474 751 3533 Dens

57 3560 261 3640 glorificetur?
288 3564 365 3622 sicut
387 3561 507 3642 quidam
534 3562 751 3621 calumniantur

10 3664 12 3683 ¹
57 3668 101 3710 ms
121 3651 244 3711 dicere:
272 3650 445 3710 Faciamus
463 3649 552 3707 mala
566 3655 603 3707 ut
620 3650 751 3708 ueniant

58 3734 142 3797 baua
166 3734 300 3795 Videtur
312 3735 477 3815 Apostolus
499 3754 551 3794 eos
575 3734 750 3813 siguificare,

57 3823 100 3901 qui
113 3823 196 3882 male
220 3831 252 3881 et
275 3823 456 3882 calumniose
481 3820 751 3899 interpretabantur

56 3907 177 3991 dquod
192 3909 307 3988 passim
322 3907 466 3982 docebat,
493 3906 751 3986 superabundasse

56 3997 174 4073 gratiam
188 3995 260 4069 Dei,
275 3994 328 4055 ubi
338 3994 592 4075 superabundavit
601 3994 749 4052 hominum

56 4080 200 4162 'niquitas

89 4169 187 4230 Simul
209 4169 360 4241 insinuat,
381 4189 435 4247 pro
455 4167 561 4246 regula
581 4164 750 4238 tenendum,

56 4272 88 4314 ua
101 4276 239 4336 unquam
255 4213 365 4314 melani
381 4253 525 4314 faciamus
538 4255 751 4332 cujuscumque

56 4335 119 4402 boni
133 4345 242 4422 gratia
268 4339 427 4401 Caeterum
451 4343 622 4420 permittere
645 4348 676 4398 ot
691 4359 751 4398 nou

56 4424 192 4509 hpedire
207 4427 290 4489 mala
306 4447 397 4507 quum
412 4431 525 4507 possis,
549 4424 675 4487 utbona
690 4445 749 4484 ma·

54 4512 113 4589 iura
131 4518 290 4588 eveniant,
314 4514 395 4574 haud
417 4512 508 4574 dubie
530 4514 643 4573 licitum
659 4521 752 4571 estet

58 4596 208 4665 laudabilis
229 4602 427 4685 prudentiam
447 4597 696 4681 quemadmodum
722 4608 751 4659 et

58 4685 141 4764 illud,
155 4690 318 4753 consulere
333 4688 462 4769 cuipiam
476 4689 573 4748 minus
588 4693 755 4768 peccatum,

804 467 864 526 quo
888 469 906 506 a
925 448 1032 525 majori
1054 455 1223 507 revocetur:
1250 447 1329 506 sicut
1350 448 1416 526 ipse
1430 445 1503 507 feeit

803 534 984 612 Apostolus,
1001 533 1152 612 quaedam
1167 533 1330 594 secundum
1346 533 1500 612 indulgen·

803 622 873 679 tiam
889 621 991 679 dicens
1007 621 1135 692 infirmis,
1151 640 1210 680 non
1227 619 1392 680 secundum
1408 622 1500 700 impe·

803 708 885 777 rium,
904 712 918 766 1
939 705 1007 765 (lor.
1026 711 1053 766 7.

846 795 988 871 Quorum
1005 793 1171 852 damuatio
1190 797 1279 866 J'usta
1302 800 1362 866 eat,
1387 793 1501 853 scilicet

802 899 903 939 eorum
919 881 968 959 qui
985 881 1028 936 sic
1042 879 1217 958 loquuntur:
1232 881 1393 956 faciamus
1413 881 1500 939 mala

802 974 856 1025 ete.
868 966 1006 1043 Rejectio
1019 974 1071 1025 est.
1084 965 1154 1025 Non
1170 967 1248 1025 enim
1262 965 1398 1044 dignatur
1412 966 1500 1024 illati·

803 1072 889 1111 onem
901 1062 960 1111 tam
973 1051 1133 1110 absurdam
1142 1051 1276 1130 pluribus
1283 1052 1435 1125 refellere,
1447 1050 1500 1111 sed

802 1159 867 1198 eam
876 1138 1050 1216 simpliciter
1059 1137 1244 1197 condemnat.
1258 1139 1410 1217 Sapientis
1419 1138 1497 1197 enim

802 1224 992 1303 disputatoris
1007 1233 1061 1296 est,
1074 1245 1133 1283 non
1149 1223 1187 1282 ad
1204 1226 1303 1284 omnia
1312 1226 1432 1303 objecta
1439 1243 1499 1284 res·

801 1310 943 1391 pondere,
955 1309 1008 1369 sed
1022 1310 1167 1388 quaedam
1183 1319 1383 1372 contemnere.
1395 1312 1500 1371 Dam-

801 1402 890 1458 uatio
903 1397 1019 1457 Graece
1026 1396 1203 1473 judicium,
1216 1399 1269 1458 sed
1282 1399 1417 1476 intellige
1429 1418 1499 1457 con·

801 1485 1015 1555 damnativam,
1029 1492 1064 1542 ut
1078 1484 1150 1543 alibi
1165 1483 1346 1564 frequenter.

844 1572 903 1630 Hic
924 1569 1085 1631 secundam
1105 1569 1342 1630 distributionem
1358 1571 1500 1634 Theodo-

801 1658 857 1717 reti
879 1658 945 1717 finis
965 1666 1011 1716 est
1032 1657 1117 1735 primi
1138 1660 1208 1717 tomi
1237 1659 1329 1737 hujus
1345 1659 1499 1739 epistolae,

802 1754 832 1804 et
854 1743 976 1804 secundi
998 1745 1112 1803 initium
1135 1765 1153 1803 a
1172 1744 1272 1806 verbis
1298 1747 1497 1825 sequentibus.

802 1830 877 1890 (lum
889 1832 976 1901 enim,
992 1831 1096 1909 inquit,
1109 1831 1262 1910 gentilium
1274 1831 1499 1893 ctJudaeorum

802 1920 985 1998 iniquitatem
995 1918 1357 1999 coarguissetApostolus,
1366 1929 1498 1980 etutroa·

802 2024 858 2084 qua
881 2004 1025 2082 supplicio
1053 2002 1160 2081 dignos
1187 2006 1381 2080 ostendisset3
1413 2008 1500 2066 offert

802 2091 946 2168 deinceps
962 2089 1031 2148 fidei
1055 2089 1304 2152 medicamentum
1330 2102 1360 2152 et
1379 2093 1499 2153 divinae

802 2176 1030 2255 disponsationis
1046 2176 1262 2254 benignitatem
1277 2179 1374 2238 docet

846 2265 873 2322 9.
898 2263 981 2343 Quid
997 2263 1094 2336 erqo?
1106 2266 1331 2336 praecellimus
1346 2266 1420 2325 eos?
1436 2268 1499 2326 Ne·

801 2369 971 2425 quaquam.
995 2351 1059 2408 Eos
1075 2370 1134 2408 non
1151 2353 1243 2411 estin
1259 2351 1392 2425 Graeco,
1416 2361 1497 2412 recte

801 2445 900 2494 tamen
918 2435 1094 2513 suppletum
1111 2438 1200 2495 etiam
1212 2438 1250 2497 ab
1265 2439 1399 2497 Erasmo.
1417 2438 1497 2519 Quo·

800 2523 877 2581 niam
893 2522 1052 2581 videbatur
1067 2520 1220 2582 Judaeum
1236 2525 1412 2603 praetulisse
1427 2545 1498 2604 gen·

799 2608 854 2681 tili,
870 2606 989 2688 quando
1006 2607 1088 2680 dixit,
1104 2609 1226 2669 multum
1242 2631 1426 2690 peromnem
1438 2632 1498 2671 mo·

801 2655 869 2754 durh
887 2694 1013 2774 amplius
1030 2714 1094 2754 csse
1110 2696 1132 2755 J
1135 2695 1249 2755 udaeo
1265 2717 1371 2757 rursus
1388 2698 1445 2770 hic,
1461 2718 1499 2758 ne

801 2782 823 2842 J
826 2781 939 2841 udaeus
952 2801 985 2840 se
998 2781 1123 2840 extollat
1136 2782 1278 2843 adversus
1291 2785 1465 2863 gentilem,
1457 2794 1499 2844 ita

801 2870 933 2948 qnaerit;
951 2869 1034 2946 Quid
1050 2869 1146 2944 erqo?
1161 2889 1199 2928 an
1216 2871 1285 2948 quia
1302 2872 1357 2929 boe
1369 2871 1497 2950 amplius

801 2973 867 3014 esse
883 2955 944 3014 dixi
961 2954 1101 3027 Judaeo,
1124 2954 1192 3032 ideo
1218 2976 1272 3015 ms
1288 2956 1400 3016 Judaei
1415 2978 1497 3036 pree·

802 3040 934 3101 callimus
951 3042 1103 3119 gentiles?
1120 3044 1162 3102 Et
1177 3043 1353 3122 respondet:
1369 3046 1497 3120 Nequa-

801 3146 906 3204 quam
923 3120 1082 3187 Graece
1054 3135 1087 3185 ιι
1104 3121 1246 3201 πάντως,
1264 3149 1329 3190 aare
1347 3134 1497 3191 omniuo:

802 3214 855 3273 sed
863 3222 986 3291 usurpat
995 3214 1106 3273 Paulus
1116 3235 1169 3293 pro
1179 3235 1393 3317 nequaquam,
1406 3219 1497 3277 nullo

801 3301 903 3360 modo.
921 3298 989 3377 Qua
1004 3303 1198 3379 responsione
1214 3323 1272 3361 non
1283 3305 1346 3381 J‘arn
1361 3304 1418 3363 sibi
1431 3324 1497 3363 con·

800 3389 908 3445 trarius
932 3393 977 3443 est
1001 3387 1170 3465 Apostolus.
1194 3389 1321 3447 D'urerat
1343 3391 1421 3450 enim
1440 3391 1497 3450 Ju-

801 3472 875 3532 daeo
892 3471 1017 3549 amplius
1033 3493 1108 3543 esse,
1124 3482 1268 3551 quantum
1280 3477 1386 3535 attinet
1397 3477 1436 3536 ad
1446 3497 1495 3537 ex·

801 3568 886 3619 terna
901 3556 1044 3617 beneficia
1060 3559 1082 3618 J
1085 3558 1191 3618 ndaico
1207 3562 1320 3640 populo
1335 3563 1497 3623 exhibitae

800 3647 875 3718 Deo,
900 3653 929 3704 et
953 3644 1026 3703 illud
1049 3648 1190 3718 maxime,
1212 3648 1280 3726 qnia
1303 3647 1415 3709 credita
1438 3649 1497 3710 illis

800 3733 918 3792 fuerant
933 3732 1053 3810 eloquia
1064 3732 1143 3791 Dei:
1159 3732 1207 3791 hic
1223 3741 1320 3793 autem
1337 3744 1427 3814 negat
1443 3737 1497 3797 Ju-

802 3821 908 3879 daeum
925 3817 1059 3876 absolute
1075 3818 1274 3898 praecellere,
1290 3820 1321 3878 id
1337 3831 1383 3880 est
1398 3821 1497 3901 quoad

800 3926 902 3965 veram
913 3905 1078 3982 justitiam,
1104 3925 1123 3964 a
1145 3925 1206 3985 qua
1227 3906 1289 3966 sola
1305 3908 1436 3985 peteuda
1452 3919 1498 3969 est

801 3988 927 4052 hominis
958 3993 1100 4071 cujusque
1130 4012 1202 4052 vera
1229 4003 1258 4052 et
1283 3992 1380 4053 solida
1407 4015 1496 4075 supra

801 4080 889 4139 alium
907 4078 1093 4137 excellentia.
1110 4078 1198 4139 Unde
1214 4081 1363 4158 sequitur:

845 4166 974 4225 Causati
990 4169 1073 4224 euim
1085 4167 1343 4229 sumusJudaeos
1355 4175 1384 4225 et
1397 4167 1496 4230 Grae·

801 4271 851 4312 cos
867 4271 974 4312 omues
989 4252 1044 4313 sub
1054 4261 1185 4327 peceato
1198 4272 1266 4313 esse
1280 4253 1494 4332 Gracceapoq·

801 4329 993 4414 τιασᾰμεθα,
1011 4359 1098 4419 qnasi
1090 4338 1209 4398 dicat:
1203 4344 1427 4415 ·praeeausatt
1441 4360 1495 4401 su·

800 4444 878 4485 mus.
895 4426 986 4503 Quod
1012 4446 1067 4502 eqo
1095 4428 1320 4504 transferrem,
1340 4429 1383 4487 ait
1397 4427 1496 4500 Valla,

800 4530 900 4588 supra
915 4512 1056 4573 diximus
1070 4518 1155 4572 euim
1170 4533 1309 4574 eausam
1325 4514 1414 4573 Unde
1429 4535 1495 4577 sen·

801 4618 865 4658 sum
880 4599 959 4658 hunc
974 4600 1118 4660 reddunt.
1134 4601 1158 4660 J
1159 4621 1204 4660 am
1217 4603 1293 4661 enim
1306 4610 1376 4661 ante
1388 4603 1495 4681 proba-

800 4687 897 4746 vimus
912 4684 1012 4747 allatu
1024 4688 1121 4749 causis
1134 4697 1166 4747 et
1176 4689 1348 4762 rationibus,
1360 4687 1384 4750 J
1384 4688 1496 4749 ndaeos
