3254 5190
459 255 624 313 tetstatur
640 255 679 312 tu
697 255 849 311 neutros.
884 255 969 311 tuas.
989 257 1029 311 15.
1048 255 1088 311 ts.
1450 265 1494 330 17

56 437 218 515 piceam
250 434 340 496 Haec
361 433 441 509 dicit,
463 453 502 494 ne
524 432 601 494 forte
621 433 751 492 Romam
798 439 955 493 occurrunt
964 430 1022 492 hac
1033 431 1155 513 speciali
1168 431 1392 511 significatione.
1405 431 1496 493 Unde

55 528 216 605 cogitarent
240 543 275 584 se
297 541 397 602 neque
418 520 561 581 barbaros
585 539 668 595 esse,
697 539 748 579 ne·
798 528 827 580 et
849 519 973 580 verbale
995 519 1206 599 Evangelista.

54 632 100 694 pue
121 611 218 673 rudes
239 618 273 670 et
293 610 478 689 insipientes,
501 609 552 687 qui
568 606 664 667 Paulo
680 607 750 666 doc·
840 605 1012 666 Notandum
1048 624 1180 685 quoquc,
1213 605 1336 666 verbum
1367 604 1496 666 medium

53 711 104 758 are
126 706 270 778 egerent.
293 695 479 757 Graecorum
501 695 620 754 nomine
641 695 749 753 Roma·
798 685 1051 770 εὐαγγελίζεσθαι
1084 712 1144 753 non
1176 694 1273 753 active
1296 692 1391 751 solum
1414 711 1496 751 usur-

52 786 217 859 sesetiam,
240 783 274 844 id
289 791 342 854 est,
357 782 491 856 Latinos,
514 777 748 863 comprehendit.
796 782 869 861 pari,
892 789 926 840 ut
940 781 988 838 hic
1008 788 1038 839 et
1052 778 1128 839 alias
1151 798 1249 859 saepe,
1273 778 1325 839 sed
1348 778 1495 838 interdum

52 872 117 933 llam
141 873 262 932 caeteri
286 889 389 930 omnes
419 867 522 950 populi
554 875 676 950 propter
706 867 748 926 in·
798 869 885 927 etiam
915 868 1050 947 passive,
1080 875 1113 926 ut
1141 866 1250 926 Matth.
1284 871 1332 927 11.
1362 866 1435 927 Luc.
1467 868 1494 924 7.

51 958 200 1020 attotam
234 975 403 1018 sermonem
432 954 552 1040 barbpri
582 974 601 1013 a
623 953 749 1015 Graecis
798 954 891 1014 Hebr.
916 957 944 1014 4.

51 1058 73 1107 et
90 1046 245 1106 Romanis
269 1042 464 1103 vocabantur.
843 1041 891 1100 16.
914 1041 990 1100 Non
1005 1042 1091 1100 enim
1106 1038 1251 1100 erubesco
1266 1038 1493 1116 Euangeliou.

82 1133 250 1213 Sapientes
265 1128 411 1210 intelligit
433 1148 493 1203 ees,
516 1129 566 1209 qui
588 1127 679 1209 vulgo
703 1147 747 1186 sa·
797 1126 915 1188 Graeca
937 1125 1051 1190 addunt
1074 1126 1198 1188 Christi.
1239 1126 1351 1187 Verum
1374 1123 1495 1187 Tertul-

51 1221 157 1300 p'entes
178 1218 370 1290 dicebantur,
392 1215 423 1276 id
438 1222 491 1290 est,
514 1213 662 1275 saeculari
682 1213 748 1296 phi·
796 1215 893 1274 lianus
907 1235 942 1275 eo
959 1235 1019 1273 non
1034 1211 1137 1272 addito
1154 1215 1196 1272 sic
1210 1214 1299 1294 legit:
1322 1216 1396 1276 Non
1409 1214 1495 1273 caim

51 1306 181 1387 lcsophia
212 1305 362 1380 imbutos3
391 1303 566 1384 insipientes
596 1321 667 1363 uero
698 1302 749 1380 qui
796 1321 845 1362 me
874 1302 975 1378 podet
1008 1300 1178 1376 Evangelii
1207 1300 1258 1360 lib.
1288 1305 1316 1363 5.
1348 1300 1493 1361 adversus

53 1413 77 1453 ea
98 1393 259 1474 sapientia
282 1390 433 1451 carebant.
478 1390 540 1449 Aut
567 1387 749 1468 generaliter
795 1389 975 1448 Marcionem
998 1407 1062 1467 cap.
1089 1391 1137 1448 13.
1161 1387 1256 1468 Syrus
1271 1408 1389 1470 quoque
1404 1389 1492 1447 inter·

53 1483 216 1562 sapientes,
240 1477 363 1553 docus,
386 1477 579 1557 insipientes,
602 1474 747 1535 indoctos.
795 1495 865 1556 pres
895 1494 953 1535 non
984 1475 1135 1554 agnoscit,
1168 1483 1201 1533 ut
1233 1495 1288 1536 nee
1316 1476 1492 1536 Latinorum

54 1565 161 1647 Quibus
186 1564 329 1625 omnibus
344 1563 458 1624 Paulus
473 1582 506 1623 se
526 1562 683 1643 profitetur
698 1560 748 1621 de·
797 1562 1004 1621 commentarii.
1035 1561 1236 1639 Euangelinm
1252 1570 1340 1622 vocat
1354 1563 1411 1622 hoe
1426 1562 1492 1622 loco

55 1653 169 1714 iitorem
192 1671 236 1713 ex
258 1653 393 1730 injuncto
410 1650 467 1710 sibi
484 1669 608 1710 munere
630 1657 747 1729 aposto·
796 1648 909 1709 Paulus
925 1648 975 1709 vel
990 1647 1152 1728 Evangelii
1166 1648 1426 1728 praedicationem,
1441 1648 1493 1708 vel

55 1740 136 1800 leurs:
172 1737 357 1812 debitorem,
385 1739 519 1818 inquam,
549 1735 749 1796 annuntiandi
797 1739 892 1817 ipsam
907 1756 968 1796 rem
983 1735 1191 1815 praedicatam,
1214 1747 1247 1796 ut
1262 1735 1412 1797 Christum
1428 1755 1491 1796 cru·

57 1824 231 1888 edocendi
252 1824 425 1904 Evangelii.
468 1825 555 1884 Hanc
579 1824 658 1884 enim
680 1822 749 1883 doc·
797 1824 925 1896 cifixum,
940 1842 975 1882 ac
991 1824 1016 1883 si
1031 1821 1157 1883 diceret:
1181 1826 1326 1905 Quamvis
1342 1821 1493 1884 Christum

10 1966 12 1971 .
56 1917 150 1975 mam
172 1931 236 1974 nec
259 1910 383 1986 Gracci,
409 1930 465 1971 nec
485 1911 662 1993 Philosophi
684 1929 749 1989 per
797 1930 864 1970 esse
880 1910 1055 1982 amcitixum,
1071 1919 1100 1970 et
1115 1910 1173 1969 hoc
1187 1912 1283 1991 ipsum
1294 1911 1394 1991 palam
1408 1931 1494 1991 prae·

58 2008 197 2082 ceperant.
797 1997 897 2058 dicare
926 2017 980 2077 pro
1010 1996 1184 2076 evangelio,
1213 1997 1357 2077 probrosa
1386 2017 1433 2058 res
1463 2007 1495 2058 ct

93 2089 142 2150 15.
165 2088 224 2148 tta
247 2078 349 2164 (qued
363 2088 401 2148 ia
413 2081 476 2162 me)
494 2090 683 2161 promptum
706 2088 751 2144 est
798 2084 889 2144 stulta
897 2083 1042 2158 videatur,
1058 2106 1118 2145 non
1130 2093 1227 2144 tamen
1239 2085 1319 2145 illius
1331 2106 1378 2146 me
1392 2085 1492 2167 pudet.

59 2174 189 2237 etvobis
211 2176 271 2253 qui
286 2174 409 2235 Bootae
431 2174 501 2232 eatis
520 2172 750 2248 evangelizare.
797 2173 885 2232 Ratio
909 2173 1058 2251 sequitur:

58 2260 106 2323 Pro
128 2263 197 2338 ita,
230 2259 317 2320 multi
346 2259 463 2320 codices
492 2257 604 2319 habent
629 2261 749 2335 itaque,
848 2260 957 2320 Virtus
972 2261 1056 2319 enim
1069 2259 1131 2317 Dei
1147 2266 1190 2318 est
1204 2261 1240 2318 in
1255 2259 1390 2320 salutem
1406 2261 1494 2321 emat

60 2348 222 2409 etGraece
245 2345 369 2427 quidem
400 2354 445 2406 est
471 2337 570 2423 οὕτω,
600 2348 660 2422 sic,
691 2348 749 2422 itu,
798 2345 947 2407 credenti.
974 2346 1033 2405 Hic
1051 2345 1116 2423 jam
1138 2345 1310 2425 aggreditur
1332 2346 1493 2426 Apostolus

60 2434 101 2495 sed
121 2436 181 2496 hoe
204 2433 275 2494 loco
290 2434 353 2493 vim
375 2433 466 2493 habet
488 2433 631 2494 illationis
653 2442 683 2491 et
696 2452 751 2513 per
797 2433 951 2492 materiam
985 2431 1073 2510 hujus
1102 2432 1259 2512 Epistulae
1291 2434 1494 2514 principalem,

60 2524 154 2601 ι’ωφει
183 2518 416 2601 exponendum,
442 2527 475 2580 ut
497 2523 535 2581 sit
557 2538 682 2580 sensus:
709 2522 751 2579 Et
800 2518 837 2579 de
861 2538 919 2600 qua
942 2521 972 2578 in
996 2528 1169 2598 argumento
1193 2518 1339 2596 diximus3
1371 2539 1496 2600 eamque

60 2608 116 2669 ileo
139 2617 288 2691 quantum
315 2608 348 2669 in
369 2627 417 2666 me
438 2613 500 2682 est,
520 2606 609 2667 modo
632 2613 752 2666 cessent
797 2614 889 2666 totam
911 2606 968 2665 hac
984 2607 1049 2685 ipsa
1066 2608 1213 2666 sententia
1229 2607 1402 2668 brevissime
1416 2627 1494 2668 com·

60 2695 284 2776 iupedimenta,
319 2694 411 2754 animi
445 2692 644 2774 promptitudo
678 2693 751 2752 mihi
798 2692 905 2774 plexos
929 2701 981 2751 est.
1027 2692 1139 2768 Virtus,
1162 2693 1277 2755 Graece
1299 2687 1441 2773 δύναμις,
1465 2693 1496 2754 id

61 2781 149 2857 idest,
172 2780 207 2842 id
220 2790 294 2856 'est,
315 2787 467 2863 promptus
490 2789 520 2841 et
542 2788 663 2862 paratus
686 2800 751 2839 sum
800 2789 859 2855 est,
882 2780 1024 2860 potentia.
1069 2779 1164 2839 Porro
1194 2782 1274 2840 salus
1303 2782 1428 2841 hominis
1451 2801 1495 2843 se·

62 2871 137 2928 etiarn
152 2868 244 2929 vobis
257 2868 402 2929 Romanis
417 2888 516 2928 coram
534 2867 751 2947 evangelizare.
800 2866 928 2927 cundum
952 2867 1127 2950 scripturam
1151 2867 1326 2948 intelligitur
1348 2889 1408 2929 non
1431 2878 1494 2928 tan·

61 2955 264 3034 Promptum,
287 2946 463 3033 πρόθυμον,
485 2954 517 3014 id
540 2963 587 3014 est
608 2953 752 3034 prompti·
800 2963 861 3014 tum
883 2954 914 3013 in
936 2954 1000 3014 vita
1023 2962 1162 3029 aeterna,
1185 2976 1264 3035 quae
1287 2966 1339 3028 est,
1363 2976 1495 3016 consum-

61 3041 128 3117 tude,
151 3042 348 3105 Graecismns
363 3049 415 3114 est,
437 3049 471 3101 nt
486 3050 517 3102 et
534 3043 671 3120 sequenti
686 3061 751 3120 cap.
800 3050 880 3100 mata
902 3040 999 3115 salus,
1029 3040 1084 3100 sed
1107 3043 1195 3102 etiam
1217 3043 1248 3103 in
1271 3045 1336 3121 ejus
1355 3044 1496 3121 justifica·

61 3122 197 3208 χρτρτόν,
222 3128 255 3189 id
278 3137 331 3203 est,
353 3129 531 3208 benignitas.
801 3129 891 3202 tione,
914 3148 991 3208 quae
1013 3138 1059 3187 est
1081 3128 1161 3188 salus
1185 3130 1331 3203 inchoata,
1355 3139 1384 3189 ct
1406 3130 1497 3190 habe·

91 3214 269 3294 Particula,
300 3213 387 3294 quod
407 3217 444 3277 ia
465 3234 531 3291 me,
556 3213 686 3287 Graece,
716 3205 753 3271 τὸ
802 3225 849 3275 tur
878 3216 909 3274 in
938 3215 995 3273 hac
1025 3215 1095 3273 vita.
1141 3214 1210 3293 Quo
1242 3237 1331 3277 sensu
1365 3216 1436 3276 dicit
1458 3216 1498 3276 ad

62 3291 120 3363 ια’
141 3294 213 3382 ἐμὲ,
238 3300 368 3383 quadam
390 3301 531 3362 antithesi
550 3300 712 3382 respondet
726 3298 754 3358 ei
802 3302 913 3382 Ephes.
930 3303 959 3361 2.
985 3299 1098 3362 Gratia
1111 3305 1181 3362 estis
1192 3303 1309 3363 salvati
1320 3322 1381 3379 per
1395 3304 1497 3382 fldem.

62 3389 131 3471 quod
163 3409 261 3471 supra
289 3387 379 3449 dixit:
412 3390 455 3450 Ia
483 3388 650 3450 voluntate
679 3387 753 3461 Dei,
802 3389 845 3447 Et
866 3388 905 3449 ad
928 3389 990 3447 Tit.
1014 3387 1042 3445 3.
1080 3389 1155 3449 Non
1178 3407 1215 3450 ea·
1237 3390 1384 3465 operibus
1401 3391 1498 3466 iusti·

62 3479 137 3556 quasi
168 3478 270 3538 dieat:
303 3476 372 3555 Ego
404 3474 526 3558 quidem
558 3475 756 3536 vehementer
803 3479 877 3551 tiae,
903 3474 1138 3553 patefecimus
1160 3495 1228 3551 aas,
1252 3477 1305 3536 scd
1326 3478 1499 3539 secundum

62 3564 135 3640 rolo3
164 3561 260 3624 modo
282 3581 319 3622 ea
341 3562 379 3623 sit
407 3563 495 3624 etiam
517 3561 577 3623 Dei
606 3561 754 3624 voluntas.
804 3581 895 3623 suom
917 3561 1169 3639 misericordiam
1196 3564 1301 3625 salvos
1327 3582 1386 3625 aes
1414 3564 1499 3642 fecit.

62 3650 303 3727 mosomense,
319 3648 401 3730 quod
413 3647 530 3710 Graece
545 3648 652 3710 dicitur
664 3639 756 3723 εὖαγ·
804 3649 854 3709 sic
875 3657 975 3708 autem
990 3648 1172 3728 generaliter
1186 3650 1311 3710 salutem
1333 3652 1427 3730 accipi
1442 3651 1500 3710 hoe

62 3732 186 3813 ῃλίζιεν
198 3728 506 3814 εεεῦαηελίζεοθαι,
526 3736 607 3796 idem
619 3731 756 3817 estquod
804 3736 881 3809 loco,
902 3734 1091 3794 manifestum
1114 3744 1159 3796 est
1175 3756 1214 3797 ex
1232 3738 1277 3810 iis,
1301 3757 1378 3817 quae
1399 3739 1500 3798 statim

61 3822 163 3886 benum
177 3844 216 3884 ac
231 3822 344 3884 laetum
365 3824 504 3884 nuncium
523 3821 650 3884 adferre.
683 3823 755 3902 Qui·
806 3832 976 3903 sequuntur.

61 3908 108 3972 bus
128 3911 235 3973 verbis
258 3909 381 3972 Graecis
410 3912 442 3970 in
470 3908 528 3969 hac
557 3909 676 3992 quidem
699 3910 757 3988 sig·
849 3909 943 3989 Syrus
973 3911 1119 3989 interpres
1148 3910 1274 3970 salutem
1306 3910 1354 3971 hic
1377 3920 1406 3970 et
1429 3910 1501 3970 alibi

61 3999 226 4059 efficatione
239 3999 376 4078 ¹primum
394 3997 440 4056 nsi
455 3995 576 4057 fueram
589 3995 689 4058 LXX.
712 3997 755 4055 in·
805 3999 896 4056 vitam
921 3998 1049 4076 exponit,
1072 3994 1236 4075 sedesque
1258 3998 1390 4077 generali
1412 3997 1500 4077 signi·

62 4092 210 4166 terpretes,
235 4083 383 4145 interdum
397 4082 583 4164 generaliter,
598 4092 632 4144 ut
648 4086 666 4143 2
682 4083 757 4163 Reg.
805 4084 950 4156 ficatione,
973 4082 1121 4164 quomodo
1140 4104 1230 4163 saepe
1248 4084 1328 4164 apud
1351 4085 1374 4144 J
1376 4104 1503 4144 oannem

63 4173 121 4246 ta,
151 4172 232 4234 alias
260 4179 362 4232 antem
383 4191 420 4232 ac
447 4171 540 4232 multo
571 4171 758 4252 frequentius
807 4171 957 4249 accipitur.
987 4171 1104 4231 Sensus
1130 4171 1298 4232 verborum
1321 4179 1381 4232 est:
1402 4171 1503 4233 Evan-

63 4260 239 4339 specialiter,
246 4257 288 4319 ad
298 4255 496 4338 significanda
511 4259 671 4318 laetissima
688 4257 759 4318 novi
807 4256 927 4337 gelium,
949 4256 1041 4317 idest
1065 4258 1239 4337 evangelica
1253 4258 1434 4339 praedicatio
1451 4277 1503 4318 seu

64 4343 246 4408 Testamenti
279 4347 439 4427 promissa,
472 4353 507 4406 ut
534 4345 617 4405 Psal.
648 4345 698 4404 67.
730 4351 760 4404 et
808 4344 942 4404 doctrina
963 4363 1017 4424 per
1036 4344 1166 4405 divinam
1181 4347 1322 4405 virtutem
1338 4345 1442 4405 efficax
1458 4352 1504 4405 est

65 4434 107 4492 ib.
128 4433 195 4495 Jes
228 4435 282 4495 40.
315 4431 367 4492 52.
399 4438 428 4491 et
451 4432 500 4493 61.
533 4439 565 4493 et
585 4430 706 4491 Nahum
731 4434 758 4490 1.
808 4429 846 4490 ad
861 4432 1072 4511 praestandam
1088 4431 1223 4504 salutem,
1245 4432 1276 4493 id
1292 4440 1338 4494 est
1357 4433 1505 4511 justitiam

64 4514 130 4581 lude
150 4521 287 4582 manavit
312 4519 420 4580 horum
448 4519 606 4580 verborum
627 4536 699 4578 usus
721 4516 761 4577 ad
809 4525 839 4577 et
851 4519 942 4577 vitam
952 4526 1113 4592 aeternam,
1129 4519 1252 4579 cuilibet
1264 4519 1410 4580 eredenti:
1434 4520 1505 4599 quia

65 4605 228 4687 Apostolos,
247 4605 388 4688 ejusdem
402 4606 480 4667 novi
489 4606 678 4668 Testamenti
692 4625 760 4685 pro·
808 4605 944 4665 nimirum
972 4604 1055 4665 Dens
1086 4605 1254 4686 Evangelio
1284 4607 1369 4668 velut
1398 4608 1503 4666 instru-

65 4693 253 4776 mlgrtores3
283 4695 318 4756 in
348 4711 476 4776 quorum
504 4694 624 4775 seriptis
651 4693 761 4774 passim
808 4700 908 4752 mento
937 4692 1003 4753 vult
1024 4694 1069 4753 uti
1096 4692 1136 4753 ad
1166 4693 1341 4757 adrandum
1363 4693 1505 4769 homines,

109 4796 345 4839 aratrorum
360 4790 447 4834 τιιι
1278 4801 1298 4860 9
