3254 5190
509 263 672 321 mutulae
690 265 730 321 AD
748 264 900 323 nomos.
934 264 1018 322 VERS.
1036 266 1078 319 29.
1449 272 1522 345 223

77 439 256 515 Praedieit,
265 437 386 500 Graece
396 432 585 518 προείρηκεν,
597 441 777 522 quodEras·
827 440 953 503 sistebat
969 441 996 501 ei
1011 461 1031 499 a
1045 440 1180 516 sinistris,
1202 447 1311 521 putent
1325 440 1420 507 inisse
1433 440 1525 503 malo·

76 546 139 587 mus
148 527 400 600 veneremaluit,
411 529 504 604 prius
515 528 607 604 dicit,
621 528 774 590 utintelli·
825 548 890 588 rum
917 529 1091 608 spirituum,
1119 547 1244 609 quorum
1273 548 1367 604 unus,
1394 529 1524 589 Domino

75 628 173 692 gutur,
189 613 323 674 eundem
337 614 512 693 prophetem
530 615 606 676 haec
622 615 715 676 verba
730 615 774 676 di·
826 617 1042 693 iuterrogante:
1056 615 1411 693 Quindeeipietdcbob?
1421 634 1523 693 cores-

74 703 155 761 xisse
176 708 252 761 ante
272 701 327 760 illa
347 702 485 781 superins
506 704 606 762 citata.
637 703 776 764 Habetur
825 720 875 762 sees
899 703 983 762 stetit
1005 720 1112 762 coram
1133 703 1291 779 Domino,
1316 711 1344 764 et
1367 707 1431 763 ait:
1453 705 1523 780 Epo

76 788 151 847 enim
167 787 250 848 haec
264 789 414 868 scriptura
430 808 494 868 cap.
511 794 537 850 1.
552 789 595 848 Et
606 788 727 869 quidem
739 810 774 850 eo
825 788 981 864 decipiam
1007 788 1109 848 illum.

75 873 159 934 modo
177 871 332 935 Graecum
347 872 472 934 verbum
486 876 631 954 accipitur
646 874 713 936 Gal.
733 881 774 936 1.:
866 875 942 935 Mihi
962 894 1035 936 sane
1054 895 1114 935 uon
1135 873 1281 953 probetur
1295 876 1334 938 ed
1351 897 1419 937 eum
1434 897 1521 938 exer·

76 963 159 1021 Sicut
174 961 411 1035 praedicimus,
435 960 465 1020 id
481 971 534 1035 est,
550 971 620 1023 ente
637 961 775 1038 diximus,
825 963 923 1034 citum,
947 963 1012 1021 sire
1034 963 1186 1022 exercitus
1209 956 1289 1037 (nem
1317 972 1445 1043 utroque
1467 984 1520 1025 uu·

75 1056 101 1106 et
125 1065 219 1109 nunc
246 1051 364 1109 uerum
389 1048 469 1108 dico.
506 1049 566 1109 Sed
593 1049 669 1109 nihil
684 1058 774 1124 vetat,
824 1068 905 1108 mero
921 1046 1050 1127 legitur),
1073 1068 1200 1129 quorum
1214 1049 1298 1110 Deus
1321 1070 1354 1111 se
1368 1051 1472 1110 Deum
1486 1072 1523 1111 ac

74 1134 310 1214 praedictionem
348 1133 478 1214 intelligi
513 1145 657 1196 consueto
694 1156 775 1196 more
823 1136 1521 1217 Dominumvocatacccnserispiritusnequam.

75 1222 256 1303 Scripturas,
278 1240 388 1300 nempe
409 1221 623 1302 propheticam,
646 1241 706 1302 qua
727 1242 775 1283 res
825 1224 912 1301 (ione
939 1224 1024 1282 enim
1046 1225 1174 1283 societas
1196 1222 1260 1282 luci
1286 1225 1329 1283 ad
1352 1225 1521 1287 tenebras?

75 1307 188 1382 dicitur,
204 1317 371 1387 antequam
385 1309 447 1368 fiet
469 1309 579 1388 Neque
595 1311 671 1369 enim
687 1310 772 1370 vide·
825 1307 928 1371 scor.
946 1312 974 1370 e.
997 1310 1058 1368 Aut
1080 1307 1228 1390 quomodo
1248 1310 1428 1373 conflabitur
1442 1330 1521 1372 unus

76 1405 121 1455 tur
134 1395 258 1459 Paulus
280 1414 410 1469 curasse,
433 1397 555 1477 priusne
569 1417 608 1456 an
623 1397 774 1477 posterius
825 1398 975 1456 exercitus
989 1397 1048 1456 Dei
1070 1415 1108 1456 ex
1131 1397 1246 1476 angelis
1270 1397 1356 1459 bonis
1373 1407 1404 1458 et
1418 1398 1520 1476 malis3

76 1482 145 1543 baec
159 1501 258 1563 quam
272 1481 327 1542 illa
342 1484 496 1561 scripserit
510 1482 634 1543 Iesaiss.
825 1502 952 1563 quorum
978 1483 1119 1544 contrarii
1146 1493 1215 1545 sunt
1240 1483 1314 1546 fines
1340 1491 1371 1545 et
1396 1484 1522 1547 studia?

112 1571 187 1631 h's’se‘
199 1571 363 1631 Dominus
372 1571 512 1631 Sabaoth
526 1569 701 1646 reliquisset
713 1587 775 1629 no·
824 1568 914 1649 Quod
926 1571 952 1629 si
963 1570 1065 1648 angeli
1075 1569 1145 1628 mali
1161 1573 1348 1631 constituunt
1361 1591 1452 1633 unum
1463 1572 1523 1634 Dei

77 1656 117 1717 bis
130 1676 254 1731 umere,
275 1659 357 1716 sicut
370 1657 509 1718 Sodoma
529 1657 611 1734 facti
634 1675 773 1732 essemus,
825 1657 989 1718 exercitum
1005 1676 1071 1719 cum
1087 1657 1182 1729 bonis,
1206 1659 1259 1739 qui
1275 1667 1346 1719 sunt
1366 1657 1458 1739 igitur
1471 1659 1522 1720 ho

77 1747 193 1805 aeaut
203 1743 384 1807 Gomorrha
394 1744 512 1804 similes
520 1744 697 1821 tenesmos.
713 1743 774 1802 He·
824 1753 894 1813 stes,
917 1742 956 1802 ad
977 1762 1053 1822 quos
1077 1742 1274 1805 debellandos
1298 1746 1447 1808 exercitus
1469 1746 1522 1809 ille

78 1830 196 1893 bracem
212 1848 321 1891 vocem
332 1830 462 1892 sabaotb
474 1832 597 1892 retinuit
608 1830 774 1911 Apostolus
823 1828 1023 1911 producitur?
1046 1831 1189 1891 Serviunt
1212 1831 1334 1912 quidem
1348 1834 1437 1893 etiam
1452 1832 1523 1895 mali

78 1937 111 1978 ex
125 1917 243 1990 Lxx,
258 1920 311 1998 qui
327 1936 395 1977 eam
406 1919 518 1997 passim
529 1938 588 1977 non
600 1918 775 1978 translatam
824 1918 923 1997 angeli
939 1918 1014 1992 Deo,
1039 1919 1088 1977 cui
1103 1916 1214 1979 dietum
1231 1927 1293 1981 est:
1317 1920 1434 1982 Omnia
1456 1939 1523 1981 ser·

78 2005 272 2084 reliquerunt,
295 2003 347 2064 ubi
362 2004 430 2064 Deo
445 2004 623 2065 adscribitur
642 2004 698 2064 hoc
714 2003 774 2083 epi·
824 2008 919 2066 'vient
941 2004 1013 2079 tibi,
1038 2002 1148 2065 Psalm.
1175 2008 1259 2080 118..
1283 2027 1343 2067 uon
1366 2014 1466 2068 tarum
1489 2015 1525 2079 ut

78 2091 206 2166 tbetum3
230 2090 315 2165 alies,
337 2099 372 2150 ut
392 2092 423 2150 in
442 2091 589 2164 Psalmis,
610 2097 774 2162 verterunt,
824 2090 947 2153 militiae
961 2092 1029 2172 ejus
1051 2088 1203 2168 adscripti,
1227 2093 1280 2154 sed
1296 2101 1331 2155 ut
1346 2095 1427 2155 servi
1442 2095 1522 2170 meli,

78 2179 132 2237 τιῐνν
148 2169 325 2254 δυνάμεων,
345 2176 377 2237 id
393 2186 447 2251 est,
470 2181 636 2240 virtutum.
659 2178 775 2239 Sensus
823 2176 944 2258 reprobi
958 2197 994 2238 ac
1010 2177 1149 2250 damnati,
1174 2178 1283 2258 quibus
1307 2180 1396 2241 etiem
1419 2181 1522 2242 invitis

78 2275 133 2325 est:
155 2267 200 2326 Et
215 2264 278 2338 fiet,
294 2265 374 2324 sieut
388 2263 468 2325 idem
482 2265 600 2327 Ieseias
614 2265 773 2343 prophata-
823 2265 918 2325 utitur
933 2264 1151 2343 omnipotentia
1166 2264 1227 2325 Dei
1242 2265 1282 2326 ad
1297 2284 1382 2325 suem
1396 2266 1523 2347 gloriam

78 2354 123 2425 rit,
136 2349 265 2413 dicens:
288 2350 356 2411 Nisi
369 2351 515 2413 Dominus
529 2352 715 2413 exercituum
728 2370 773 2412 ro·
824 2361 857 2414 et
868 2351 1029 2411 electorum
1040 2348 1176 2410 salutem.
1193 2350 1270 2411 Nem
1283 2352 1343 2426 ills,
1360 2371 1438 2433 quae
1450 2373 1523 2415 vere

77 2437 213 2519 bquisset
234 2436 338 2509 nobis,
364 2436 475 2513 idest,
500 2436 614 2517 populo
636 2436 775 2511 Judeico,
824 2437 1371 2510 diciturmilitiaeoelestisexereitus,
1384 2442 1524 2501 totasine

78 2524 181 2585 mitem
196 2524 344 2602 exiguum
358 2542 470 2598 semen,
492 2525 523 2583 in
539 2544 607 2603 quo,
630 2524 716 2584 velut
730 2545 774 2584 re·
823 2526 883 2586 fine
898 2523 1044 2603 hymnum
1054 2516 1248 2604 gloriasDeo
1261 2525 1391 2586 concinit
1405 2525 1522 2587 dicens:

77 2610 186 2690 liqniia‚
201 2612 369 2690 promissae
379 2609 605 2672 benedictiones
615 2610 774 2688 impleren·
822 2613 967 2686 &neten
984 2611 1130 2685 Sanetus,
1147 2613 1310 2683 Sanctuet,
1326 2620 1359 2673 ιιι
1374 2620 1523 2677 testantur

78 2707 128 2771 tm,
142 2697 269 2779 penitus
285 2715 416 2757 mmmm
428 2697 597 2777 consumpti
609 2706 641 2758 et
651 2695 772 2776 perditi,
824 2696 919 2760 verba
933 2696 1098 2759 sacerdotis
1115 2695 1266 2761 adultere
1280 2698 1350 2759 Dei.

78 2785 149 2845 sicet
171 2781 336 2846 Sodomaei
357 2790 388 2842 et
410 2782 620 2856 Gomorrhaei,
647 2802 773 2863 quorum
866 2783 989 2845 Dicitur
1002 2793 1111 2863 ,autem
1133 2785 1287 2846 exercitus
1310 2784 1450 2849 eoelestis
1473 2805 1520 2849 es-

77 2868 175 2932 rrum
188 2888 315 2950 prorem
331 2877 453 2930 exstent
465 2869 628 2949 reliquiae;
643 2889 699 2930 nec
710 2869 774 2929 ulla
824 2871 930 2931 sistere
951 2869 1020 2931 Deo
1036 2891 1054 2930 e
1070 2862 1183 2933 dextris
1206 2881 1236 2933 et
1257 2891 1276 2930 a
1295 2872 1434 2946 sinistris,
1457 2880 1522 2935 teu·

78 2974 113 3017 ex
124 2966 216 3037 parte
228 2955 347 3017 illarum
361 2955 603 3016 benedictionum
615 2954 775 3017 fuissemus
823 2976 914 3036 quam
935 2956 1005 3017 hinc
1026 2957 1098 3018 inde
1120 2958 1183 3038 regi
1205 2958 1409 3041 propinquus,
1432 2965 1462 3019 et
1482 2957 1521 3020 ad

77 3044 248 3122 pnticipes.
262 3040 344 3103 Hinc
356 3040 480 3122 quoque
491 3050 623 3122 apparet,
638 3062 693 3123 per
704 3063 772 3104 cou·
823 3043 949 3124 imperia
968 3054 1136 3125 promptus,
1157 3054 1191 3103 ut
1213 3045 1313 3106 solent
1332 3044 1443 3106 milites
1458 3045 1521 3107 suis

79 3130 305 3193 summationem
327 3130 467 3209 superius
487 3127 616 3208 intelligi
639 3147 774 3190 consum·
823 3129 950 3190 ducibus
976 3131 1129 3191 assistere
1150 3130 1200 3191 Ab
1228 3130 1273 3191 his
1298 3130 1379 3191 enim
1402 3140 1523 3213 sumpta

79 3216 197 3276 donem
823 3214 1002 3296 metaphora
1022 3225 1076 3277 est.
1099 3215 1209 3297 Neque
1232 3237 1271 3279 ex
1286 3215 1339 3277 illo
1356 3228 1422 3279 erat
1436 3236 1521 3280 exer·

115 3300 773 3367 OmwtemDeusvoeeturDominusexer·
823 3305 885 3362 citu
914 3303 1039 3383 spiritus
1069 3301 1121 3364 ille
1149 3303 1294 3379 mendax,
1320 3305 1375 3385 qui
1401 3324 1522 3389 operam

80 3390 187 3451 dmum
209 3381 260 3464 (ut
274 3385 313 3446 de
328 3406 365 3448 ea
387 3408 421 3449 re
442 3387 573 3448 breviter
595 3386 714 3468 aliquid
730 3387 773 3448 di·
824 3388 967 3449 offerebat
1003 3385 1043 3447 sd
1072 3387 1280 3468 decipiendum
1309 3390 1430 3465 Achab3
1468 3388 1522 3451 sed

81 3470 199 3551 umus).
214 3474 293 3534 haec
306 3475 385 3533 ratio
401 3483 455 3547 est,
477 3476 550 3552 quia
564 3473 707 3536 infinitam
721 3474 773 3535 ha·
824 3493 961 3551 accessus
976 3473 1014 3536 de
1029 3474 1095 3534 loco
1107 3495 1171 3550 sno,
1187 3477 1369 3558 quicumque
1381 3478 1407 3539 is
1418 3475 1521 3550 fuerit,

80 3560 125 3623 bet
138 3559 319 3640 angelorum
333 3559 555 3622 multitudinem
578 3561 634 3621 sub
651 3561 774 3640 imperio
822 3562 950 3623 Domino
967 3560 1075 3623 obtulit
1089 3581 1156 3625 sese
1170 3561 1211 3631 ad
1225 3582 1319 3643 opere
1331 3562 1390 3625 sibi
1400 3563 1520 3645 placita,

81 3667 127 3710 mo
141 3647 234 3730 qussi
247 3645 435 3718 militantem¹
459 3656 491 3706 et
505 3646 545 3708 ad
564 3648 671 3722 omnia,
694 3668 775 3729 quas
822 3647 1013 3711 mendacium
1025 3657 1057 3709 et
1067 3648 1196 3710 hominis
1208 3658 1431 3728 nocumentum,
1447 3670 1520 3733 qno·

81 3734 205 3811 pererit,
217 3732 398 3813 expeditam
423 3733 490 3813 Quo
502 3735 652 3813 pertinent
663 3733 773 3796 duode·
822 3734 910 3795 modo
926 3733 1027 3808 Satan,
1043 3735 1096 3796 ille
1111 3736 1207 3796 sancti
1219 3733 1243 3797 J
1244 3736 1282 3796 ob
1297 3745 1435 3811 tentator,
1450 3737 1521 3799 filiis

82 3824 131 3885 dm
143 3821 286 3902 Ιοςῑοιιοι
301 3820 475 3900 angelorum
490 3818 620 3895 (lhristo,
637 3821 663 3880 si
673 3820 774 3898 vellet,
822 3823 883 3882 Dei
898 3842 1000 3882 coram
1010 3821 1140 3882 Domino
1151 3816 1374 3897 assistentibus,
1388 3822 1520 3885 adluisse

82 3905 270 3970 exhibendae
285 3927 304 3966 s
322 3914 407 3986 patre
430 3915 535 3967 contra
556 3908 617 3966 rim
639 3907 663 3967 J
664 3905 773 3970 udaeo·
823 3909 966 3969 intereos
983 3907 1097 3980 dicitur,
1121 3915 1152 3968 et
1167 3911 1287 3971 stetisse
1310 3912 1341 3972 in
1357 3920 1519 3992 conspeetu

81 4014 146 4057 tom.
170 3993 317 4056 Generali
331 3995 452 4055 nomino
467 3993 572 4054 horum
588 3997 773 4055 exercituum
823 3994 891 4069 Dei,
914 4015 1108 4077 nequaquem
1131 4003 1231 4056 umen
1254 3995 1337 4057 velut
1358 4015 1437 4058 unns
1453 3997 1518 4057 illo-

82 4082 209 4145 ueunulli
228 4081 321 4141 etism
335 4081 432 4141 malos
443 4080 568 4159 angelos
585 4081 772 4159 comprehen-
822 4101 898 4141 rum.
921 4079 984 4142 Job
1002 4085 1028 4143 1.
1046 4090 1076 4143 et
1091 4085 1120 4141 2.
1143 4081 1204 4144 Sed
1220 4080 1258 4143 de
1274 4103 1310 4143 eo
1326 4085 1408 4145 satis.

82 4166 154 4230 luna
177 4169 259 4229 Nem
276 4177 307 4227 et
322 4166 367 4228 illi
381 4169 448 4229 Deo
472 4170 608 4228 serviunt
622 4166 662 4226 ed
676 4169 772 4247 ipsius
864 4168 958 4230 Porro
974 4189 1034 4228 non
1046 4169 1147 4230 obstet
1161 4171 1342 4249 expositioni
1356 4171 1519 4250 utriusque

83 4267 185 4330 meum,
207 4253 346 4316 nolentes
360 4256 506 4316 volentes.
529 4254 600 4314 Huc
615 4263 713 4316 autem
729 4255 792 4315 al··
823 4256 991 4327 testimonii,
1008 4274 1045 4316 ex
1053 4256 1077 4316 J
1078 4256 1160 4315 eseia
1168 4254 1258 4328 allati,
1271 4276 1364 4336 quem
1373 4265 1519 4318 exmente

83 4339 183 4423 legant,
206 4340 290 4421 quod
312 4340 464 4423 Propheta
486 4340 640 4403 Michaeas
662 4342 680 4400 3
696 4341 772 4420 Reg.
821 4340 911 4403 Pauli
922 4344 986 4422 jem
1002 4340 1147 4415 dedimus,
1164 4341 1246 4422 quod
1259 4343 1337 4403 forte
1353 4340 1518 4405 secuudum

84 4431 124 4493 ll.
138 4429 218 4491 vidit
231 4430 411 4490 Dominum
431 4427 587 4490 sedentem
609 4447 705 4505 super
719 4445 771 4489 so·
820 4429 939 4490 literam
962 4436 1088 4510 uterque
1110 4426 1193 4487 locus
1214 4430 1364 4508 pertineat
1387 4429 1426 4489 sd
1450 4430 1517 4491 reli·

85 4513 152 4577 lium
172 4535 278 4591 mom,
302 4523 333 4574 et
354 4534 478 4577 coenem
499 4518 669 4576 exercitum
692 4515 770 4575 coeli
820 4517 908 4595 quies
923 4515 1080 4579 Israelitici
1091 4514 1197 4596 populi
1209 4536 1247 4576 ex
1259 4517 1436 4597 captivitate
1449 4537 1517 4578 cou-

86 4606 266 4667 tteistentem
293 4605 322 4664 ci
344 4622 366 4662 a
388 4605 506 4665 destris
527 4610 556 4662 et
582 4621 602 4661 a
625 4605 769 4664 dnistris.
819 4601 997 4682 gregandas,
1013 4601 1051 4663 de
1062 4622 1121 4684 quo
1132 4622 1193 4662 non
1205 4602 1420 4665 contendimus.
1435 4603 1514 4666 Nam

86 4685 213 4772 remque
228 4708 295 4753 eam
315 4697 434 4770 partem
449 4690 607 4765 exereitus,
629 4707 707 4771 quse
721 4710 768 4753 es·
819 4688 873 4753 illa
887 4689 976 4753 litera
992 4688 1093 4753 adhuc
1114 4688 1206 4751 aliurn
1229 4710 1352 4753 sensum
1374 4692 1518 4768 eontinet,
