3254 5190
439 294 601 349 narone
617 295 636 348 1.
655 295 695 349 lu
714 294 900 350 colurnus.
935 292 1020 349 ussa
1037 296 1078 349 tl.
1096 296 1130 349 νο
1421 297 1501 369 tlt·

105 464 192 545 (uam
217 473 285 549 ipse
309 488 377 533 uon
402 490 496 533 casem
521 472 577 532 snb
603 470 690 550 lece).
713 470 750 531 Id
798 480 1018 532 tamenrevera
1031 470 1496 550 nonsimnecviramsiuelege

73 566 119 619 est:
139 576 206 617 cum
220 559 316 639 probe
331 559 449 631 scirem,
472 578 519 619 me
534 560 600 638 lege
616 560 752 620 Mosaica
800 559 870 633 Dei,
886 558 938 618 aed
954 558 1109 618 observem
1124 558 1223 637 legem
1235 555 1353 632 Christi,
1368 557 1418 617 cui
1431 576 1496 618 sum

73 646 233 705 anteneri.
271 644 361 706 Hanc
375 646 578 725 parenthesim
594 645 705 706 Graeci
720 654 752 706 et
799 646 955 705 obnoxius.
990 645 1080 725 Quod
1102 644 1183 724 apud
1200 641 1444 724 Chrysostomnm
1466 649 1498 705 et

73 731 125 813 tyri
138 730 259 791 codices
274 752 333 792 non
349 733 468 792 habent
507 733 693 812 Augustinus
708 740 752 792 ta·
800 732 1060 812 'l'heophylactum
1075 751 1130 811 pro
1152 732 1240 791 tertio
1256 750 1328 791 casn
1341 728 1410 817 θεῷ
1423 729 1497 810 legi·

73 816 230 898 utulegit,
255 837 326 879 uam
348 836 416 880 non
438 823 495 879 um
518 822 584 895 ipse
604 820 660 880 aab
676 821 750 895 lege.
798 826 847 878 tur
870 818 1018 878 secundus
1038 816 1128 894 occu,
1156 837 1276 879 sensum
1301 836 1361 879 non
1383 819 1496 879 varim

73 904 191 967 hbent
206 908 296 966 etiam
312 905 342 965 in
364 913 449 966 textu
465 907 667 967 commentarii
682 907 751 966 Am·
797 907 918 965 tametsi
934 913 965 965 et
979 905 1104 985 Syriaca
1119 904 1217 964 versio
1232 903 1322 964 babet
1335 906 1414 965 Deo.

73 992 207 1064 tresiani,
218 991 273 1053 sed
288 1012 348 1052 non
363 994 534 1072 exponitur.
841 992 901 1051 Hic
913 991 973 1051 duo
985 1000 1055 1051 sunt
1066 991 1282 1053 observando:
1297 999 1400 1052 contra
1410 999 1493 1052 vete·

103 1078 224 1153 meos,
249 1080 306 1156 qut
320 1079 376 1139 aab
392 1079 458 1156 lupe
479 1086 590 1154 erant,
613 1080 750 1156 lucrifa-
798 1096 847 1138 res
870 1077 990 1158 quidem
1011 1078 1195 1153 haereticos,
1222 1074 1373 1139 Christum
1395 1080 1499 1139 vacui

73 1182 162 1225 m.
199 1165 317 1246 Nempe
343 1163 478 1228 cbristo:
507 1166 547 1226 ad
568 1168 634 1245 ejus
660 1165 750 1225 fidem
797 1165 905 1225 Deum.
921 1164 1124 1225 Probatenim
1134 1162 1300 1243 Apostolus
1313 1182 1494 1225 senonense

73 1251 123 1313 hoa
136 1250 324 1312 adducendo.
360 1252 449 1313 Hunc
472 1255 551 1312 enim
565 1253 655 1312 finem
671 1256 749 1332 Apo·
799 1254 865 1312 siue
875 1252 945 1330 lege
955 1252 1025 1323 Dei,
1033 1251 1101 1312 ideo
1113 1252 1196 1331 quod
1207 1249 1363 1331 sitinlege
1374 1248 1496 1313 Christi.

73 1336 147 1399 tolus
168 1340 201 1400 in
228 1339 424 1400 observandis
445 1339 594 1418 legalibus
617 1339 752 1400 habebat
799 1338 886 1418 Quae
902 1337 1037 1417 probatio
1051 1338 1136 1398 firma
1150 1359 1211 1400 uon
1225 1345 1321 1412 esset,
1335 1338 1395 1399 nisi
1410 1337 1496 1398 chri·

73 1426 246 1507 repetitum.
262 1427 369 1487 Erant
381 1428 551 1506 interpretis
563 1426 750 1506 supplemen·
798 1434 861 1485 stus
876 1427 916 1485 sit
929 1425 1025 1484 Deus.
1049 1425 1161 1486 Contra
1174 1443 1268 1487 nevos
1282 1432 1396 1499 antean
1411 1425 1496 1487 Chri-

73 1512 444 1592 muettquemadmodum
457 1520 651 1595 supramnt5
668 1512 750 1593 quod
798 1521 876 1572 stum
901 1512 989 1572 nobis
1017 1510 1118 1572 datum
1143 1530 1229 1583 esre,
1254 1531 1315 1573 non
1341 1511 1438 1572 solum
1462 1520 1497 1573 ut

73 1598 144 1660 tble
158 1600 250 1660 scribi
265 1601 379 1679 potuit,
403 1602 479 1661 etin
501 1609 587 1680 parte
603 1600 748 1680 sequenti.
797 1597 1032 1680 redemptorem,
1054 1601 1102 1659 cui
1117 1598 1263 1676 fidamua;
1284 1600 1497 1661 verumetiam

98 1686 149 1760 lis,
164 1690 221 1764 qai
235 1690 303 1747 sine
318 1689 383 1764 ἰιμο
395 1694 498 1763 eram,
511 1695 666 1764 tanquam
681 1690 749 1747 sina
797 1694 831 1746 ut
842 1684 1063 1764 legislatorem,
1086 1687 1136 1746 cui
1159 1686 1353 1761 obediamus,
1374 1694 1409 1746 ut
1424 1685 1496 1746 deli·

74 1791 120 1849 roc
133 1793 236 1834 cuam.
258 1773 293 1833 ln
309 1774 427 1835 Graeco
439 1783 502 1834 tres
513 1783 630 1834 tantum
642 1772 748 1834 dictio·
797 1770 909 1833 nisndo
925 1773 1060 1854 loquitur
1073 1772 1216 1853 Synodus
1228 1771 1411 1835 Tridentino
1423 1792 1496 1835 essu

73 1878 107 1921 aa
119 1870 201 1931 sunt,
220 1863 295 1929 τοῖς
310 1853 436 1938 ἀνόμοις
452 1854 499 1929 ὡς
515 1853 639 1939 ἄνομος,
655 1860 687 1920 id
703 1867 749 1921 eat
798 1861 826 1919 6.
842 1878 908 1919 can.
925 1864 975 1920 21.

73 1945 259 2009 ulrerbnm:
286 1949 444 2024 cotopitas
465 1956 622 2026 unquam
650 1947 747 2009 cclcc.
845 1947 885 2007 Ut
910 1947 1134 2024 lucrifacerem
1159 1965 1226 2023 eoa,
1253 1951 1310 2025 qui
1334 1950 1402 2009 sinc
1428 1948 1496 2025 lege

73 2030 142 2113 laod
156 2043 259 2096 umen
280 2036 428 2117 interpres
450 2035 528 2096 bene
552 2044 582 2095 et
597 2034 748 2116 explicate
797 2041 899 2095 ararat.
932 2033 1349 2113 momentanearum
1365 2034 1494 2112 ιοῑομω,

73 2118 185 2181 duribus
206 2122 310 2182 verbis
332 2121 478 2192 reddidit,
507 2123 565 2181 nisi
587 2122 668 2202 quod
690 2121 747 2180 hoc
796 2118 852 2179 hoc
866 2128 925 2194 est,
941 2119 1079 2200 gentiles.
1101 2120 1233 2181 Proinde
1247 2121 1298 2182 rel
1313 2129 1425 2196 eram,
1443 2120 1496 2182 vel

73 2216 206 2269 mount
223 2208 327 2268 malim
349 2228 439 2289 quam
456 2216 557 2269 eram.
596 2211 653 2268 hat
668 2209 748 2267 euim
795 2208 893 2286 potius
907 2215 983 2267 sunt
998 2206 1222 2287 exprimendum
1236 2208 1268 2268 iu
1281 2208 1401 2269 Latino.

73 2295 181 2367 ‚utinm
202 2295 357 2376 epitheton
379 2306 569 2376 perpetuum,
591 2313 658 2355 esse
681 2295 747 2354 sine
839 2296 889 2352 ts.
912 2296 1030 2355 Factus
1045 2311 1114 2353 mm
1129 2293 1269 2370 intimis
1282 2294 1442 2371 infirmus,
1457 2302 1495 2355 nt

73 2398 127 2461 ogs,
140 2381 173 2441 id
185 2389 232 2442 est
242 2384 386 2462 scriptam
397 2382 495 2462 legem
507 2401 568 2441 non
580 2382 747 2460 accepisse:
795 2378 941 2455 infirmus
951 2381 1182 2458 hccrifucerem.
1198 2379 1317 2443 Graeca
1325 2388 1497 2443 constanter

73 2468 198 2529 uomodo
222 2468 261 2528 de
278 2470 315 2529 iis
338 2470 429 2529 etiam
452 2467 491 2528 ad
507 2465 660 2527 Christum
680 2485 747 2528 oon-
794 2466 923 2526 habente
950 2467 1070 2527 Facuos
1083 2485 1152 2527 seam
1167 2468 1319 2546 infirmia,
1336 2476 1496 2547 nuquam

73 2555 148 2617 ml!
161 2554 297 2635 loquitur
308 2555 469 2636 Apostolus
480 2556 565 2615 Rom.
579 2556 607 2614 2.
626 2554 746 2626 Gentes,
794 2551 1047 2629 infimatum
1056 2552 1182 2633 Syriaco
1191 2555 1387 2635 suffimenta.
1402 2555 1494 2638 Quod

73 2640 157 2723 quit,
172 2656 255 2717 quae
269 2643 369 2720 lupam
384 2660 451 2704 aon
466 2642 591 2714 babent,
608 2647 747 2701 actura·
795 2641 851 2700 etsi
865 2640 904 2699 ab
919 2639 1067 2720 Apostolo
1090 2642 1231 2720 scriptum
1251 2662 1312 2704 non
1333 2652 1427 2713 esset,
1453 2663 1494 2705 ex

73 2730 122 2787 ber
135 2744 173 2787 ca
181 2773 192 2802 ,
207 2746 290 2806 quoa
305 2730 380 2805 lapis
394 2737 489 2804 utut,
507 2730 642 2806 faciunt.
795 2726 998 2805 superioribus
1011 2720 1252 2808 tamenintelligi
1263 2737 1389 2809 poterat,
1402 2738 1495 2811 atque

89 2814 221 2877 samm
236 2814 296 2886 Iis,
312 2815 418 2898 qulbus
432 2816 483 2876 lex
500 2817 611 2895 scripta
625 2833 686 2874 non
702 2820 747 2872 est
795 2814 887 2872 etiam
896 2812 1060 2892 oportebat,
1068 2815 1094 2875 ai
1105 2814 1254 2875 infirmum
1265 2817 1378 2895 accipit
1387 2816 1496 2878 eodem

73 2906 120 2961 ἡ·
137 2920 158 2961 a
179 2902 260 2976 Deo,
290 2901 320 2963 id
348 2910 408 2975 est,
439 2902 618 2981 gentilibus,
647 2900 746 2960 iactus
793 2897 890 2959 modo.
924 2899 1035 2980 Neque
1050 2902 1131 2961 enim
1147 2900 1262 2962 Paulus
1277 2901 1406 2964 infirmia
1420 2923 1494 2965 vere

73 3006 112 3049 m
124 2988 233 3048 similis
255 2990 287 3048 iu
299 3008 353 3061 eo,
381 2988 463 3068 quod
485 2988 583 3068 legem
605 2990 746 3066 scriptam
794 2985 929 3046 infirmus
950 2987 1046 3047 factus
1067 2995 1147 3061 erat,
1173 2989 1225 3068 qui
1246 2987 1321 3049 dicit
1341 2991 1428 3051 Rom.
1445 2992 1494 3052 lb.

73 3072 126 3153 pud
151 3092 206 3135 cos
226 3093 288 3135 non
313 3076 452 3136 servavi:
482 3075 587 3155 idque,
614 3094 653 3135 ne
676 3092 746 3133 meo
794 3072 950 3134 Debemus
963 3092 1022 3135 not
1031 3074 1187 3151 firmiores
1198 3074 1427 3137 imbecillitates
1440 3080 1494 3138 ia·

73 3160 187 3242 templo
201 3161 322 3223 viderer
338 3163 480 3223 inducere
496 3182 548 3222 eos
564 3161 603 3222 ad
615 3161 744 3221 subenn·
793 3161 961 3237 firmorum
975 3163 1131 3220 mutinen
1138 3184 1150 3237 ‚-
1177 3179 1237 3221 non
1256 3173 1376 3223 autemz
1402 3163 1494 3225 debe·

73 3266 115 3309 un
126 3249 237 3327 jugum
252 3247 329 3330 legis
342 3250 514 3309 Moesicae:
538 3256 600 3309 tum
616 3267 655 3307 ne
668 3246 745 3325 legis
794 3264 860 3305 mus
875 3257 999 3325 propter
1013 3248 1145 3307 infirmes
1164 3247 1316 3308 infirmari.
1339 3249 1495 3310 Verumta-

73 3336 260 3397 mationa
288 3354 340 3396 eos
377 3335 540 3396 alienarem
570 3354 589 3393 a
617 3333 744 3395 Christo.
794 3352 862 3392 men
883 3340 984 3393 nostra
1009 3332 1101 3393 lectio
1128 3335 1259 3394 omnium
1285 3344 1332 3397 est
1356 3335 1493 3398 codicum

73 3420 114 3481 'ac
132 3421 388 3502 quemadmodum
410 3421 517 3483 fecerit
531 3421 694 3502 Apostolus
709 3420 744 3479 li·
794 3419 983 3494 Latinorum,
999 3428 1029 3479 et
1043 3421 1081 3480 ab
1098 3419 1237 3481 omnibns
1252 3421 1370 3483 Latims
1383 3431 1493 3485 nacte

73 3514 121 3569 ret
135 3526 176 3569 cx
192 3508 239 3582 iis,
258 3528 338 3588 quae
353 3508 455 3569 scribit
470 3511 500 3567 in
517 3509 604 3587 epist.
620 3507 660 3567 ed
675 3507 744 3570 Gal.
794 3506 908 3566 toribus
938 3506 1104 3586 exponitur.
1151 3507 1216 3567 Nec
1246 3506 1333 3570 aliter
1361 3508 1496 3571 referunt

73 3614 109 3677 tp.
122 3598 151 3657 2.
163 3592 284 3655 Graeca
294 3615 353 3658 vox
367 3588 491 3672 ἄνομος,
505 3598 594 3655 etiam
609 3596 746 3675 iniquum
795 3591 965 3673 Cyprianus
981 3596 1012 3653 in
1036 3595 1121 3673 epist
1139 3598 1189 3656 52.
1206 3594 1246 3654 ad
1260 3595 1373 3657 Anton.
1388 3605 1419 3657 et
1431 3599 1494 3658 Au·

73 3680 223 3763 :impium
246 3683 409 3762 significat:
434 3682 487 3743 sad
510 3703 546 3743 ea
569 3682 745 3760 significatio
793 3688 873 3758 gnst.
898 3681 985 3759 epist
1002 3682 1031 3739 9.
1048 3680 1087 3739 ad
1101 3681 1243 3754 Hieron,
1265 3682 1403 3743 Ambros.
1420 3703 1491 3764 qno·

73 3768 201 3831 menti
217 3767 284 3829 loco
299 3788 359 3829 non
371 3769 509 3850 quadrat.
531 3769 604 3829 Jam
619 3788 658 3828 ne
669 3769 746 3828 male
794 3786 855 3846 que
870 3768 901 3825 in
918 3776 1044 3827 enarrat
1061 3766 1173 3828 Psalm.
1192 3770 1262 3830 104.
1277 3769 1320 3829 ita
1335 3771 1494 3850 selegisse

73 3856 110 3919 tls
125 3854 288 3936 intelligat,
308 3855 391 3936 quod
407 3856 488 3927 dicit,
503 3864 662 3931 tanqaam
677 3858 745 3915 siae
794 3853 932 3925 ostendit,
949 3872 1016 3913 cnm
1032 3853 1109 3913 dicit
1123 3853 1161 3915 de
1171 3854 1283 3915 Paulo:
1299 3858 1342 3917 Et
1357 3857 1494 3935 infirmis

73 3960 109 4021 pc
123 3960 237 4018 mam,
264 3944 351 4024 quasi
366 3945 432 4003 sine
453 3943 523 4022 lege
538 3942 645 4015 fuerit,
672 3962 744 4021 quo·
793 3942 902 4001 volem
915 3940 1010 4018 flebat
1025 3940 1190 4017 infirmia,
1206 3950 1243 4003 nt
1258 3961 1309 4004 eoa
1319 3943 1493 4020 continno·

73 4028 133 4093 ado
147 4029 276 4111 gentiles
290 4031 349 4090 Dei
363 4029 462 4108 legem
474 4031 592 4088 omnino
607 4048 667 4089 non
683 4046 744 4089 ser·
792 4035 849 4087 ret.
871 4028 973 4087 Facile
988 4047 1061 4088 vero
1076 4027 1217 4101 adducor,
1233 4037 1269 4089 ut
1282 4029 1400 4089 medam
1415 4030 1493 4090 hane

73 4126 166 4191 m,
182 4118 334 4177 subnectit
349 4115 551 4195 parenthesin.
793 4132 860 4174 esse
883 4114 1043 4174 lectionem
1065 4119 1294 4193 germaniorem.
1332 4116 1410 4177 Nam
1424 4136 1492 4197 pro·

84 4198 183 4279 (cam
201 4206 269 4264 sine
293 4203 358 4278 lece
380 4204 443 4263 Dei
464 4221 533 4262 non
556 4220 667 4276 essem,
690 4201 757 4261 sed·
793 4200 903 4259 clivius
918 4208 982 4261 erat
998 4203 1030 4261 in
1046 4200 1169 4263 Graecis
1192 4202 1363 4264 adscribere
1386 4203 1491 4265 adver·

73 4290 161 4367 llepe
179 4310 275 4352 essem
290 4287 430 4365 thtstt).
468 4289 601 4361 Graeca,
632 4288 657 4347 si
677 4307 742 4346 ver·
792 4286 873 4348 bium
897 4280 943 4356 ὡς
965 4296 1140 4365 tanquam,
1168 4288 1251 4369 quod
1277 4290 1436 4370 legebatur
1459 4293 1492 4353 in

73 4394 113 4439 uu
127 4378 225 4439 verbo
240 4375 368 4450 reddas,
390 4379 431 4436 ita
443 4384 566 4435 sonunt:
592 4393 661 4435 noo
676 4377 743 4434 ect-
791 4374 885 4435 tribus
907 4376 1047 4435 membris
1066 4375 1332 4455 praecedentibns3
1354 4398 1445 4458 quam
1460 4380 1491 4439 in

73 4467 232 4527 malac
242 4466 323 4538 Deo,
339 4464 394 4524 aed
407 4464 496 4524 inlex
507 4464 641 4523 Christo.
665 4461 744 4523 Sunt
790 4461 908 4521 Latinis
938 4481 1113 4541 expungere
1149 4471 1204 4522 aut
1239 4465 1379 4526 omittere
1407 4466 1492 4527 nulla

73 4552 123 4613 rim
152 4552 185 4613 in
220 4550 337 4613 Graeco
374 4551 558 4630 compositae
595 4548 742 4608 dictiones
791 4551 955 4609 occasione.
979 4547 1230 4611 Probabilitatem
1250 4561 1342 4631 auget
1356 4553 1433 4614 alter
1447 4554 1489 4614 lo·

73 4652 175 4716 ιμος,
191 4632 339 4714 ἔννομος,
352 4636 519 4716 jucundam
533 4637 613 4696 inter
628 4654 662 4695 se
675 4654 741 4714 par
790 4653 843 4695 cus
866 4635 972 4695 similis
995 4635 1097 4696 icor.
1116 4639 1165 4696 11.
1192 4640 1270 4718 Quis
1290 4628 1490 4717 intimentur,

73 4726 229 4786 mariam
242 4724 398 4785 babentes.
428 4723 541 4785 Sensus
555 4729 617 4784 est:
641 4721 741 4802 Quum
791 4729 821 4782 et
835 4738 892 4799 epo
906 4740 975 4784 nou
988 4723 1163 4799 infirmor?
