3254 5190
140 288 188 356 10
653 283 1061 338 murmurmurmur

137 476 192 535 pro
215 475 268 528 eo,
290 456 371 536 quod
393 466 440 515 est
462 456 660 527 declaratum,
688 476 742 516 seu
764 478 833 517 con·
883 457 951 516 Act
975 461 1003 517 2.
1027 457 1158 516 omnium
1185 461 1307 519 nomine
1335 458 1456 521 diceus:
1484 460 1602 520 Hunc·

135 544 291 603 firmamus
335 543 382 602 Its
410 545 528 621 accepit
556 543 612 602 hoo
641 544 707 602 loco
737 543 832 622 Syrus
882 548 995 606 Jesum
1017 546 1217 603 restnoitouit
1239 548 1337 618 Deus,
1361 551 1452 619 uetus
1474 565 1585 607 omrtcs

135 631 299 708 interpres,
327 629 397 687 dum
420 631 509 688 vertit
531 631 673 708 agninum.
717 630 833 688 Eadem
883 650 941 690 nos
969 637 1059 688 testes
1086 649 1203 690 stemus.
1250 631 1340 709 Quod
1362 652 1435 692 vero
1459 632 1584 712 quidam

135 716 354 794 significatione
382 725 564 794 acceperuut
601 715 833 794 chrysostomus
882 736 920 777 ex
943 719 1175 775 resurrectione
1205 727 1406 778 mortuomm
1435 721 1582 797 interpre-

136 811 168 861 et
189 804 300 862 caeteri
322 811 390 882 post
421 822 489 861 eum
511 800 620 861 Gneoi
650 812 832 862 tractatores.
881 813 984 862 tantur
1015 822 1035 861 o
1067 807 1315 879 resurrectione,
1349 804 1381 864 id
1415 815 1479 878 cst,
1513 816 1583 884 post

136 886 197 966 Qui
231 889 351 967 quidem
384 887 478 947 verba
511 888 650 966 Apostoli
682 889 721 947 ad
754 890 833 948 hunc
881 890 1129 949 resurrectionem
1149 887 1263 950 Christi
1284 913 1304 949 a
1325 902 1430 961 morte,
1452 900 1486 951 ut
1508 901 1580 951 tem·

135 971 254 1034 modum
277 983 445 1054 exponunt:
476 973 559 1033 Idem
582 976 640 1047 ille,
663 977 714 1055 qui
735 976 833 1034 factus
880 996 937 1055 pus
959 977 1150 1053 significetur,
1173 995 1288 1056 exque
1311 979 1427 1057 coperit
1441 976 1579 1038 Christus

136 1072 241 1121 estex
263 1063 375 1120 semine
393 1059 495 1120 David
518 1061 682 1121 secundnm
705 1081 832 1133 carnem,
881 1062 1026 1121 declarari
1048 1063 1125 1120 filius
1141 1062 1210 1133 Dei,
1233 1084 1292 1123 non
1313 1064 1422 1143 probo:
1446 1064 1529 1143 quod
1551 1074 1581 1123 et

135 1169 223 1227 quem
250 1147 375 1227 proinde
405 1156 521 1207 constat
550 1168 653 1207 verum
683 1148 831 1207 hominem
880 1149 1039 1228 peregrina
1060 1149 1208 1226 expositio
1231 1152 1277 1220 sit,
1301 1160 1331 1209 et
1349 1149 1467 1210 Graeco
1483 1152 1581 1210 textui

134 1235 243 1308 fuisse;
272 1236 361 1293 etism
392 1233 560 1293 declaratus
583 1244 628 1293 est
650 1243 681 1294 et
702 1235 830 1294 certissi-
879 1237 975 1293 minus
996 1234 1186 1313 respondeat
1230 1237 1306 1295 h'am
1333 1238 1460 1316 tempori
1490 1238 1580 1315 signi·

134 1325 191 1380 mis
213 1322 402 1399 augumentis
431 1321 640 1399 comprobatus
663 1341 730 1380 esse
752 1321 831 1380 filius
879 1320 995 1381 licando
1018 1323 1049 1380 in
1071 1323 1218 1399 scriptura
1240 1321 1359 1382 Graeca
1387 1325 1459 1382 novi
1489 1331 1578 1383 testa·

134 1407 204 1467 Dei.
242 1408 290 1465 Ea
313 1415 488 1485 argumenta
511 1417 683 1487 sequuntur.
879 1409 971 1467 menti
999 1427 1060 1466 nou
1090 1408 1167 1466 solet
1197 1411 1310 1468 servire
1339 1412 1512 1488 praeposito
1534 1401 1578 1484 ἐξ,

177 1493 324 1564 Primum,
347 1496 383 1552 in
406 1496 539 1566 virtute,
568 1493 600 1552 id
623 1503 682 1566 est,
704 1514 758 1572 per
780 1514 831 1571 po·
879 1514 957 1572 quae
979 1494 1035 1552 hoc
1057 1493 1125 1552 loco
1147 1493 1289 1568 hahetur,
1314 1494 1367 1554 sed
1392 1487 1464 1555 dnh.
1502 1496 1579 1556 Vide

135 1581 257 1640 tendam
272 1579 489 1639 miraculorum.
511 1579 639 1651 Deinde,
658 1580 831 1639 secundum
879 1581 984 1640 hlatth
1008 1581 1036 1638 9.
1063 1581 1111 1638 15.
1144 1584 1193 1639 17.
1223 1583 1274 1639 22.
1298 1589 1330 1640 et
1350 1582 1443 1641 Joan.
1477 1586 1525 1643 19.
1550 1584 1580 1641 in

134 1669 283 1743 spiritum
313 1667 587 1742 sanctificationis,
623 1667 704 1739 sive,
734 1676 767 1724 ut
800 1666 830 1723 in
879 1666 988 1746 quibus
1003 1666 1078 1724 locis
1094 1667 1187 1726 latino
1201 1687 1241 1728 eur
1262 1669 1321 1727 illo
1343 1670 1433 1740 horo,
1458 1688 1498 1729 es·
1520 1670 1579 1728 illo

135 1752 252 1815 Gracco
267 1760 321 1824 est,
345 1745 518 1828 ἁγιωσύνης
533 1754 709 1825 sanctitatis,
731 1752 762 1812 id
777 1760 831 1823 est,
880 1753 938 1812 die.
972 1754 1047 1811 Item
1064 1753 1137 1811 Luc.
1164 1759 1190 1812 1.
1208 1758 1236 1814 5.
1255 1755 1282 1811 7.
1302 1757 1350 1813 12.
1367 1764 1398 1814 et
1421 1754 1525 1816 icor.
1550 1759 1579 1815 5.

134 1860 189 1919 per
202 1840 343 1919 Spiritum
367 1848 510 1910 sanctum,
533 1859 621 1920 quem
644 1838 786 1899 videlicet
801 1841 830 1898 iu
878 1839 929 1898 ubi
952 1840 1060 1898 Latine
1083 1858 1121 1899 er
1142 1841 1217 1914 hoc,
1240 1859 1278 1900 es
1301 1860 1371 1917 quo.

135 1947 168 1986 se
190 1925 380 1985 credentibus
407 1946 461 2004 per
476 1925 629 1986 evidentia
655 1927 743 2004 signa
756 1925 829 1984 mul·
923 1926 1018 1984 Porro
1034 1926 1206 1986 Latinorum
1231 1929 1434 2006 interpretatio
1456 1936 1580 2006 praeter

134 2013 275 2092 tipliciter
303 2013 469 2090 impertitus
503 2023 560 2071 est:
594 2013 720 2092 primum
748 2013 829 2091 Apo·
880 2030 946 2071 eam
968 2011 1178 2086 difficultatem,
1202 2034 1292 2092 quam
1312 2015 1391 2092 parit
1406 2013 1453 2071 hic
1470 2032 1579 2086 sermo,

134 2099 219 2159 stolis
242 2100 273 2158 in
295 2097 345 2157 die
367 2099 571 2172 Pentecostes,
594 2096 703 2157 deinde
718 2109 749 2159 et
763 2099 829 2158 aliis
879 2096 1029 2158 Christum
1044 2098 1299 2176 praedestinatum
1315 2120 1382 2159 esse
1396 2099 1508 2159 Filium
1518 2099 1580 2158 Dei

134 2184 280 2244 fidelihus.
312 2185 389 2243 Nam
405 2185 478 2244 illud
493 2186 665 2245 seeundum
681 2189 830 2261 spiritum
879 2179 971 2264 (quod
995 2192 1076 2244 certe
1099 2187 1130 2244 in
1152 2188 1306 2265 scripturis
1328 2187 1401 2246 alibi
1420 2206 1481 2244 non
1503 2185 1577 2264 legi·

134 2270 280 2332 interdum
303 2270 379 2330 idem
402 2270 514 2344 valere,
537 2271 632 2352 quod,
651 2291 712 2347 per
733 2274 830 2348 spiri·
879 2267 954 2345 tur),
988 2274 1077 2330 etiam
1114 2273 1144 2331 in
1178 2271 1357 2351 explicanda
1390 2273 1515 2350 syntaxi
1548 2281 1580 2332 et

134 2366 212 2434 tum,
236 2357 424 2417 manifestum
447 2367 492 2418 est
515 2379 553 2419 ex
578 2364 593 2417 1
612 2356 680 2418 Cor.
698 2364 758 2432 12,
778 2358 830 2418 ubi
879 2377 968 2416 sensu
990 2358 1148 2417 verborum
1163 2361 1364 2438 sequentium:
1386 2361 1429 2418 In
1449 2361 1577 2433 uirtute,

134 2443 216 2525 quod
237 2443 353 2504 dixerat
372 2464 432 2520 per
453 2448 626 2520 Spiritum,
649 2447 690 2504 ita
711 2446 828 2525 repetit,
879 2444 1053 2503 secuudum
1074 2448 1223 2520 spiritum
1242 2446 1515 2522 sanctificationis,
1539 2464 1578 2506 ex

134 2531 307 2592 nuendum
334 2533 469 2591 eundem
494 2534 660 2607 Spiritum.
705 2533 829 2591 Tertio:
879 2535 1107 2590 resurrectione
1138 2540 1356 2607 mortuorum,
1387 2531 1512 2590 multum
1535 2532 1577 2590 la·

134 2620 187 2680 Ex
213 2622 444 2678 resurrectione
469 2627 688 2692 mortuorum,
720 2619 785 2678 sive
812 2636 831 2675 a
878 2617 975 2689 horat,
991 2638 1046 2677 uec
1060 2628 1158 2677 tumen
1175 2618 1293 2678 lectoris
1307 2620 1406 2677 cnimo
1422 2618 1579 2678 satisfacit.

134 2705 264 2764 mortuis.
298 2703 416 2781 Nempe
439 2705 509 2783 quia
532 2706 731 2782 semetipsum,
754 2706 830 2763 sicin
879 2703 1025 2783 Quocirca
1047 2723 1104 2763 uec
1126 2704 1184 2763 huc
1211 2704 1439 2765 adscribendam
1461 2707 1577 2784 putavi.

134 2790 334 2872 praedixerat,
356 2810 375 2849 a
390 2799 485 2849 morte
499 2790 646 2850 advitam
665 2792 828 2850 suscitavit
876 2791 966 2850 Petat
986 2791 1037 2870 qui
1051 2790 1134 2850 volet
1149 2810 1186 2850 ex
1203 2792 1327 2851 aliorum
1349 2793 1577 2852 commentariis

178 2879 264 2937 Haec
293 2876 474 2937 Graecorum
504 2878 650 2956 expositio
679 2878 751 2937 satis
779 2897 829 2935 ex·
920 2875 981 2937 Sed
1011 2887 1114 2937 contra
1144 2876 1326 2938 Graecorum
1356 2879 1578 2957 expositionem

135 2963 237 3043 pedita
259 2972 289 3022 et
311 2962 410 3023 facilis
433 2973 492 3035 est,
522 2973 552 3023 et
581 2963 673 3043 probe
703 2962 830 3044 quadrat
878 2982 953 3022 unus
987 2962 1120 3023 adfertur
1153 2965 1316 3044 scrupulus
1366 2964 1463 3042 Ajunt
1500 2965 1579 3024 enim

135 3052 270 3111 instituto
292 3050 389 3108 Pauli.
434 3050 553 3110 Deinde
581 3070 683 3108 veram
704 3070 741 3109 ac
763 3068 828 3127 ger·
879 3049 1027 3109 Graecum
1049 3051 1173 3110 verbum
1195 3044 1325 3127 ὁρίζειν,
1350 3053 1406 3110 etei
1430 3051 1579 3130 significet

135 3155 253 3197 manem
283 3156 350 3197 esse
380 3137 411 3196 id
440 3139 554 3215 arguit,
587 3135 667 3216 quod
698 3145 729 3195 et
757 3135 830 3195 alibi
877 3134 1026 3196 interdum
1048 3137 1205 3199 ostendere
1232 3158 1285 3197 seu
1307 3136 1476 3210 declarare,
1507 3157 1578 3198 uus·

136 3223 250 3282 Paulus
272 3223 376 3282 eadem
400 3224 474 3283 haec
496 3231 672 3302 argumenta
689 3222 830 3302 proferat,
879 3243 966 3303 quam
989 3225 1139 3283 tamenin
1163 3228 1254 3284 sacris
1277 3224 1370 3283 literis
1400 3244 1436 3283 ea
1462 3224 1575 3302 signifi·

137 3309 246 3390 quihus
270 3308 423 3369 declarata
452 3311 491 3368 sit
513 3320 543 3369 et
565 3312 737 3370 confirmatu
759 3309 829 3368 fidei
879 3310 998 3369 catione
1019 3312 1159 3389 reperiri3
1190 3310 1243 3369 scd
1265 3330 1384 3389 semper
1406 3310 1502 3389 accipi
1523 3332 1579 3390 pro

136 3398 255 3470 veritas,
278 3405 311 3454 ut
335 3401 350 3455 1
376 3396 444 3456 Gor.
469 3398 498 3454 2.
536 3398 737 3456 Praedicotio
760 3415 831 3455 meu
880 3416 924 3464 eo,
948 3396 1028 3476 quod
1051 3406 1097 3456 est
1119 3399 1204 3457 finire
1227 3416 1280 3456 seu
1295 3397 1426 3468 definire,
1444 3406 1579 3457 statuere

136 3484 226 3559 apud
248 3487 353 3543 vorin
369 3486 544 3543 ostensione
559 3486 699 3559 Spiritus
718 3485 830 3542 ctoir·
881 3503 934 3542 seu
957 3485 1152 3556 constituere,
1186 3492 1217 3541 ut
1240 3484 1306 3543 Act.
1331 3486 1359 3542 2.
1402 3485 1498 3544 Hunc
1523 3483 1579 3544 de·

136 3573 219 3629 tutis.
244 3568 310 3629 Gal.
334 3571 363 3628 3.
400 3574 460 3650 Qui
482 3571 594 3629 tribuit
616 3569 704 3630 vobis
725 3571 830 3644 Spiri-
880 3571 971 3646 finito
982 3571 1113 3629 consilio
1129 3577 1158 3629 et
1166 3573 1380 3645 praescientia
1396 3573 1458 3630 Dei
1472 3571 1580 3630 trodi-

136 3666 219 3732 tum,
245 3665 273 3715 et
300 3666 454 3732 operatur
479 3660 612 3718 virtutes
632 3661 669 3716 in
692 3656 785 3716 vobis.
812 3661 828 3714 1
881 3664 957 3716 tum.
991 3657 1032 3716 Et
1056 3659 1105 3714 10.
1130 3660 1191 3736 Qui
1210 3662 1397 3718 constitutus
1413 3665 1457 3716 est
1471 3677 1492 3716 u
1508 3659 1580 3718 Deo

136 3743 276 3804 Thessal.
302 3749 329 3802 1.
360 3745 575 3818 Evonpelium
597 3752 742 3803 nostrum
764 3762 831 3802 non
876 3744 977 3818 judex
1000 3747 1149 3803 vivorum
1172 3753 1202 3803 et
1224 3753 1433 3804 mortuorunt.
1462 3743 1504 3802 Et
1530 3746 1580 3803 17.

135 3831 203 3908 fuit
225 3830 268 3888 ud
290 3848 345 3889 vos
373 3833 409 3890 in
438 3849 580 3890 sermone
603 3839 747 3903 tontum,
778 3830 831 3891 sed
882 3832 1046 3906 Definiens
1068 3838 1187 3890 statuto
1211 3839 1364 3906 temporo.
1397 3828 1454 3889 cui
1476 3829 1578 3907 objec-

136 3920 172 3976 in
194 3920 312 3976 virtute
335 3921 419 3976 etin
444 3919 570 3992 Spiritu
590 3924 708 3977 sancto.
736 3916 830 3975 Hebr.
881 3918 955 3976 tioni
992 3916 1123 3977 breviter
1160 3917 1334 3996 responderi
1367 3924 1482 3995 potest,
1523 3937 1581 3977 nec

137 4007 165 4063 2.
190 4005 277 4082 Quae
307 4005 393 4063 sulus
421 4007 458 4063 in
480 4024 539 4064 nos
565 4006 754 4081 confirmato
777 4010 830 4077 est,
882 4003 1000 4084 quidem
1024 4003 1159 4062 hocloco
1176 4023 1240 4063 eam
1256 4024 1360 4062 vocem
1382 4003 1468 4062 sliter
1483 4005 1582 4084 accipi

138 4097 333 4150 contestante
349 4093 417 4150 Deo
440 4093 538 4165 sipnis
561 4099 591 4149 ct
610 4094 779 4166 portentis,
803 4097 833 4148 et
882 4089 1045 4160 aGraecis,
1064 4091 1121 4149 nisi
1133 4089 1213 4170 quod
1225 4089 1427 4149 definitionem
1447 4089 1582 4151 referunt

138 4179 237 4236 variis
252 4178 433 4251 virtutihus,
458 4185 487 4236 et
502 4180 642 4253 Spiritus
663 4180 766 4236 suncti
780 4176 832 4234 di·
881 4197 941 4235 non
963 4176 1002 4235 sd
1025 4197 1095 4250 rem,
1118 4176 1172 4236 sed
1195 4176 1234 4234 ad
1255 4177 1406 4235 hominnm
1426 4178 1581 4252 notitiam3

136 4264 384 4324 strihutionibus.
429 4265 504 4323 Item
527 4265 615 4342 hujus
638 4263 784 4342 epistolae
807 4283 831 4321 c.
881 4269 915 4320 ut
936 4263 961 4321 is
983 4264 1035 4342 qui
1056 4263 1152 4322 factus
1176 4264 1347 4334 esthemo,
1370 4261 1484 4321 dicatur
1508 4263 1580 4324 defi·

140 4349 188 4410 15.
219 4352 261 4410 ln
285 4354 400 4412 virtute
422 4356 587 4427 sipnomm
609 4358 638 4410 et
664 4350 833 4424 prodipio·
882 4349 962 4408 nitus
983 4349 1062 4409 lilius
1077 4350 1137 4408 Dei
1159 4370 1213 4428 per
1234 4349 1384 4421 miracula,
1408 4359 1438 4409 et
1460 4359 1582 4411 caetera

138 4456 221 4511 rum,
245 4443 281 4497 in
303 4441 420 4499 virtute
443 4441 584 4514 Spiritus
607 4439 717 4496 suncti.
882 4455 960 4515 quae
982 4435 1060 4496 dicta
1082 4446 1165 4508 sunt,
1195 4439 1265 4516 quia
1287 4435 1409 4495 definite
1439 4446 1582 4516 certoque

133 4581 136 4586 .
179 4525 436 4585 Resurrectionem
455 4544 527 4584 vero
543 4523 654 4585 Christi
669 4544 723 4601 pro
746 4541 831 4601 argu·
882 4524 1034 4599 cognitus,
1064 4529 1094 4581 et
1122 4533 1156 4581 ut
1183 4524 1225 4581 ita
1255 4523 1367 4594 dicum,
1389 4524 1580 4584 certificatus.

137 4618 236 4671 mento
244 4612 376 4672 veritatis
386 4611 592 4689 Evangeliiah
606 4630 642 4668 eo
654 4608 754 4668 traditi
762 4629 829 4688 pas·
882 4608 951 4667 Hoc
973 4609 1051 4668 enim
1074 4628 1164 4668 sensu
1184 4609 1394 4669 Theodoretus
1416 4609 1494 4668 hanc
1516 4632 1582 4670 rem

137 4697 193 4760 sim
210 4697 351 4762 adferunt
368 4697 513 4781 Apostoli,
532 4697 706 4759 nominatim
723 4696 833 4757 Petrus
883 4693 1013 4758 dilucide
1036 4703 1068 4757 et
1088 4696 1167 4757 bene
1189 4696 1329 4777 explicat
1374 4694 1484 4777 Neque
1505 4717 1581 4777 yero
