3254 5190
464 292 630 348 BPlSl'OLA!
647 292 687 346 tu
705 289 854 347 nautum.
889 293 973 349 VEBS·
994 296 1033 349 17.
1054 294 1094 349 18.
1432 307 1501 373 ll?

63 493 94 534 ex
106 492 163 533 una
179 481 340 553 pwcunte
362 471 430 531 Hoc
444 471 524 531 enim
539 477 754 549 praecesserat.
804 470 896 529 vitam
910 473 1044 549 opponit,
1057 492 1123 531 eam
1136 471 1261 544 scilicet,
1278 473 1503 552 qnaejustitiae

10 588 12 609 ÷
62 560 245 639 Quemquam
261 577 369 618 sensus
385 557 490 619 eodem
505 556 621 616 recidit
638 556 717 615 Nam
729 558 755 614 si
804 576 857 635 per
875 555 1025 617 Christum
1042 567 1187 638 acceptae
1202 579 1317 618 merces
1334 560 1373 619 sit
1391 560 1503 619 futura.

62 646 215 725 intelligas,
231 664 272 706 ex
287 664 346 703 uno
362 652 524 724 peccante,
539 641 707 702 formaliter
724 642 755 701 id
848 642 908 702 Ubi
920 645 1084 703 notandum
1098 656 1151 715 est,
1168 665 1235 704 cum
1249 644 1393 705 dixisset:
1418 665 1503 706 mors
1550 678 1553 683 ·

60 730 267 812 recipiendum
283 732 358 803 erit,
375 729 405 791 id
418 739 473 802 est
486 731 673 809 inquantum
686 749 753 808 pec·
802 733 950 804 regnavit
962 750 1021 806 per
1036 751 1156 806 unam,
1186 751 1245 791 non
1269 740 1369 792 tamen
1393 753 1461 793 eum
1486 752 1503 792 e

59 819 133 879 uerit
147 815 752 888 Condemnationemveromortisdicit,
802 814 922 875 diverso
951 816 1079 888 dixisse,
1107 821 1199 877 vitam
1228 829 1418 896 regnaturam
1446 837 1502 897 per

58 925 135 985 quam
150 905 184 964 in
200 905 416 984 superioribus
439 903 604 982 expressit,
631 901 669 962 de
692 921 753 981 qna
802 921 893 962 unum
917 903 1025 964 Jesum
1049 902 1216 980 Christum
1240 903 1293 963 sed
1316 905 1426 965 dixit
1418 923 1501 1006 ipsos

56 993 137 1052 etiam
153 1011 231 1051 mox
247 1009 282 1051 ae
300 992 399 1071 ipsum
414 990 545 1068 exponit.
796 988 1003 1065 justificatos'
995 1011 1026 1048 ιιι
1042 992 1106 1049 vita
1127 997 1322 1069 regnaturos,
1346 999 1408 1050 tum
1432 992 1503 1070 quia

91 1079 191 1159 igitur
208 1097 320 1138 seusus
336 1085 400 1137 est:
427 1077 505 1136 Nam
523 1073 672 1153 judicium
689 1075 752 1153 qni·
797 1074 1077 1151 jucundiussonat,
1093 1079 1118 1136 si
1134 1077 1299 1137 dicantur
1290 1096 1348 1156 rpsr
1339 1077 1499 1136 homiues

55 1163 192 1225 deruDei
208 1183 252 1224 ex
264 1184 326 1225 uno
348 1164 439 1243 primi
464 1162 592 1224 hominis
617 1169 751 1241 peccato,
800 1164 968 1240 regnaturi,
994 1120 1077 1242 quod
1103 1162 1226 1242 quidem
1257 1181 1381 1242 regnum
1408 1163 1505 1222 etiam

55 1250 186 1332 reiquia
201 1268 285 1310 unus
302 1250 354 1311 ille
368 1249 615 1329 bomopeccavit,
631 1267 750 1326 proces·
799 1249 946 1326 scriptura
967 1248 1059 1325 justis
1086 1249 1233 1329 promittit
1258 1248 1361 1308 Matth.
1391 1248 1441 1307 25.
1467 1256 1498 1308 et

55 1340 88 1396 sit
111 1336 150 1396 ed
182 1335 466 1398 condemnationem
495 1335 610 1394 mortis.
645 1332 750 1394 Gratia
799 1333 889 1409 alibi,
906 1344 969 1394 tum
985 1337 1058 1414 quia
1074 1337 1118 1395 sic
1129 1334 1281 1414 loquendo
1294 1335 1392 1394 voluit
1403 1354 1496 1413 quau·

10 1462 12 1467 -
55 1443 117 1484 rere
131 1423 197 1484 Dei
212 1443 276 1483 non
291 1444 331 1484 ex
347 1443 406 1483 uno
422 1420 542 1496 delicto,
558 1419 663 1481 sodex
674 1421 749 1480 mul·
798 1419 867 1479 dam
884 1422 972 1480 etiam
988 1421 1263 1482 dissimilitudinem
1279 1422 1402 1482 innuere
1419 1422 1495 1480 inter

55 1509 223 1571 tireductoe
233 1529 272 1570 ac
282 1509 427 1570 liberatos
434 1508 556 1585 justitia
567 1507 666 1576 (leuat,
678 1507 749 1585 quie
797 1519 922 1567 mortem
939 1515 970 1565 et
983 1510 1084 1574 vitam.
1101 1510 1178 1569 sicut
1190 1507 1304 1567 fecerat
1317 1510 1393 1568 inter
1404 1505 1494 1567 delic-

56 1617 106 1657 uon
129 1604 254 1657 tautum
280 1598 403 1656 remittit
432 1613 525 1654 uuum
557 1592 634 1653 illud
661 1592 748 1653 Adae
796 1600 858 1651 tum
874 1592 1039 1654 etdounm.
1065 1594 1143 1656 Nam
1165 1613 1244 1653 mors
1269 1597 1309 1654 ita
1324 1601 1445 1670 regnat,
1461 1601 1496 1653 ut

56 1692 223 1763 poeeetum,
251 1683 318 1742 sive
339 1682 377 1742 ab
401 1702 437 1743 eo
459 1690 651 1750 conuectum,
666 1678 747 1758 quod
795 1677 903 1758 perdat
918 1700 978 1753 eos,
993 1701 1082 1759 snper
1098 1683 1209 1762 quibus
1225 1690 1348 1761 regnam
1363 1681 1428 1739 rita
1439 1700 1492 1740 au·

56 1771 171 1849 siugulis
188 1771 279 1839 most
305 1768 359 1829 sed
374 1769 498 1848 insuper
512 1768 639 1828 remittit
653 1765 747 1825 multa
795 1777 855 1825 tem
872 1768 915 1827 sic
931 1768 1068 1845 regnabit
1084 1771 1114 1828 in
1129 1767 1226 1839 nobis,
1241 1777 1275 1827 ut
1289 1787 1377 1848 reges
1392 1766 1494 1841 faciat,

55 1866 172 1936 patrata
196 1876 216 1914 a
238 1855 370 1934 posteris
392 1854 478 1916 Adae
508 1853 587 1915 mala
613 1854 746 1932 ipsorum
795 1851 825 1911 id
848 1863 909 1925 est,
932 1854 1069 1916 coelestis
1092 1855 1177 1935 regui
1198 1874 1265 1916 cum
1281 1853 1401 1915 Christo
1425 1873 1492 1913 con·

55 1943 204 2003 vuluntate
220 1940 425 2022 superaddita
448 1940 537 2001 Hanc
553 1960 641 2020 porro
658 1937 745 1999 dissi·
794 1948 899 1999 sortes.

53 2028 250 2090 militudinem
265 2028 499 2107 comparationis
513 2028 590 2087 inter
601 2025 698 2086 Adam
714 2034 746 2085 et
837 2024 987 2098 Observa,
1003 2028 1108 2099 lector,
1123 2028 1301 2107 Apostolum
1316 2027 1375 2087 hoc
1390 2026 1492 2105 capite

52 2113 200 2176 Ghnstum
216 2115 348 2194 amplius
363 2113 462 2174 adhuc
476 2113 744 2191 illustratAposto·
793 2110 855 2172 fere
875 2112 1082 2174 indifferenter
1103 2122 1133 2175 et
1155 2116 1322 2207 promiscue
1344 2132 1493 2208 usurpare

52 2200 91 2261 lus
104 2202 310 2282 sequentibus
322 2201 436 2261 verbis:
792 2208 921 2278 quatuor
931 2199 1079 2260 vocabula
1087 2199 1213 2272 Graeca,
1226 2191 1330 2303 χάρις,
1340 2194 1488 2277 χάρισμα,

87 2289 134 2350 17.
156 2290 300 2351 sienim
314 2287 541 2348 aniusdelicto
564 2302 650 2346 mors
672 2303 743 2360 reo·
792 2279 913 2362 dupe,
875 2300 896 2342 α
937 2275 1074 2362 δώρημα.
1091 2287 1228 2367 Quorum
1244 2287 1488 2367 primumnosrer

51 2378 132 2437 muit
151 2393 344 2452 perunum
368 2374 448 2434 Male
468 2372 591 2454 quidam
607 2370 742 2431 codices:
792 2372 939 2452 interpres
954 2374 1043 2432 vertit
1058 2377 1214 2452 gratiam,¹
1208 2373 1398 2433 ·secundum
1411 2391 1488 2433 nunc

49 2461 203 2523 dieaim
191 2481 229 2520 sn
245 2464 343 2521 anias
358 2461 482 2537 delicto,
510 2461 625 2519 scilicet
639 2457 742 2517 addita
790 2457 923 2535 donum,
939 2479 1020 2520 nunc
1033 2464 1191 2539 oratiam5
1206 2462 1324 2521 tertium
1339 2479 1417 2519 nunc
1428 2459 1487 2520 do·

49 2549 274 2629 praepositione
288 2550 336 2622 in,
349 2566 429 2626 quae
439 2567 494 2607 nec
507 2548 537 2606 in
548 2544 676 2606 Graccis
688 2551 742 2615 est,
789 2565 868 2606 num
875 2591 885 2621 ,
913 2565 991 2606 nunc
1006 2546 1214 2609 donationem
1220 2571 1233 2624 ,·
1260 2555 1399 2627 quartum
1413 2565 1486 2607 vero

48 2654 95 2695 see
107 2638 139 2696 in
155 2634 300 2694 omnibus
315 2634 450 2704 Latinis,
466 2641 496 2693 et
510 2652 633 2694 sensum
648 2633 741 2709 impe·
789 2632 920 2693 donum.
943 2632 1061 2712 Quibus
1077 2635 1234 2695 vocabulis
1249 2655 1304 2714 pro
1319 2635 1379 2704 rei,
1405 2651 1487 2712 quae

48 2717 85 2779 dit
96 2722 196 2801 magis
211 2740 304 2802 quam
320 2719 453 2799 adjurat.
788 2718 904 2788 dicitur,
916 2722 1082 2798 exigentia,
1095 2720 1182 2782 modo
1195 2720 1384 2800 significatur
1395 2719 1484 2779 bene·

85 2808 189 2869 Metro
204 2809 309 2883 magis
325 2806 559 2867 abunduntiam
574 2807 698 2880 gratiae
711 2809 739 2862 et
787 2806 907 2866 licentia
923 2806 998 2876 Dei,
1020 2808 1108 2868 modo
1124 2819 1207 2868 actus
1223 2805 1371 2878 donandi,
1396 2803 1485 2866 modo

50 2892 232 2954 baunonia
255 2901 285 2953 et
305 2896 449 2967 iustitiae
472 2893 676 2968 accipientes,
703 2893 739 2949 in
786 2912 834 2953 res
849 2894 917 2972 ipsa
933 2893 1052 2954 donata.
1068 2894 1158 2975 Quod
1169 2895 1344 2975 perspiciet,
1360 2893 1412 2973 qui
1424 2893 1483 2952 siu·

49 2980 305 3057 udureynabunt
320 2999 495 3055 perunum
511 2983 623 3041 Jesum
647 2978 738 3038 Obri-
785 2980 857 3059 gula
871 2982 933 3039 suis
948 2980 1021 3042 locis
1037 2981 1194 3060 expendet.

48 3073 127 3126 rtem
143 3070 190 3130 Ei
206 3066 393 3127 donatianis
409 3074 437 3126 et
447 3067 598 3140 justitiae.
612 3063 737 3137 Graece,
830 3069 877 3130 18.
903 3069 1022 3143 Igitur,
1045 3072 1124 3129 sicut
1147 3087 1207 3144 per
1221 3069 1318 3127 unius
1333 3064 1481 3125 delictum

48 3154 158 3215 adoni
163 3156 323 3229 justitiae,
335 3155 402 3213 aine
410 3152 737 3231 mediaconjunctione,
784 3161 819 3217 in
835 3175 943 3217 omnes
965 3157 1107 3215 homines
1123 3159 1159 3214 in
1174 3155 1480 3214 condemnationem.

47 3242 95 3300 ιἰἰ
118 3239 205 3321 qood
235 3241 266 3300 in
281 3241 387 3319 paucis
404 3240 527 3318 legitor,
558 3245 587 3297 ee
616 3238 737 3297 donum
783 3241 876 3304 Redit
890 3241 1192 3321 incompassionem
1208 3241 1294 3300 Adae
1314 3237 1480 3306 orchi-isti,

44 3329 189 3397 miae.
220 3327 381 3387 Caeterum
408 3326 596 3405 Augustinus
620 3335 737 3385 tantum
785 3330 947 3391 indicatam
964 3328 1015 3388 illa
1031 3336 1134 3408 parte:
1157 3330 1212 3405 qni
1234 3334 1278 3387 est
1298 3327 1408 3403 forma
1421 3325 1479 3401 [ιι-

46 3410 113 3493 legit
133 3415 377 3476 abundantiam
391 3415 513 3489 gratiae
536 3420 565 3471 et
575 3415 736 3487 justitiae,
785 3420 851 3478 turi
859 3461 868 3491 ,
886 3435 1012 3495 eamque
1026 3415 1176 3493 recolligit
1191 3435 1229 3474 ex
1241 3412 1418 3491 jamdictis.
1435 3409 1481 3468 Ao

46 3496 91 3559 ln
115 3507 142 3560 1.
166 3499 206 3560 de
221 3501 369 3580 baptismo
385 3500 578 3580 parvulorum
594 3521 658 3578 cap.
678 3500 737 3572 13,
785 3503 872 3563 simul
888 3502 1017 3581 supplet,
1033 3501 1115 3581 quod
1130 3500 1337 3580 imperfectum
1353 3497 1481 3576 relique·

46 3596 73 3644 rt
82 3588 125 3647 sie
139 3607 160 3646 a
185 3587 272 3647 Beda
294 3589 401 3647 citatur
415 3588 446 3646 iu
473 3586 672 3647 collectaneis,
690 3587 738 3645 Ita
784 3599 844 3661 rat,
856 3590 908 3648 nbi
919 3588 1011 3649 dixit:
1024 3590 1211 3664 Propterea,
1223 3589 1302 3646 sicut
1313 3601 1482 3660 perunum

46 3691 159 3754 quaque
189 3674 302 3754 legitur
323 3671 405 3752 apud
438 3673 593 3733 Irenaeum
628 3673 676 3733 lib.
710 3677 737 3734 3.
785 3679 945 3736 bominem
967 3684 1039 3747 etc,
1066 3674 1218 3745 addendo,
1234 3671 1316 3754 qnod
1332 3671 1482 3752 seqnitur:

48 3777 105 3840 cap.
125 3761 176 3821 18.
306 3792 318 3818 0
830 3765 880 3825 Sic
896 3770 925 3822 et
939 3780 1002 3838 per
1021 3765 1119 3821 unius
1136 3763 1296 3834 iustitiam
1319 3760 1355 3818 in
1377 3775 1484 3817 omnes

83 3847 197 3908 &nens
212 3846 344 3927 periodi:
360 3848 393 3906 Si
405 3867 459 3926 per
474 3866 567 3905 unum
580 3846 738 3917 hominem,
787 3851 929 3910 homines
954 3852 990 3908 in
1008 3849 1270 3924 justificationem
1293 3851 1387 3907 vitae.
1421 3845 1484 3904 Per

47 3946 188 4010 antenus
204 3934 340 3995 nimirum
352 3953 431 3993 unus
445 3933 496 3992 ille
505 3932 643 4012 deliquit,
661 3944 691 3992 et
702 3953 737 3992 co
786 3940 885 3997 unius
897 3939 1056 4009 justitiam
1063 3980 1074 4010 ,
1100 3934 1233 4005 Graece,
1247 3953 1305 4009 per
1322 3935 1417 3992 anius
1427 3933 1484 4003 jn·

47 4022 176 4100 mutagio
201 4029 341 4099 posteros
365 4018 483 4090 infecit,
509 4038 586 4078 mors
606 4021 738 4100 pervasit
786 4024 1027 4100 stificationem3
1056 4031 1085 4083 et
1108 4022 1149 4080 ita
1179 4022 1269 4081 vertit
1295 4018 1388 4098 paulo
1413 4027 1485 4076 unte

46 4103 202 4168 humanum
218 4126 332 4186 genus,
360 4106 580 4183 multomagis,
607 4106 658 4188 qui
685 4125 739 4184 per
788 4109 935 4170 Graecam
959 4130 1062 4169 vocem
1093 4103 1257 4182 δικαίωμα.
1287 4105 1402 4165 Verum
1427 4113 1485 4162 tam

47 4189 190 4255 Christum
205 4195 378 4273 acceperint
399 4193 620 4255 exuberantiam
645 4193 736 4252 douo·
786 4196 845 4266 hic,
860 4217 950 4277 qnam
977 4197 1038 4256 illic
1059 4205 1141 4256 recte
1163 4194 1339 4272 intelligitur
1357 4191 1484 4269 justitia.

48 4283 240 4360 munoribus
255 4300 275 4339 a
290 4281 424 4358 peccatis
432 4279 591 4357 justificati
602 4289 696 4359 etque
708 4281 738 4340 in
786 4283 837 4342 Sic
853 4286 949 4362 Apoc.
969 4288 1031 4344 1e.:
1060 4286 1231 4358 Byrsinum
1241 4279 1486 4354 iustificationes

45 4363 154 4440 justitia
168 4366 450 4448 prorectifueriut,
476 4368 506 4425 in
529 4378 653 4427 aeterna
675 4369 739 4427 vita
786 4378 1078 4447 santaanctorum,
1106 4368 1214 4441 idest,
1233 4368 1386 4447 just,itiae
1404 4366 1486 4445 justa

48 4455 206 4554 regnabunt
226 4475 283 4534 per
305 4452 436 4513 eundem
461 4473 552 4512 unum
577 4455 738 4526 hominem,
787 4476 889 4535 opera.
905 4458 1065 4519 Diversum
1084 4456 1206 4516 verbale
1222 4457 1289 4516 est'
1282 4477 1310 4515 ru
1328 4474 1378 4525 eo,
1404 4450 1495 4531 quod

48 4540 129 4614 primo
144 4542 260 4603 homini
284 4541 471 4619 oppositum,
494 4541 608 4601 scilicet
631 4541 738 4601 desum
787 4545 891 4622 sequit
892 4564 942 4615 ur,
958 4548 994 4605 in
1004 4545 1263 4621 justificationem
1281 4545 1378 4603 vitae:
1372 4537 1486 4600 ··Grae

48 4620 196 4690 chomor
221 4627 384 4728 Repetitio
404 4635 451 4686 est
473 4628 581 4705 prioris
604 4627 740 4687 differen·
787 4650 839 4700 ce,
855 4625 1023 4692 δικαίωσιν.

47 4711 106 4786 fia,
119 4717 177 4780 uia
168 4712 281 4797 quud
303 4713 384 4775 lric'
370 4733 436 4791 Jam
458 4714 632 4794 expressius
652 4717 740 4776 morti
830 4717 944 4779 Sensus
958 4718 1118 4798 hujnsloci
1131 4725 1193 4779 est:
1206 4716 1330 4779 Jamex
1343 4717 1389 4790 iis,
1405 4734 1486 4799 quae
