3254 5190
146 296 215 361 ue

141 473 283 523 eventum
295 462 426 535 denotet,
438 461 690 544 quemadmodum
703 473 735 522 et
746 465 777 522 iu
790 483 836 534 eo,

141 549 223 629 quod
240 551 393 630 seqnitur:

189 637 229 697 Ut
244 636 302 712 tlat
316 654 416 712 surpra
430 636 560 695 modum
574 653 711 713 peccans
723 654 836 711 pccca-

141 732 208 782 tom
222 742 282 799 pes·
295 724 497 783 mandatum.
520 725 560 783 Ut
574 723 642 799 flat,
660 722 717 796 vel,
732 729 768 782 ut
779 723 836 799 fle·

140 818 195 869 ret.
219 812 326 886 Supra
340 809 471 869 modum
478 854 488 886 ,
513 809 643 883 Graece,
659 797 731 867 καθ’
744 801 837 885 ὑπερ-

139 890 250 973 βολὴν,
274 896 447 957 secuudum
464 916 638 972 excessu-ru,
656 895 761 969 idest,
785 916 834 955 ox-

139 983 292 1055 cellenter,
308 984 453 1061 majorem
469 985 500 1043 in
514 983 644 1043 modum.
668 981 728 1043 Pro
744 985 836 1076 perti·

138 1072 216 1149 cipio
231 1090 367 1147 peccans
383 1073 414 1130 in
430 1069 546 1130 Graeco
562 1091 671 1131 nomen
683 1080 730 1128 est
742 1080 835 1147 αμαρ-

137 1150 249 1233 τωλὸς,
274 1156 305 1217 id
334 1166 395 1230 est,
426 1167 569 1235 peccator
594 1176 647 1216 sen
673 1157 836 1236 peccatrix.

137 1245 211 1304 Nam
228 1245 295 1322 ejus
312 1243 533 1304 substantivum
550 1237 706 1322 ἁμαρτία,
730 1244 835 1304 foemi-

136 1333 240 1390 ninum
255 1338 309 1404 est,
324 1331 410 1391 velut
424 1333 451 1389 si
466 1331 576 1392 Latine
592 1330 750 1405 diceretur,
766 1350 834 1409 pec·

138 1419 235 1478 catrix
250 1420 413 1497 peccantia,
430 1419 505 1491 sive,
521 1427 556 1476 nt
568 1417 777 1478 Tertullianus
793 1416 835 1475 lo-

137 1507 256 1584 quitur,
272 1502 491 1584 delinquentis.
518 1504 552 1564 B.
569 1505 752 1583 Augustinus
767 1524 834 1583 pas·

137 1593 191 1650 sirn
208 1590 299 1670 legit:
322 1598 471 1667 peccator
483 1600 667 1667 peccatum,
689 1600 721 1650 ut
737 1593 766 1651 iu
782 1610 833 1651 ex·

657 286 890 340 COMMENTARIUS
902 285 934 340 lli
946 286 1013 340 CAP.
1026 287 1076 340 llll.

930 460 1412 544 SensuszAdeoqueilludipsum
1419 469 1584 542 peccatum,

888 551 918 609 iu
933 570 981 609 me
996 550 1110 624 latens,
1133 552 1293 611 occasione
1314 548 1450 609 mandati
1473 547 1582 609 luctum

887 645 935 696 est
950 646 1095 715 tunquam
1113 639 1219 718 ingens
1234 646 1388 716 peccetur,
1405 634 1478 695 dum
1493 638 1526 694 iu
1539 654 1585 695 me

886 734 1028 802 operatur
1049 744 1166 784 omnem
1189 724 1481 802 concupiscentiam,
1503 732 1535 782 et
1555 723 1584 781 in

887 818 1019 888 apertam
1035 813 1322 889 praevaricationem
1336 809 1483 889 impellit,
1506 811 1583 869 inro-

885 915 941 976 per
963 905 994 956 ot
1013 896 1130 957 occidit.
1154 896 1285 959 Videtur
1306 895 1436 976 August.
1454 914 1540 955 serm.
1556 898 1582 955 6.

886 982 925 1043 de
951 984 1049 1043 verbis
1065 986 1173 1063 Apost.
1190 994 1307 1063 partam
1321 983 1401 1043 hauc
1422 981 1583 1042 camuliter

887 1089 1046 1149 exponere.
1081 1071 1132 1132 Sic
1148 1073 1227 1131 enim
1240 1072 1302 1131 ait:
1326 1069 1412 1148 Ouid
1427 1076 1474 1130 est
1487 1087 1582 1146 supro

885 1158 1040 1217 modum?
1055 1158 1094 1217 Ut
1105 1159 1247 1217 addatur
1252 1158 1507 1234 praevaricatio.
1519 1157 1580 1216 na-

886 1251 920 1302 tu
936 1250 979 1303 est
994 1262 1067 1318 cryc
1084 1247 1134 1304 lcr
1144 1245 1215 1319 illa,
1230 1252 1267 1304 ut
1279 1242 1580 1318 inueniretur-intir-

885 1333 987 1389 mitas.
1013 1332 1134 1390 Parum
1163 1338 1206 1391 est
1230 1332 1304 1406 troc,
1333 1348 1401 1390 uon
1427 1331 1532 1391 solum
1549 1338 1580 1389 ut

885 1420 1096 1492 inveniretur,
1112 1419 1166 1478 sed
1181 1421 1278 1477 etium
1291 1424 1531 1492 sterneretur,
1555 1424 1580 1474 ct

885 1505 1365 1582 celsicmcdicusquoererctur.
1379 1501 1579 1583 Verumquod
1616 1530 1619 1561 ;

885 1590 973 1650 dicit:
995 1599 1234 1668 elongaretur,
1262 1591 1300 1650 de
1316 1591 1518 1671 permissione
1532 1590 1580 1651 lru·
1616 1614 1619 1647 t

135 1680 282 1758 positione
297 1680 514 1759 propositionis
529 1680 590 1753 40,
616 1686 732 1758 qnuest.
752 1683 778 1737 1.
795 1677 833 1738 nd
880 1677 1015 1755 jusmodi
1032 1681 1184 1758 augmenti
1199 1677 1407 1757 accipiendum
1423 1687 1479 1737 est.
1497 1678 1579 1737 Hauc

135 1766 378 1845 Simplicianum,
405 1775 436 1825 et
458 1774 575 1845 quaest.
601 1769 650 1827 66.
685 1766 761 1825 inter
783 1766 833 1824 83.
885 1767 965 1824 euim
980 1765 1065 1826 Deus
1092 1765 1223 1826 intendit
1244 1785 1298 1845 per
1320 1765 1435 1843 legem,
1459 1772 1494 1823 ut
1513 1762 1578 1827 slibi

137 1854 214 1913 item
231 1872 317 1912 serm.
334 1857 362 1915 6.
379 1852 416 1913 de
430 1853 531 1912 verbis
546 1851 688 1933 Apostoli
714 1872 778 1932 cap.
795 1857 834 1923 4.,
884 1852 1023 1912 diximus.

136 1952 166 2000 et
182 1940 232 1999 lib.
251 1941 298 1999 13.
316 1938 354 2000 de
370 1941 494 1999 civitate
510 1939 569 1999 Dei
586 1961 651 2019 cap.
675 1943 720 2014 5.,
744 1938 834 2020 idque
931 1942 978 1998 14.
994 1941 1118 2000 Scimus
1133 1944 1229 2013 enirn,
1245 1944 1324 2017 quia
1339 1942 1391 2005 lec
1405 1942 1580 2015 spiritualis

132 2028 221 2101 juxte
244 2025 332 2085 fidem
354 2036 490 2086 veterum
518 2027 750 2109 exemplarium,
777 2027 834 2086 nisi
884 2034 936 2088 cst.
960 2026 1160 2106 Perspicuum
1176 2039 1231 2098 est,
1244 2029 1350 2107 iuquit
1366 2050 1427 2090 nou
1445 2027 1579 2090 esseeul·

136 2113 217 2192 quod
234 2112 370 2172 indoctus
394 2113 491 2172 scriba
513 2113 625 2172 alicubi
649 2114 835 2192 conjunctio·
884 2134 954 2193 paru
978 2112 1072 2192 legis,
1095 2113 1183 2187 dum,
1207 2132 1243 2171 ea
1258 2126 1397 2192 accepts,
1412 2118 1505 2196 pejor
1518 2117 1580 2197 quis

136 2216 202 2260 nem
219 2201 374 2279 putaverit
398 2199 664 2279 interponendam.
686 2207 834 2277 peccator
885 2201 1018 2261 efficitur.
1047 2201 1166 2261 Scimus
1182 2201 1276 2272 cuim,
1303 2204 1492 2282 quicumque
1507 2214 1580 2264 recte
1615 2228 1619 2241 ·

136 2306 174 2345 ac
186 2294 369 2363 peccatum
397 2286 488 2361 alies,
509 2294 659 2364 peccator
682 2294 739 2346 aot
759 2305 834 2363 pcc·
884 2288 1030 2366 sapimus,
1060 2286 1158 2366 legem
1185 2287 1373 2365 spiritualem
1399 2308 1486 2364 esse,
1512 2289 1580 2370 quis

137 2380 253 2434 cotom.
883 2373 1099 2454 praecipites,
1123 2392 1201 2454 quae
1219 2372 1382 2435 obsarvsta
1396 2376 1580 2454 spiritualem
1614 2400 1619 2433 :

178 2459 384 2539 Hieronymus
401 2457 521 2539 quidem
537 2457 575 2518 ad
591 2458 746 2537 Algasiam
765 2460 835 2518 scri·
885 2470 915 2520 et
925 2461 1044 2537 justum
1059 2460 1190 2521 reddunt
1203 2461 1364 2521 homiuem.
1388 2461 1512 2524 Dicitur
1532 2482 1578 2523 au·

134 2545 315 2624 bens,legit:
325 2543 836 2625 peccanspcccutum,sedpertici·
884 2557 944 2607 tem
961 2555 1022 2604 tum
1039 2546 1097 2618 lex,
1114 2566 1205 2626 quem
1219 2547 1317 2619 homo,
1333 2548 1520 2626 spiritualis,
1534 2546 1579 2611 vel
1615 2576 1619 2611 -:

135 2634 215 2711 pium
229 2631 419 2692 nominaliter
435 2632 565 2710 exponit,
579 2631 647 2691 dum
661 2633 720 2692 ait:
732 2638 835 2709 Atque
885 2656 903 2693 a
919 2633 1026 2711 spiritu
1043 2633 1185 2705 hominis,
1202 2632 1232 2692 id
1248 2641 1301 2705 est,
1317 2642 1434 2709 ruente,
1458 2638 1509 2695 cui
1524 2654 1579 2695 car·

135 2722 181 2777 ita
191 2719 313 2793 sactum
328 2726 382 2792 est,
395 2726 432 2778 ut
441 2723 617 2794 peccatum,
631 2718 716 2796 quod
725 2722 835 2796 prius·
884 2738 952 2780 nem
975 2721 1101 2798 opponit
1115 2717 1259 2790 iuferius,
1281 2720 1401 2781 diceus:
1425 2723 1498 2797 Ego
1520 2725 1579 2799 ipsc

135 2824 231 2881 quum
255 2805 401 2864 laborm
427 2804 690 2879 intelligentium,
719 2806 835 2883 ubsque
883 2812 987 2865 merite
1002 2808 1105 2865 servio
1121 2806 1183 2881 leyi
1196 2806 1270 2880 Dei,
1286 2824 1384 2866 came
1398 2815 1509 2869 autem
1523 2808 1580 2884 leui

134 2898 352 2967 perculserat,
361 2895 834 2967 pcrpraovuricatioueurmou·
880 2894 1011 2967 peccati.
1028 2891 1088 2950 Vel
1102 2892 1206 2971 potius
1220 2912 1239 2951 a
1250 2892 1363 2971 Spiritu
1392 2903 1515 2968 sancto,
1535 2894 1579 2955 cui

136 2978 205 3036 dati
221 2981 357 3053 incipiat
376 2979 455 3036 milri
474 2996 534 3036 csse
553 2981 740 3052 peccantius
759 2998 834 3055 pcc·
883 2979 996 3058 passim
1011 2997 1129 3037 carnem
1145 2979 1278 3057 opponit,
1293 2986 1327 3037 ut
1342 2977 1411 3039 Gal.
1437 2982 1485 3040 n:
1501 2982 1579 3043 Coro

135 3072 250 3123 rutum.
884 3066 1077 3140 concupiscit
1091 3065 1245 3124 advorsis
1258 3067 1428 3140 spiritum,
1453 3070 1580 3144 spiritur

178 3151 320 3231 Denique
334 3150 470 3210 Rnffinns
486 3152 515 3209 iu
533 3152 748 3210 commentario
768 3149 833 3211 Ori·
884 3159 991 3211 cutem
1006 3151 1158 3212 aduersus
1172 3170 1318 3226 caruem,
1342 3160 1373 3211 et
1393 3153 1487 3227 alibi,
1507 3155 1580 3215 siem

136 3238 220 3315 genis
237 3238 278 3296 ita
294 3236 462 3297 transtulit:
483 3245 632 3312 peccator
649 3244 832 3314 peccatum,
883 3240 946 3297 suis
962 3237 1035 3296 locis
1051 3236 1209 3298 videbitur.
1223 3236 1384 3317 Quomodo
1396 3248 1501 3301 autern
1516 3258 1578 3301 cnm

136 3323 211 3382 lruec
227 3323 341 3384 addens
356 3323 395 3383 de
412 3342 482 3383 suo:
506 3325 599 3402 Quod
624 3331 731 3384 cutem
747 3323 832 3384 diui·
881 3325 940 3385 huc
955 3324 1095 3401 Apostoli
1111 3325 1258 3383 sententia
1272 3344 1333 3384 nou
1348 3334 1475 3406 pugnet,
1503 3324 1579 3407 quod

135 3429 215 3483 urus,
230 3418 393 3485 peccatum
408 3417 567 3485 peccator,
594 3412 768 3470 nroluimus
782 3413 832 3469 si·
882 3410 960 3470 Heb.
989 3408 1017 3469 Ἰ.
1041 3409 1139 3489 legem
1163 3410 1327 3471 Moesicam
1360 3422 1454 3476 vocat
1486 3413 1579 3493 legem

135 3500 213 3556 tium
231 3502 384 3558 sermonis
404 3501 560 3573 recipere,
588 3516 686 3573 quom
708 3515 832 3557 sensum
882 3495 1018 3556 mundati
1035 3497 1174 3569 cumulis,
1191 3495 1222 3556 id
1238 3515 1276 3556 eo
1292 3498 1357 3558 loco
1373 3518 1566 3579 exponemus.

136 3585 282 3660 Apostoli
294 3602 361 3644 uon
373 3587 494 3659 lutense
506 3587 692 3660 exprimere,
709 3587 786 3659 quia
797 3586 832 3643 in
927 3585 996 3657 Eoo
1011 3588 1118 3642 uotcm
1134 3583 1277 3644 carnotis
1291 3603 1371 3647 sum.
1387 3585 1438 3645 Ab
1450 3585 1579 3646 hocloco

135 3672 256 3731 Latino
271 3689 415 3730 secutoris
431 3673 617 3746 angustavit
632 3689 690 3730 rios
715 3690 831 3730 nomen
882 3689 979 3750 usque
994 3668 1033 3727 ad
1048 3669 1137 3729 finem
1152 3671 1263 3749 capitis
1277 3679 1377 3731 utrum
1399 3674 1431 3733 in
1455 3690 1579 3753 persons

133 3761 264 3833 pcccati,
282 3757 368 3833 quod
383 3766 497 3817 neutro
509 3775 622 3831 periere
637 3755 830 3831 declinatur,
882 3755 1010 3816 hominis
1025 3755 1081 3814 sub
1096 3757 1164 3835 lege
1179 3758 1348 3833 constituti,
1373 3780 1412 3819 an
1435 3759 1495 3820 sub
1515 3779 1578 3839 grs-

134 3847 169 3902 in
188 3844 307 3905 Gracco
325 3862 399 3904 vero
414 3845 628 3921 soe-rniuinum
646 3851 699 3917 cst,
717 3850 747 3903 et
761 3844 832 3903 idco
883 3844 934 3913 tia,
951 3843 1094 3920 loquatur
1108 3842 1288 3922 Apostolus,
1304 3865 1363 3904 uun
1374 3866 1474 3926 parva
1490 3863 1577 3925 quac

130 3939 327 4006 peccatore-m
358 3934 462 4005 ipsum
494 3949 552 3989 nos
587 3932 831 4006 appellavimus.
882 3931 941 3989 stio
965 3938 1020 3988 est.
1043 3930 1230 4007 Augustinus
1255 3930 1379 4009 quidem
1395 3941 1517 4013 quaest.
1532 3933 1578 3992 66.

134 4019 216 4099 A'uur
229 4018 273 4076 iln'
282 4017 732 4093 percurrisappellas-sponsi.
744 4018 832 4077 Huec
881 4015 931 4075 lib.
947 4017 997 4075 83.
1014 4025 1150 4093 quaest,
1173 4025 1204 4075 et
1226 4018 1256 4076 in
1271 4021 1417 4097 proposit.
1434 4020 1578 4099 expositis

131 4102 191 4164 illa
880 4103 971 4180 hujus
987 4102 1088 4179 epist,
1114 4123 1241 4162 necnon
1257 4112 1374 4182 quaest.
1393 4110 1420 4164 1.
1442 4105 1484 4166 sd
1506 4104 1578 4166 Sitn-

175 4190 324 4270 Loquitur
339 4200 439 4249 autem
456 4189 624 4269 Apostolus
640 4188 678 4249 de
693 4197 830 4269 peccato,
879 4189 1017 4268 pliciun.,
1031 4188 1248 4267 interpretatur
1259 4188 1298 4249 de
1310 4190 1432 4253 homine
1442 4193 1501 4253 sub
1512 4191 1578 4272 lege

132 4276 217 4337 velut
232 4277 269 4336 do
284 4297 412 4356 persons
430 4279 580 4356 quapiam,
596 4298 657 4336 uon
672 4276 721 4336 hic
732 4275 830 4341 modo.
880 4277 1049 4347 constituto,
1066 4278 1166 4357 inquo
1182 4274 1282 4336 adhuc
1293 4287 1399 4356 regunt
1410 4288 1577 4359 peecstnm,

131 4365 336 4422 verumetiam
353 4366 383 4423 iu
399 4364 621 4442 superioribus,
645 4362 714 4422 dum
739 4366 767 4423 ei
782 4364 830 4422 tri·
880 4364 993 4441 quique
1009 4361 1141 4421 luctatur
1156 4361 1276 4441 quidem
1292 4382 1359 4424 curu
1374 4374 1512 4445 peccatu,
1527 4361 1577 4425 sed

131 4450 196 4509 buit
211 4451 345 4527 operuri,
368 4462 517 4509 mortuum
533 4469 616 4521 csse,
640 4450 830 4520 reviviscere,
880 4450 977 4508 curuis
995 4448 1163 4507 infinuitale
1178 4450 1278 4509 victus
1292 4452 1472 4512 succumbit.

137 4536 282 4596 seducere
298 4546 328 4595 et
343 4537 489 4597 occidere.
517 4535 620 4614 Quare
642 4544 673 4597 et
694 4555 831 4613 peccare,
923 4534 1038 4594 Eadem
1054 4544 1101 4594 est
1120 4537 1269 4613 expositio
1289 4535 1495 4613 Graecorum,
1515 4536 1576 4599 ou·

138 4643 191 4681 seu
208 4633 395 4701 percuterem
411 4643 486 4693 osse,
501 4623 589 4683 simili
605 4630 703 4702 tropo,
720 4635 749 4682 et
765 4624 830 4702 qui·
880 4622 966 4699 genis
992 4631 1022 4679 et
1047 4620 1271 4701 Clrrysostouri,
1294 4642 1370 4704 quos
1392 4628 1490 4687 secuti
1511 4630 1577 4685 suut

133 4709 201 4773 (leur
217 4708 307 4768 raldo
321 4711 462 4788 apposite
478 4712 505 4769 ei
520 4709 670 4770 tribuitur.
882 4707 1101 4781 Theodoretus,
1117 4707 1371 4788 Theophyluctus
1387 4721 1421 4773 st
1434 4711 1575 4773 Oecume·
1597 4700 1603 4719 ⁶
