3254 5190
146 258 191 324 96
657 252 890 307 coursmmms
907 254 938 306 m
958 254 1015 307 cir
1033 255 1072 308 rr.

144 447 204 508 que
219 426 293 486 haec
307 429 479 508 responsio:
505 430 595 489 Tunc
616 428 698 488 illud
713 429 840 488 credere
885 431 1041 508 justitiam,
1065 452 1125 490 non
1140 437 1253 491 tantum
1279 431 1422 510 scripturn
1439 438 1488 491 est
1502 450 1592 512 prop·

144 533 297 588 mapuum
310 523 389 589 crat,
406 515 537 590 quando
550 535 656 591 paene
671 518 840 576 universus
888 525 934 576 ter
949 519 1041 595 ipsius
1056 516 1183 590 laudem,
1199 526 1231 576 ut
1247 519 1313 596 ejus
1323 518 1447 596 justitia
1458 517 1593 579 celebre·

145 602 273 660 orbisiu
285 602 413 661 cultura
425 603 619 662 daemonum
631 602 771 676 errabat,
785 622 840 662 uec
888 614 969 662 retur
984 602 1064 683 apud
1086 613 1232 681 posteros,
1256 623 1358 663 verum
1382 606 1475 664 otiam
1499 605 1594 664 nostri

144 688 433 764 adbuofldesum‘us
442 691 504 749 Dei
516 689 839 765 praedicatusuerat,
889 709 986 762 causa,
1009 688 1040 748 id
1063 698 1107 748 est
1129 690 1213 750 utin
1235 690 1391 749 Abraham
1411 690 1593 751 haberemus

145 782 202 833 aut
213 777 378 850 seripturis
389 776 558 853 manifeste
571 777 745 849 (declarato,
763 780 841 835 deut
889 777 1010 835 formam
1037 775 1187 856 quandam
1209 784 1331 836 nostrae
1353 777 1591 854 justificationis,

143 861 246 920 modu
277 862 327 920 Sic
353 862 412 922 ille.
444 860 502 920 Gui
527 871 626 922 tammr
652 864 839 940 responsioni
888 872 977 942 atque
1001 864 1150 934 sciremus,
1174 864 1262 922 etiam
1285 861 1372 922 nobis
1399 862 1592 924 credentibus

146 948 235 1007 etiam
250 947 307 1006 hoo
322 947 468 1021 addimus,
490 948 607 1008 laudari
624 951 654 1007 in
669 948 838 1008 Abrahamo
887 949 986 1026 ipsum
1002 947 1132 1021 credere,
1155 949 1211 1008 hoc
1227 957 1273 1008 est
1295 947 1386 1008 fidem
1401 958 1539 1009 nostram
1552 948 1592 1010 ed

143 1033 232 1092 fidem
244 1035 474 1113 omnipotentiae
484 1035 552 1106 Dei,
567 1056 628 1093 non
640 1035 837 1114 qualemcum·
883 1036 1031 1115 justitiam
1047 1043 1217 1114 reputatum
1232 1036 1276 1094 iri
1300 1035 1372 1095 Jarn
1394 1055 1474 1115 quae
1490 1037 1592 1096 sitris

144 1139 212 1199 que,
236 1118 288 1179 sed
304 1130 479 1200 promptam,
495 1120 635 1181 devotam
652 1130 683 1181 et
699 1121 838 1182 obedien·
887 1122 1070 1182 collectionis
1085 1121 1250 1181 Paulinae:
1272 1120 1348 1181 fides
1371 1130 1517 1201 reputata
1536 1121 1591 1182 fuit

144 1214 211 1278 tem,
234 1205 331 1285 qualis
347 1209 376 1266 in
392 1208 496 1286 paucis
511 1208 664 1287 reperitur.
886 1206 1028 1268 Abrahae
1047 1206 1086 1266 ad
1108 1209 1265 1287 justitiam,
1287 1227 1359 1286 ergo
1386 1216 1418 1267 et
1440 1207 1530 1268 nobis
1552 1205 1590 1268 sd

187 1295 237 1353 22.
254 1293 330 1353 Ideo
347 1303 376 1354 et
390 1302 573 1369 reputatum
591 1294 698 1353 catilli
714 1295 757 1352 od
768 1299 838 1368 jus·
883 1296 1027 1373 justitiam
1042 1296 1237 1373 reputabitur,
1262 1314 1328 1354 cum
1346 1294 1505 1374 utriusqus
1521 1292 1591 1355 fidoi

143 1381 263 1452 titium,
295 1382 411 1441 scilicet
437 1380 540 1440 eadem
567 1382 698 1453 ratione,
722 1401 783 1459 qua
809 1391 838 1440 et
886 1402 945 1441 non
969 1381 1007 1439 sit
1028 1381 1106 1440 idem
1130 1380 1287 1459 objectum,
1310 1383 1383 1440 satis
1404 1381 1590 1460 explicatum

142 1465 225 1546 prius
240 1466 315 1525 fides
330 1468 533 1546 promissionis
545 1468 574 1527 ei
584 1476 726 1547 reputata
741 1467 838 1527 iuerat
887 1468 1013 1526 arbitror
1037 1469 1176 1545 superius
1199 1467 1238 1526 ad
1262 1468 1442 1546 scripturam
1457 1487 1499 1531 ox
1514 1466 1589 1529 Gen.

143 1551 181 1611 ad
193 1553 348 1632 justitiam.
365 1554 473 1616 Genes.
489 1558 536 1615 15.
553 1554 634 1612 Hinc
650 1553 838 1613 manifestum
886 1557 1022 1614 citatam:
1047 1555 1189 1615 Credidit
1205 1554 1368 1614 Abraham
1383 1555 1466 1630 Deo,
1493 1562 1524 1613 et
1538 1573 1588 1614 re·

143 1648 197 1712 est,
220 1660 255 1699 ea
277 1640 427 1701 locutione
451 1663 510 1699 uon
532 1641 690 1718 significari
713 1642 837 1719 primam
883 1648 1033 1717 putatum
1052 1648 1094 1700 est
1110 1641 1159 1698 ilii
1174 1640 1398 1715 adjustitiam.

138 1726 392 1804 justificationem.
438 1726 567 1806 Quoties
602 1728 680 1785 enim
710 1726 839 1786 credidit
927 1725 1009 1786 Illud
1024 1726 1120 1786 adbuc
1136 1729 1240 1807 quaeri
1256 1735 1364 1808 potest,
1382 1726 1536 1808 quomodo
1552 1747 1589 1788 ex

141 1813 295 1873 Abraham
310 1814 386 1887 Deo,
405 1817 493 1874 toties
509 1814 537 1873 ei
551 1813 626 1873 fides
642 1812 681 1872 ad
692 1815 837 1892 justitiam
886 1813 1083 1874 eademPauli
1093 1813 1589 1895 collectionenonsitconsaquant,

142 1909 278 1979 reputata
300 1910 354 1960 ost.
378 1901 464 1974 Nam,
486 1909 518 1960 ut
539 1920 629 1979 supra
650 1899 761 1960 dictum
783 1908 837 1972 est,
885 1900 974 1959 tidem
1001 1903 1165 1979 peccatoris
1189 1899 1337 1960 credentis
1364 1901 1394 1959 in
1422 1921 1508 1971 eum,
1539 1900 1589 1983 qui

142 1987 231 2045 etiarn
247 1986 429 2061 obedientia,
444 2008 499 2067 per
514 2006 604 2066 quam
620 1986 711 2046 multo
727 1996 797 2067 post
808 1987 837 2044 in
882 1987 1028 2066 justificat
1055 1988 1190 2065 impium,
1213 2006 1280 2046 esse
1302 1985 1481 2065 simpliciter
1500 1989 1588 2067 justi·

143 2075 310 2133 tentatione
335 2075 474 2135 inventus
497 2081 543 2133 est
565 2073 677 2148 fidelis,
700 2082 838 2151 reputata
886 2076 964 2145 tiam,
977 2075 1002 2132 si
1014 2072 1191 2151 simpliciter
1201 2073 1321 2150 justitia
1334 2071 1392 2132 fnit
1405 2073 1482 2134 fides
1495 2074 1589 2135 Abra·

143 2169 189 2219 est
215 2160 242 2219 ei
265 2159 484 2239 adjustitiam,
510 2168 670 2220 attestante
694 2161 838 2238 scriptura
886 2162 943 2220 hae
959 2160 1024 2218 Deo
1041 2158 1198 2232 credentis,
1222 2161 1253 2219 in
1276 2179 1344 2239 qua,
1368 2159 1455 2222 sicuti
1475 2159 1589 2222 dictum

145 2247 307 2306 lMeehab.
325 2249 353 2304 2.
371 2257 400 2306 et
414 2248 482 2307 Jao.
500 2250 527 2305 2.
886 2254 944 2318 est,
966 2245 1060 2305 forma
1083 2244 1231 2324 quaedam
1255 2245 1311 2305 iuit
1332 2254 1456 2307 nostrae
1476 2245 1587 2326 justifi-

186 2337 235 2393 23.
259 2334 333 2393 Nou
350 2341 392 2393 est
416 2341 522 2393 autem
543 2335 695 2407 scriptum
711 2339 837 2391 tautum
887 2333 1023 2393 cationis.
1598 2406 1602 2411 .

138 2427 272 2496 propter
294 2422 409 2496 ipsum.
434 2419 565 2480 Graece:
589 2419 660 2477 Nou
684 2420 837 2493 scriptum
928 2418 1018 2497 Resp.
1031 2417 1256 2478 similitudinem
1270 2427 1408 2478 constare
1421 2421 1588 2500 salvaprc

141 2514 184 2565 est
199 2514 304 2565 autem
317 2514 452 2581 propter
467 2509 572 2580 ipsum
587 2506 696 2564 solum.
719 2503 763 2563 Ut
777 2503 836 2563 dio·
885 2507 1012 2585 prietate
1024 2505 1179 2582 utriusque
1186 2504 1421 2582 justificationis,
1437 2505 1589 2567 secundae

139 2594 180 2652 tio
196 2593 308 2666 solum,
329 2591 445 2652 Graece
461 2582 562 2668 μόνον,
586 2592 646 2650 tam
663 2611 771 2651 nomen
787 2589 836 2649 ad·
884 2590 1027 2651 videlieet
1042 2599 1073 2651 et
1087 2592 1210 2672 primae.
1232 2591 1311 2650 Nam
1335 2589 1418 2665 fides,
1442 2614 1505 2674 qua
1523 2594 1588 2673 jus·

138 2679 265 2737 haerens
291 2679 457 2758 pronomini
479 2681 593 2753 ipsum,
618 2698 706 2756 quam
730 2676 836 2736 adver·
886 2678 1011 2737 tifioatur
1027 2678 1060 2749 is,
1083 2678 1131 2757 qui
1152 2679 1216 2755 jam
1228 2677 1328 2754 justus
1345 2687 1419 2752 erat,
1442 2688 1476 2739 ut
1493 2679 1588 2740 Abra·

139 2765 221 2824 bium
237 2783 305 2823 esse
320 2767 422 2841 possit.
885 2764 962 2838 ham,
976 2784 994 2822 a
1006 2765 1113 2842 spiritu
1126 2772 1232 2823 sancto
1244 2765 1380 2842 procedit
1389 2765 1588 2839 inhabitants,

185 2852 267 2928 Quia
284 2858 465 2925 reputatum
483 2857 526 2909 est
546 2849 595 2907 illi
611 2851 654 2908 od
667 2851 834 2922 iustitiam.
886 2850 1011 2930 ideoque
1027 2850 1200 2928 simpliciter
1212 2859 1257 2909 est
1269 2850 1397 2927 justitia.
1423 2851 1518 2931 Quod
1530 2873 1589 2913 nou

139 2936 176 2996 In
188 2935 304 2996 Graeco
317 2957 375 2996 non
387 2936 506 2996 additur
518 2937 737 3009 adjustitiam.
762 2938 837 2996 Sunt
886 2935 1009 3015 perinde
1030 2935 1090 2994 diei
1109 2944 1209 3014 potest
1230 2935 1268 2995 de
1292 2935 1349 2996 fide
1372 2941 1543 3017 peccatoris
1559 2940 1588 2998 in

141 3032 171 3082 et
187 3022 287 3082 Latini
303 3022 431 3094 codices,
455 3023 508 3102 qui
529 3044 587 3082 non
602 3023 740 3081 habeant.
764 3024 835 3083 Sen-
886 3043 961 3094 eum,
981 3023 1030 3103 qui
1042 3022 1185 3099 justificat
1196 3023 1326 3101 impium,
1342 3022 1502 3087 credentis.
1519 3026 1588 3085 Non

140 3129 190 3169 sus
206 3118 303 3168 tamen
318 3109 459 3187 postulat,
483 3117 517 3167 ut
539 3108 729 3187 intelligatur,
751 3108 833 3168 vide·
886 3110 964 3169 enim
979 3109 1175 3187 proficiscitur
1198 3129 1235 3168 ea
1255 3107 1329 3168 tides
1344 3109 1382 3168 ab
1399 3111 1588 3173 inhabitante

140 3195 210 3255 licet
231 3194 426 3273 repetendum
453 3216 491 3254 ex
518 3203 604 3274 parte
626 3194 835 3274 praecedenti,
886 3196 999 3275 spiritu,
1023 3193 1077 3254 sed
1100 3203 1213 3253 tantum
1235 3203 1384 3268 inurente,
1408 3195 1511 3259 donec
1537 3199 1588 3261 ille

140 3280 835 3362 quemadmodnmetineo,quodmoxsequitur.
886 3284 929 3341 sie
953 3280 1084 3351 credens,
1107 3280 1173 3359 ipsa
1200 3280 1258 3340 fide
1286 3300 1354 3340 eum
1381 3294 1589 3361 promovente,

183 3369 232 3427 24.
256 3369 358 3429 Sedet
370 3376 505 3444 propter
520 3388 588 3443 uos,
605 3367 634 3427 id
648 3377 700 3441 est,
717 3379 836 3427 nostrae
885 3368 1012 3447 gratiam
1028 3365 1199 3444 adoptionis
1212 3375 1367 3427 assecutus
1382 3369 1484 3430 fuerit
1510 3373 1589 3433 Esse

140 3454 293 3514 doctrinae
337 3474 436 3514 consa.
482 3458 703 3534 Quaecumque
751 3457 835 3514 enim
885 3462 986 3513 tamen
999 3453 1146 3531 ejusmodi
1157 3452 1244 3512 fidem
1257 3452 1431 3516 inchoativo
1438 3457 1590 3534 justitiam

140 3544 259 3616 scripta
274 3549 358 3615 suut,
382 3544 424 3600 eit
440 3542 517 3601 iufra
533 3563 596 3620 cap.
617 3543 672 3614 15,
696 3541 739 3599 ud
761 3559 836 3601 reos·
886 3541 1012 3618 ejusque
1027 3545 1149 3618 partem,
1166 3537 1328 3600 secundum
1345 3559 1392 3615 ea,
1408 3562 1491 3622 quae
1509 3543 1589 3605 dicte

140 3635 224 3686 trum
237 3628 418 3687 doctrinam
429 3631 548 3703 scripta
560 3636 643 3687 suut.
657 3625 835 3704 Cujusmodi
885 3635 953 3685 sunt
976 3627 1073 3705 eapite
1097 3626 1256 3702 superiori,
1279 3645 1339 3685 non
1362 3638 1424 3700 est,
1449 3649 1504 3690 eur
1529 3652 1588 3692 em·

140 3721 211 3771 sunt
239 3714 367 3773 maxime
398 3715 476 3774 sacta
506 3722 674 3774 sanctorum
704 3713 834 3773 Patriar·
885 3712 1015 3790 bigntur.

140 3797 270 3858 charum.
927 3799 1083 3857 Postremo
1095 3817 1232 3879 quaeres,
1248 3819 1300 3857 cur
1312 3799 1480 3878 Apostolus
1493 3802 1590 3865 solam

184 3884 303 3962 Quibus
332 3887 536 3961 reputabitur
568 3886 767 3946 ordientibus
801 3888 835 3943 in
887 3884 934 3943 hio
950 3886 1102 3962 exprimat
1117 3883 1203 3943 fidem
1219 3887 1450 3948 resurrectionis
1465 3890 1588 3952 Christi.

142 3984 230 4045 eum,
259 3975 314 4047 qui
336 3977 498 4033 suscitavit
523 3978 638 4035 Jesum
666 3974 835 4045 Otr-istum,
886 3971 977 4050 Resp.
994 3970 1044 4031 vel
1060 3973 1132 4050 quia
1148 3971 1178 4028 in
1194 3972 1251 4030 hoc
1267 3972 1395 4033 articulo
1411 3978 1507 4038 tacite
1522 3999 1590 4039 con·

142 4056 315 4116 Dominum
340 4067 494 4135 nostrum,
519 4079 540 4118 a
561 4063 703 4120 mortuis.
727 4061 836 4135 Repu·
887 4059 995 4117 tinetur
1011 4060 1098 4117 etiam
1115 4055 1188 4115 fides
1203 4058 1418 4121 incarnationis
1431 4074 1463 4122 et
1474 4066 1589 4137 mortis,

142 4140 272 4215 iubetur,
296 4143 422 4204 subaudi
438 4145 476 4204 ad
495 4147 651 4224 justitiam.
677 4147 836 4208 Christum
886 4163 973 4203 nemo
1001 4146 1078 4203 enim
1104 4145 1300 4203 resuscitatur
1323 4145 1361 4206 ad
1388 4149 1503 4226 vitam,
1531 4150 1590 4212 nisi

142 4246 200 4284 non
223 4237 269 4286 est
290 4228 424 4289 additum
446 4233 477 4291 in
498 4232 623 4292 Graeco.
646 4237 675 4293 A
691 4234 835 4306 mortuis,
885 4239 1032 4304 mortuus,
1058 4240 1088 4290 et
1102 4249 1189 4289 uerno
1204 4232 1328 4292 moritur
1342 4234 1399 4294 nisi
1414 4244 1523 4313 netus;
1540 4236 1591 4298 vel

142 4311 205 4369 sive
221 4319 393 4389 emortuis,
418 4316 612 4379 Hebraismus
634 4327 688 4379 est
710 4319 835 4398 Syriaco
886 4319 956 4398 quia
966 4319 1143 4377 resurrectio
1156 4314 1270 4377 Christi
1282 4318 1399 4381 credita
1415 4342 1507 4402 spem
1522 4345 1588 4385 nos·

141 4396 180 4453 de
202 4400 463 4477 intermortuos,
487 4404 517 4464 id
541 4413 585 4465 est
608 4426 625 4466 e
648 4414 725 4466 statu
747 4405 796 4465 vel
820 4424 836 4463 e
884 4413 971 4476 tram,
993 4423 1084 4483 quam
1098 4404 1129 4462 in
1144 4401 1263 4464 Christo
1279 4404 1435 4481 habemus,
1458 4415 1590 4475 maxime

140 4500 261 4542 numero
285 4494 475 4561 mortuorum,
498 4501 634 4552 amortc.
658 4493 770 4554 Sensus
784 4511 834 4571 pe·
886 4490 977 4569 erigit
991 4499 1021 4550 et
1037 4489 1197 4548 confirmat.

140 4564 230 4626 riodi:
254 4567 342 4647 Quod
358 4574 504 4652 scriptura
519 4576 593 4636 dicit
603 4578 754 4639 Abraham
766 4580 834 4638 Deo
930 4578 979 4637 25.
1005 4579 1065 4655 Qui
1089 4575 1226 4636 traditus
1250 4585 1294 4636 est
1314 4586 1455 4655 propter
1470 4583 1590 4645 delicto

140 4648 310 4726 credidisse,
332 4655 421 4736 idque
444 4662 474 4719 ei
494 4672 663 4742 reputatum
687 4665 780 4726 fnisse
795 4664 834 4724 ad
884 4671 1005 4723 nostra.
1043 4663 1193 4724 Traditus
1219 4665 1249 4725 in
1277 4674 1422 4741 mortem,
1454 4668 1589 4753 idqnoa
