3254 5190
386 1080 653 1197 Puluillo
697 1080 887 1197 iuthi
929 1081 1176 1198 lllllttil.

159 1617 294 1719 Prodit
319 1645 454 1714 tandem
480 1647 515 1714 in
541 1647 648 1715 lucem
678 1653 788 1714 tomus
809 1644 896 1713 Eatii
922 1646 1029 1712 nostri
1048 1645 1192 1733 primust
1219 1645 1333 1716 Serius
1360 1646 1504 1738 quidem,

62 1790 154 1858 quam
183 1769 332 1837 lectores
359 1773 394 1835 et
419 1769 615 1857 nosmetipsi
636 1769 770 1835 summis
796 1769 830 1834 in
851 1765 1153 1835 votisthabuimus:
1181 1787 1296 1836 verum
1322 1787 1504 1865 sperque,

59 1893 128 1957 iore
155 1896 207 1974 ut,
235 1895 392 1976 spectata
418 1889 654 1975 delectatione,
683 1908 768 1977 quae
796 1888 1042 1974 Theologisex
1068 1888 1142 1976 ipsa
1168 1890 1277 1978 operis
1305 1866 1506 1959 excelientia

59 2013 207 2095 orietur,
236 2029 422 2098 magnaque
448 2009 573 2077 laboris
600 2009 815 2096 difficultate,
843 2029 884 2076 ea
909 2007 1005 2076 nobis
1032 2009 1132 2076 venia
1157 2009 1378 2097 concedatur,
1407 2030 1505 2099 quam

58 2134 112 2198 hic
141 2133 253 2197 amice
280 2130 511 2217 efflagitamus.
1559 2208 1568 2221 „

162 2253 209 2320 Et
235 2253 376 2339 primum
403 2253 535 2341 quidem
562 2253 648 2318 inter
676 2269 788 2317 omnes
815 2255 957 2335 constat,
986 2247 1155 2320 Guilleimi
1180 2251 1264 2318 Estii
1290 2255 1325 2320 iu
1345 2253 1388 2318 D.
1408 2253 1506 2320 Pauli

57 2374 241 2462 epistolas,
277 2374 358 2440 item
386 2379 420 2440 ct
446 2373 478 2440 in
506 2372 689 2439 catholicas
717 2372 970 2438 commentarios
998 2372 1158 2459 omnium,
1192 2374 1248 2460 qui
1274 2394 1417 2461 unquam
1444 2393 1505 2441 ex·

58 2498 196 2581 stitere,
225 2514 299 2561 esse
326 2495 628 2582 praestantissimos
654 2492 849 2580 dignosque,
891 2494 946 2579 qui
973 2493 1046 2579 pari
1074 2509 1147 2560 cum
1174 2494 1367 2562 Maldonato
1392 2498 1506 2562 nostro

62 2616 165 2701 gradu
209 2614 387 2701 incedant,
427 2617 476 2681 ita
510 2620 549 2681 ut
583 2613 744 2702 paulatim
785 2611 970 2680 catholicus
1011 2613 1046 2680 iu
1081 2634 1194 2682 omnes
1227 2615 1314 2682 Novi
1346 2614 1507 2683 Foederis

62 2736 165 2803 libros
197 2737 451 2803 commentarius
479 2740 642 2822 assurgat.
695 2733 886 2826 Jungimus
899 2733 1031 2821 ambos,
1063 2740 1229 2824 tamquam
1266 2737 1419 2823 exegesis
1446 2755 1505 2803 ca·

60 2859 209 2924 thoiicae
238 2856 464 2943 coryphaeos,
502 2859 649 2945 quamvls
664 2876 741 2922 -non
768 2854 984 2941 diffiteamur,
1020 2875 1172 2944 maguam
1209 2859 1296 2925 inter
1331 2864 1506 2947 utrumque

59 2999 131 3045 esse
163 2977 400 3064 differentiam,
426 2998 510 3066 quae
539 2997 581 3045 ex
607 2966 780 3062 macerae,
807 2996 905 3064 quam
932 2976 1053 3064 singuli
1080 2983 1284 3068 tractarunt,
1311 2979 1506 3048 diversitate

55 3098 228 3188 procedit.

163 3219 204 3287 Si
238 3219 323 3286 enirn
357 3220 392 3285 in
417 3219 629 3304 hialdonato,
668 3217 745 3287 dum
782 3219 954 3285 historiam
991 3219 1218 3305 evangelicam
1254 3228 1506 3309 commentatur,

55 3343 185 3430 urgenti
216 3360 355 3409 acumen
381 3342 417 3407 in
442 3340 625 3408 enodandis
652 3339 904 3408 difficultatibus
939 3341 1182 3427 felicissimum,
1222 3343 1334 3410 vivida
1361 3351 1395 3411 et
1420 3365 1505 3412 nun-

55 3484 158 3553 quam
187 3464 376 3550 interrupta
402 3462 618 3549 expositionis
646 3461 801 3551 claritas,
837 3462 953 3529 hilaris
989 3461 1131 3552 denique
1159 3462 1312 3531 dictionis
1339 3464 1508 3552 elegantia

56 3584 156 3651 uobis
186 3582 323 3671 arridet,
350 3588 389 3652 ut
414 3583 537 3651 nuliius
559 3583 628 3651 iere
649 3582 727 3650 libri
751 3585 965 3672 meminerim,
992 3582 1081 3673 quod
1103 3586 1219 3671 majori
1240 3604 1314 3653 cum
1333 3587 1507 3673 voluptate

58 3726 160 3773 ame
200 3710 381 3772 tractatum
407 3706 475 3792 sit,
498 3740 542 3751 -
574 3705 608 3772 in
635 3705 746 3792 Estio,
782 3706 860 3773 dum
893 3706 1181 3795 profundissimam
1209 3707 1252 3773 D.
1281 3707 1379 3775 Pauli
1407 3709 1506 3776 theo·

59 3829 183 3915 logiam
216 3833 250 3892 et
284 3824 529 3913 philosophiam
566 3828 720 3914 exponit,
759 3827 890 3914 dignam
929 3826 1122 3894 difficillimo
1158 3849 1259 3918 opere
1295 3831 1507 3916 gravitatem,

61 3950 248 4016 doctrinam
278 3946 501 4032 theologicam
530 3948 576 4014 et'
591 3947 811 4015 eruditionem
848 3946 1080 4014 scholasticam
1108 3949 1279 4036 miramus,
1312 3951 1442 4036 itaut,
1478 3952 1506 4018 si

65 4069 245 4159 hispalim
286 4073 433 4136 nostrum
471 4075 610 4156 propter
651 4070 851 4156 elegantiam
889 4068 1070 4136 Classicum
1110 4071 1196 4137 inter
1232 4078 1507 4140 commentatores

63 4190 220 4274 dicimus,
257 4189 363 4276 Belga
397 4197 511 4256 noster
546 4191 661 4277 popuii
695 4191 747 4258 sui
772 4210 882 4277 more,
914 4193 990 4276 jure
1027 4193 1172 4279 optimo,
1212 4193 1286 4280 ipsa
1327 4194 1506 4262 autoritate

59 4312 240 4382 Pontificio
274 4310 463 4394 (Benedicti
496 4310 580 4378 XIV
582 4309 625 4398 .),
665 4313 796 4379 Doctor
831 4313 1102 4400 fundatissimas
1140 4319 1174 4381 et
1210 4314 1402 4402 'theologus
1441 4314 1508 4381 dici

58 4441 342 4622 mereadlilderum,
369 4535 458 4625 qued
483 4543 618 4625 praeter
645 4540 756 4625 operis
781 4539 1019 4626 praestantiam
1047 4557 1108 4605 nos
1135 4540 1178 4609 ad
1205 4542 1383 4609 editionem
1409 4542 1507 4608 istam

10 4740 12 4777 Ι
56 4666 212 4757 impulit,
250 4659 336 4730 illud
363 4667 434 4749 est,
471 4663 560 4750 quod
586 4663 672 4730 Estii
698 4661 932 4731 Commentarii
961 4667 1075 4729 tantae
1103 4663 1251 4731 raritatis
1284 4664 1366 4752 sint,
1402 4669 1439 4733 ut
1472 4663 1506 4731 in
