3254 5190
507 277 728 332 tristantem
746 277 898 333 Bomos.
934 279 1017 332 Vm
1038 279 1077 333 te.
1470 285 1518 354 2³

65 454 144 533 ligit:
178 453 215 514 Si
242 473 364 529 omnes,
393 461 456 514 tem
485 454 537 534 qui
564 453 664 532 legem
690 454 769 515 bene
859 455 953 514 Porro
976 454 1134 514 veritatem
1151 455 1211 515 Dei
1229 453 1418 531 ininjustitia
1441 452 1517 515 deti·

66 539 188 601 vivendi
215 561 238 601 a
259 540 328 600 Deo
358 547 556 620 acceperunt,
585 548 618 600 ut
646 539 768 614 Judaei,
817 549 897 613 nent,
921 540 971 620 qui
993 560 1104 615 veram,
1126 560 1215 622 quam
1238 538 1277 601 de
1296 541 1363 600 Deo
1386 543 1518 602 assecuti

66 647 155 707 quam
178 627 232 708 qui
254 626 353 687 studio
380 628 548 705 sapientiae
572 646 693 707 operam
715 627 767 688 do·
819 636 889 686 sunt
904 627 1046 698 notitiam,
1068 647 1123 706 per
1137 628 1320 704 injustitiam,
1343 626 1373 686 id
1389 634 1515 707 estpra·

66 714 190 783 derunt,
212 722 248 774 ut
270 712 397 786 Graeci,
422 721 546 792 peccato
571 722 602 773 et
623 714 685 773 irae
707 715 768 774 Dei
817 713 942 773 vitatem
964 732 1037 773 suec
1059 714 1222 774 voluntatis
1245 713 1445 793 supprimunt,
1479 734 1516 776 aa

65 812 132 858 sunt
154 799 298 872 obnoxii,
327 820 389 859 non
419 818 493 879 erga
517 819 555 859 ex
578 799 767 880 legensque
817 800 911 860 veluti
933 800 1081 878 captivam
1095 801 1171 860 intra
1190 819 1223 859 se
1237 808 1356 872 tenent3
1379 797 1449 859 dum
1463 801 1515 861 vel

65 907 103 947 ex
123 887 270 965 operibus
285 886 490 966 exspectanda
503 894 548 946 est
566 886 690 965 justitia,
713 886 768 947 sed
817 906 876 946 non
888 887 1103 947 communicant
1116 906 1182 946 eam
1194 886 1270 958 aliis,
1282 886 1334 945 vel
1344 907 1404 946 non
1417 894 1514 946 osten·

64 973 155 1052 gratis
186 973 316 1033 habetur
336 993 392 1053 per
413 972 518 1045 iidem,
553 992 631 1052 qnae
661 980 708 1032 est
736 974 767 1033 in
816 972 891 1031 dunt
919 991 974 1051 per
997 991 1089 1051 opera
1110 973 1249 1052 pietatis,
1284 972 1360 1032 sicut
1386 972 1439 1032 ille
1462 974 1515 1052 qui

65 1057 195 1119 Christo.
816 1058 888 1118 dicit
909 1058 1020 1119 Jacobi
1044 1060 1073 1118 2.
1107 1061 1178 1135 Ego
1208 1058 1373 1119 amendam
1395 1058 1453 1118 tibi
1475 1078 1514 1122 ca

103 1146 180 1206 Jam
194 1147 288 1225 igitur
301 1143 342 1204 ad
358 1145 587 1226 explicationem
607 1145 766 1205 verborum
815 1145 964 1220 aperibat
993 1145 1087 1222 fidem
1114 1164 1236 1205 meam:
1267 1143 1321 1205 sed
1350 1145 1446 1224 magis
1473 1144 1514 1206 ad
1561 1147 1573 1167 ⁶

64 1233 206 1311 Apostoli
236 1232 402 1291 veniamus.
448 1231 613 1292 Revelatur
638 1232 683 1290 ira
704 1230 766 1290 Dei
815 1231 979 1291 conditoris
993 1232 1133 1309 injuriam
1148 1232 1266 1292 divinas
1285 1232 1414 1291 honores
1430 1251 1513 1293 crea·

63 1338 117 1396 por
132 1317 301 1396 Evangelii
314 1317 577 1396 praedicationem,
600 1317 670 1377 dum
685 1318 715 1377 in
728 1337 764 1378 eo
814 1319 888 1377 turis
912 1317 1054 1377 tribuunt.
1089 1318 1175 1377 Haec
1190 1317 1228 1377 de
1244 1318 1427 1379 Graecorum
1442 1318 1512 1380 Phi·

63 1405 284 1464 annnnriantur
320 1403 488 1464 bominibus
519 1424 652 1485 poenae,
688 1423 764 1482 quas
814 1403 946 1484 losophis
968 1402 1058 1463 dicit:
1088 1424 1216 1485 quorum
1239 1406 1296 1465 etsi
1318 1403 1456 1484 quidam,
1479 1413 1514 1466 ut

64 1490 145 1549 Das
169 1491 271 1570 impiis
290 1498 320 1549 et
334 1491 543 1570 peccatoribus
559 1491 761 1550 comminatur.
812 1511 882 1551 mox
904 1490 1026 1562 dicetur,
1049 1489 1088 1548 ad
1110 1493 1199 1550 nnius
1215 1492 1273 1551 Dei
1288 1492 1422 1550 notitiam
1443 1491 1508 1570 phi-

63 1577 118 1636 mr
139 1579 222 1637 enim
243 1577 289 1636 ira
305 1576 367 1636 Dei
390 1597 450 1636 non
472 1585 585 1636 tantum
606 1578 636 1636 in
658 1596 762 1656 percu·
813 1574 996 1656 losophanda
1019 1578 1227 1655 pervenerint,
1254 1587 1287 1636 nt
1309 1577 1509 1656 Pythagoras,

62 1661 175 1734 tiendo,
188 1682 294 1725 verum
306 1663 394 1723 etiarn
406 1663 437 1723 in
449 1663 662 1724 comminanda.
679 1664 762 1724 Nom
811 1664 959 1737 Socrates,
981 1662 1080 1735 Plato,
1103 1665 1283 1724 Aristoteles
1299 1675 1328 1723 et
1351 1664 1419 1722 alii:
1441 1666 1507 1745 qui·

62 1753 115 1826 qai
135 1752 308 1825 meter,
338 1749 503 1828 interdum
522 1768 591 1811 aaa
609 1752 760 1827 percutit,
810 1751 866 1810 bus
896 1749 974 1810 adde
1002 1750 1175 1810 Hermetem
1203 1751 1431 1830 Trismegistum
1462 1771 1508 1811 sa·

61 1835 112 1895 ssd
140 1837 370 1897 tautummodo
400 1839 631 1912 camarinatar,
666 1836 762 1915 inquit
810 1835 961 1896 cerdotem
982 1845 1010 1896 et
1025 1836 1235 1916 philosophum
1248 1840 1432 1917 Aegyptum,
1456 1839 1507 1898 Se·

61 1923 266 2002 Hieronymus
289 1923 321 1982 in
335 1942 439 1982 comm.
454 1942 543 2002 super
564 1924 710 1985 Habacuc
732 1923 760 1981 3.
810 1943 913 1983 necem
945 1922 1153 2002 philosophum
1187 1933 1218 1983 et
1244 1925 1420 1984 Senatorem
1448 1926 1506 1984 Ra·

59 2010 135 2069 huuc
156 2018 352 2089 praesentem
367 2009 466 2068 locum
480 2008 642 2070 adducens.
678 2008 759 2086 Qua·
808 2030 928 2069 manum
950 2011 1047 2070 Paulo
1078 2003 1263 2086 σύγχρονονι
1292 2031 1379 2069 nemo
1408 2017 1507 2072 temen

58 2097 135 2156 eires
157 2094 328 2174 caietanus
351 2096 425 2154 iram
447 2095 507 2156 Dei
529 2098 654 2175 exponit
670 2095 758 2174 justi·
809 2097 939 2155 omnium
968 2097 1068 2155 Deum
1096 2098 1245 2174 cognitum
1273 2105 1325 2155 ant
1354 2095 1448 2156 coluit
1473 2106 1507 2159 ιιι

58 2183 127 2241 tiam
149 2182 212 2241 Dei
236 2180 466 2252 vindicativam,
496 2181 646 2262 adquam
670 2183 758 2262 perti·
809 2181 928 2255 debuit,
963 2191 1015 2243 aut
1037 2181 1195 2242 colendum
1218 2182 1411 2262 praedicavit.
1456 2184 1506 2245 Ex

59 2276 128 2329 nent
148 2269 243 2329 etiam
264 2267 517 2328 comminationes.
561 2268 707 2346 Quamvis
730 2277 760 2328 et
808 2268 916 2346 quibus
948 2269 1035 2329 Plato
1073 2287 1112 2329 ne
1149 2267 1270 2347 quidem
1303 2269 1505 2370 evulgandam

58 2357 121 2434 ipss
142 2354 283 2415 vindicta
296 2352 459 2415 secundum
473 2355 654 2435 Aquinatem
676 2364 759 2415 recte
807 2356 924 2433 putavit
946 2375 1011 2415 eam
1034 2375 1124 2456 quam
1145 2365 1321 2435 perceperat
1343 2357 1430 2414 unius
1444 2356 1506 2416 Dei

57 2441 253 2521 intelligitur,
283 2460 343 2501 non
372 2439 493 2521 quidem
514 2461 671 2522 praesens,
702 2442 758 2502 sed
807 2442 957 2500 notitiam:
995 2442 1090 2502 sed
1082 2442 1118 2501 ris
1152 2438 1224 2500 solis
1259 2442 1504 2544 communicabat,

59 2527 236 2607 impendens
258 2535 290 2586 et
311 2535 428 2606 parata
807 2527 924 2606 quibus,
937 2535 971 2587 ut
985 2530 1086 2588 amicis
1102 2547 1138 2586 ac
1153 2527 1391 2607 sapientioribus,
1414 2529 1505 2588 animi

98 2613 190 2686 Illud,
212 2614 254 2674 de
276 2614 374 2690 cocta,
398 2633 567 2695 quanquam
585 2616 673 2694 jungi
688 2633 754 2694 pas·
807 2616 854 2674 sui
875 2615 1051 2674 sententiam
1066 2613 1191 2675 auderet
1211 2615 1340 2695 aperire:
1363 2615 1504 2695 quemad·

59 2702 96 2760 sit
115 2722 185 2762 curu
215 2699 310 2761 verba
331 2701 513 2775 revelatur,
543 2701 635 2762 multo
657 2711 757 2761 tamen
806 2699 924 2761 modum
947 2721 985 2761 ex
1009 2703 1101 2781 ipsius
1124 2703 1241 2782 scriptis
1263 2700 1393 2761 ostendit
1407 2701 1501 2763 Euse-

59 2789 168 2849 rectius
195 2787 328 2849 refertur
361 2786 401 2847 ad
430 2787 512 2848 illam
545 2797 675 2867 partem,
704 2791 758 2847 ira
805 2788 872 2847 bius
901 2787 952 2847 lib.
978 2792 1026 2849 11.
1056 2788 1199 2867 Praepar.
1229 2790 1344 2867 Evang.
1377 2808 1441 2867 cap.
1473 2791 1501 2849 9.

60 2876 136 2950 aet,
168 2872 330 2935 subaudita
357 2875 514 2954 participio
537 2884 694 2950 ventura,
723 2881 758 2934 ut
807 2875 875 2954 Quo
898 2876 1047 2953 pertinent
1077 2875 1167 2934 etiam
1197 2876 1271 2935 haec
1294 2876 1386 2954 ipsius
1410 2875 1503 2936 verba

60 2965 97 3021 sit
114 2980 243 3023 senam:
271 2959 334 3020 Per
355 2961 555 3042 Evangelium
584 2961 759 3022 annunciari
806 2960 941 3020 Platonis
963 2963 994 3021 iu
1017 2962 1160 3022 Timaeo:
1182 2963 1355 3023 Pareatcm
1378 2969 1407 3022 et
1430 2965 1501 3038 api·

60 3048 221 3110 vindictam
235 3047 297 3109 Dei
319 3048 444 3108 caelitus
466 3057 716 3127 superventuram,
729 3056 758 3107 et
804 3047 893 3124 ficem
907 3050 1132 3110 universorum
1154 3068 1254 3126 neque
1278 3051 1423 3110 invertire
1443 3048 1501 3126 fa·

61 3133 261 3197 medam
293 3135 324 3194 in
355 3135 461 3214 impios
495 3133 614 3196 Christo
643 3134 756 3215 judice,
805 3136 880 3210 cite,
910 3154 1011 3212 aeque
1039 3138 1265 3198 incantantia
1287 3137 1500 3213 vulpaspro·

61 3221 178 3302 qnando
192 3219 357 3283 descendet
370 3224 408 3281 in
428 3222 559 3299 {lamma
572 3225 658 3297 tynis
672 3222 757 3281 daa-
804 3223 947 3298 mulyara
969 3228 1074 3282 tutum
1097 3229 1149 3281 cst.
1192 3222 1288 3301 Igitur
1315 3232 1394 3283 metu
1418 3223 1501 3303 vulgi

62 3313 96 3370 tis
122 3309 323 3382 vindictam,
353 3315 387 3367 ut
417 3307 525 3368 dicitur
554 3309 703 3370 2Thess.
729 3312 757 3368 1.
806 3311 962 3369 veritatem
984 3307 1046 3367 Dei
1073 3307 1154 3387 apud
1177 3328 1210 3368 sc
1234 3328 1365 3390 suosque
1387 3329 1501 3389 paucos

63 3396 136 3457 ffine
149 3396 245 3456 etiam
259 3393 343 3454 daeo
359 3393 581 3473 praedicatione
596 3395 759 3474 Evangelii
806 3395 932 3456 detinuit
953 3395 1002 3454 hic
1025 3402 1122 3453 tantus
1144 3394 1348 3474 philosophus.

65 3503 117 3543 nan
145 3482 248 3543 salum
276 3482 422 3542 contineri
448 3479 615 3541 doctrinam
642 3484 758 3561 gratiae
851 3481 941 3561 Quod
956 3489 1055 3541 antem
1070 3481 1117 3539 hic
1128 3480 1208 3559 apud
1221 3480 1360 3556 Graecos,
1375 3482 1407 3542 id
1422 3480 1502 3563 apud

64 3569 211 3642 adunus,
235 3567 294 3629 sed
311 3568 400 3629 etiam
410 3567 548 3647 justititia
562 3567 758 3629 vindicantis.
806 3570 929 3629 Latinos
962 3569 1093 3629 Seneca:
1128 3566 1166 3627 de
1196 3568 1280 3645 cujus
1313 3568 1504 3630 simulatione

66 3675 143 3717 esus
165 3676 261 3737 quam
290 3654 363 3715 navi
392 3653 513 3735 quidam
542 3654 666 3716 tradunt
688 3656 759 3734 dag·
807 3664 887 3714 metu
909 3655 1009 3734 legum
1032 3673 1184 3733 expressa,
1206 3653 1276 3713 vide
1298 3675 1377 3734 quae
1400 3676 1438 3717 ex
1461 3657 1503 3736 ip·

66 3745 206 3805 mrbus.
809 3743 870 3801 sins
893 3743 1010 3821 scriptis
1033 3740 1087 3800 adl
1073 3743 1130 3800 lert
1144 3741 1331 3819 Augustinus
1352 3741 1404 3802 lib.
1421 3746 1449 3803 6.
1467 3742 1504 3803 da

99 3831 249 3911 Impietas
279 3836 311 3888 et
339 3829 484 3908 injustitia
512 3829 556 3889 sic
578 3827 696 3889 differre
717 3828 761 3889 vi·
810 3827 900 3888 Civit
923 3829 999 3898 Dei,
1030 3847 1094 3907 cap
1121 3829 1179 3899 10,
1202 3830 1244 3887 ita
1265 3828 1385 3888 tandem
1409 3828 1447 3889 de
1469 3847 1504 3889 ea

66 3915 184 3990 dentur,
215 3915 298 3997 quod
326 3916 487 3996 impietatis
508 3915 629 3975 nomine
651 3913 762 3976 intelli·
811 3913 1007 3975 concludens:
1037 3915 1099 3977 Sed
1121 3918 1187 3990 istc,
1211 3917 1266 3991 qui
1288 3916 1422 3977 illustris
1442 3933 1505 3992 po·

67 4016 145 4081 germ
166 4001 314 4085 quicquid
335 4004 527 4064 committitur
541 4000 685 4063 adversus
701 4001 760 4062 cul·
809 4003 880 4079 pali
892 4003 1032 4063 Romani
1045 4010 1175 4063 senator
1189 4009 1269 4077 crat,
1285 4003 1405 4063 colebat
1419 4001 1505 4080 qaod

68 4099 119 4151 tum
142 4112 180 4150 ac
201 4090 479 4169 religionemDei3
510 4089 658 4166 injustitia
687 4109 760 4149 vero
811 4088 1080 4166 reprehendebam
1103 4089 1216 4165 ayebat
1230 4090 1315 4166 quad
1333 4089 1505 4165 cracaben

69 4187 179 4239 aem
217 4177 318 4237 omnia
353 4185 479 4255 peccata
515 4174 761 4256 comprehendat:
811 4176 897 4252 qaod
920 4175 1070 4251 culpabat
1092 4177 1270 4254 adorabat,
1294 4176 1383 4256 idque
1402 4194 1507 4253 prop·

70 4262 132 4326 licet
152 4265 230 4325 baec
251 4262 312 4324 duo
334 4263 399 4323 iere
421 4261 583 4323 confundat
597 4261 762 4343 Apostolus
812 4271 860 4324 ter
882 4263 963 4340 loyes
986 4265 1122 4339 civium,
1146 4282 1309 4340 moraeque
1330 4266 1507 4338 bominum,

70 4350 312 4432 insequentibus
343 4349 434 4428 hujus
456 4348 619 4430 epistolae,
651 4349 703 4409 ubi
725 4348 764 4410 de
813 4349 954 4410 videlicet
986 4369 1022 4410 ca
1055 4350 1288 4428 damnabilius,
1322 4352 1408 4428 quod
1437 4349 1507 4425 illa,

71 4440 227 4515 peccatoris
238 4437 457 4518 justificatione
471 4437 597 4498 disserit
633 4437 763 4516 Quicun-
813 4456 894 4515 quac
927 4437 1124 4498 mendaciter
1153 4438 1284 4514 agebat,
1317 4442 1360 4500 sic
1389 4445 1508 4516 ageret,

71 4545 121 4603 que
141 4528 220 4586 enim
242 4545 347 4586 eoram
370 4525 437 4586 Deo
456 4526 557 4603 justus
580 4544 640 4584 non
663 4535 717 4597 est,
739 4528 765 4586 is
812 4533 849 4585 at
871 4544 943 4585 eam
969 4526 1113 4601 populor
1143 4529 1298 4587 veraciter
1326 4545 1419 4603 apere
1441 4526 1509 4588 esi·

72 4614 207 4692 Apostolo
235 4613 369 4691 injustus
400 4619 431 4673 et
452 4613 561 4691 impius
583 4611 706 4687 dicitur,
735 4613 764 4673 id
813 4615 964 4672 stimant.
1003 4611 1090 4672 Haec
1111 4614 1306 4691 Augustinus.
1345 4613 1511 4694 Quietis

73 4708 112 4759 at
130 4710 278 4782 peccatos
813 4700 866 4762 lib.
889 4699 928 4761 de
949 4719 1023 4760 vera
1044 4700 1111 4761 Rei
1128 4720 1193 4781 cap.
1209 4703 1238 4762 a.
1261 4701 1456 4784 philosophos
1477 4701 1509 4765 iu
