<?xml version="1.0" encoding="UTF-8"?>
<!DOCTYPE html PUBLIC "-//W3C//DTD XHTML 1.0 Transitional//EN"
    "http://www.w3.org/TR/xhtml1/DTD/xhtml1-transitional.dtd">
<html xmlns="http://www.w3.org/1999/xhtml" xml:lang="en" lang="en">
 <head>
  <title>
</title>
<meta http-equiv="Content-Type" content="text/html;charset=utf-8" />
  <meta name='ocr-system' content='tesseract 3.04.00' />
  <meta name='ocr-capabilities' content='ocr_page ocr_carea ocr_par ocr_line ocrx_word'/>
</head>
<body>
  <div class='ocr_page' id='page_1' title='image "./guilielmiestiii00estigoog/guilielmiestiii00estigoog_0550.png"; bbox 0 0 3254 5190; ppageno 0'>
   <div class='ocr_carea' id='block_1_1' title="bbox 458 276 1505 353">
    <p class='ocr_par' dir='ltr' id='par_1_1' title="bbox 458 276 1505 353">
     <span class='ocr_line' id='line_1_1' title="bbox 458 276 1505 353; baseline 0.009 -21"><span class='ocrx_word' id='word_1_1' title='bbox 458 277 621 333; x_wconf 72' lang='lat' dir='ltr'>srsstotss</span> <span class='ocrx_word' id='word_1_2' title='bbox 637 277 654 333; x_wconf 86' lang='lat'>1.</span> <span class='ocrx_word' id='word_1_3' title='bbox 670 277 711 333; x_wconf 82' lang='lat' dir='ltr'>Al)</span> <span class='ocrx_word' id='word_1_4' title='bbox 729 276 917 333; x_wconf 71' lang='lat' dir='ltr'>costitutus.</span> <span class='ocrx_word' id='word_1_5' title='bbox 957 277 1041 332; x_wconf 78' lang='lat' dir='ltr'>Villis.</span> <span class='ocrx_word' id='word_1_6' title='bbox 1058 277 1084 331; x_wconf 80' lang='lat'>5.</span> <span class='ocrx_word' id='word_1_7' title='bbox 1432 286 1505 353; x_wconf 75' lang='lat'>529</span> 
     </span>
    </p>
   </div>
   <div class='ocr_carea' id='block_1_2' title="bbox 72 452 1520 4869">
    <p class='ocr_par' dir='ltr' id='par_1_2' title="bbox 72 452 1520 4869">
     <span class='ocr_line' id='line_1_2' title="bbox 73 452 1507 536; baseline 0.001 -21"><span class='ocrx_word' id='word_1_8' title='bbox 73 458 171 515; x_wconf 81' lang='lat' dir='ltr'>ierem</span> <span class='ocrx_word' id='word_1_9' title='bbox 184 471 327 515; x_wconf 77' lang='lat' dir='ltr'>sororem</span> <span class='ocrx_word' id='word_1_10' title='bbox 334 500 345 530; x_wconf 93' lang='lat'>,</span> <span class='ocrx_word' id='word_1_11' title='bbox 369 453 485 516; x_wconf 81' lang='lat' dir='ltr'>Graece</span> <span class='ocrx_word' id='word_1_12' title='bbox 500 463 532 516; x_wconf 91' lang='lat' dir='ltr'>et</span> <span class='ocrx_word' id='word_1_13' title='bbox 545 456 687 536; x_wconf 83' lang='lat' dir='ltr'>Syrisce,</span> <span class='ocrx_word' id='word_1_14' title='bbox 708 470 761 515; x_wconf 83' lang='lat' dir='ltr'>so·</span> <span class='ocrx_word' id='word_1_15' title='bbox 809 463 889 528; x_wconf 89' lang='lat' dir='ltr'>sunt,</span> <span class='ocrx_word' id='word_1_16' title='bbox 904 452 1031 514; x_wconf 89' lang='lat' dir='ltr'>Paulum</span> <span class='ocrx_word' id='word_1_17' title='bbox 1046 453 1186 515; x_wconf 87' lang='lat' dir='ltr'>habuisse</span> <span class='ocrx_word' id='word_1_18' title='bbox 1202 474 1340 529; x_wconf 73' lang='lat' dir='ltr'>uxorem,</span> <span class='ocrx_word' id='word_1_19' title='bbox 1363 455 1454 536; x_wconf 91' lang='lat' dir='ltr'>idque</span> <span class='ocrx_word' id='word_1_20' title='bbox 1470 475 1507 516; x_wconf 92' lang='lat' dir='ltr'>eo</span> 
     </span>
     <span class='ocr_line' id='line_1_3' title="bbox 73 540 1507 623; baseline -0.001 -20"><span class='ocrx_word' id='word_1_21' title='bbox 73 560 169 603; x_wconf 75' lang='lat' dir='ltr'>*orcru</span> <span class='ocrx_word' id='word_1_22' title='bbox 198 542 373 602; x_wconf 77' lang='lat' dir='ltr'>mulierem.</span> <span class='ocrx_word' id='word_1_23' title='bbox 418 540 488 622; x_wconf 79' lang='lat' dir='ltr'>Quo</span> <span class='ocrx_word' id='word_1_24' title='bbox 519 543 622 603; x_wconf 91' lang='lat' dir='ltr'>ordino</span> <span class='ocrx_word' id='word_1_25' title='bbox 650 540 762 623; x_wconf 84' lang='lat' dir='ltr'>legitur</span> <span class='ocrx_word' id='word_1_26' title='bbox 809 540 909 601; x_wconf 87' lang='lat' dir='ltr'>adhuc</span> <span class='ocrx_word' id='word_1_27' title='bbox 923 550 1074 622; x_wconf 90' lang='lat' dir='ltr'>tempore,</span> <span class='ocrx_word' id='word_1_28' title='bbox 1097 561 1158 620; x_wconf 91' lang='lat' dir='ltr'>quo</span> <span class='ocrx_word' id='word_1_29' title='bbox 1181 541 1257 603; x_wconf 86' lang='lat' dir='ltr'>haec</span> <span class='ocrx_word' id='word_1_30' title='bbox 1280 545 1406 622; x_wconf 78' lang='lat' dir='ltr'><strong>scripsit.</strong></span> <span class='ocrx_word' id='word_1_31' title='bbox 1444 542 1507 602; x_wconf 88' lang='lat' dir='ltr'>Hu-</span> 
     </span>
     <span class='ocr_line' id='line_1_4' title="bbox 73 626 1508 709; baseline -0.001 -20"><span class='ocrx_word' id='word_1_32' title='bbox 73 629 153 689; x_wconf 73' lang='lat' dir='ltr'>riam</span> <span class='ocrx_word' id='word_1_33' title='bbox 170 628 202 687; x_wconf 90' lang='lat' dir='ltr'>in</span> <span class='ocrx_word' id='word_1_34' title='bbox 216 630 342 689; x_wconf 86' lang='lat' dir='ltr'>vetustis</span> <span class='ocrx_word' id='word_1_35' title='bbox 358 629 537 709; x_wconf 87' lang='lat' dir='ltr'>quibusdam</span> <span class='ocrx_word' id='word_1_36' title='bbox 553 630 679 691; x_wconf 88' lang='lat' dir='ltr'>Latinis.</span> <span class='ocrx_word' id='word_1_37' title='bbox 707 626 760 687; x_wconf 89' lang='lat' dir='ltr'>At·</span> <span class='ocrx_word' id='word_1_38' title='bbox 806 629 859 707; x_wconf 90' lang='lat' dir='ltr'>jus</span> <span class='ocrx_word' id='word_1_39' title='bbox 883 628 1032 708; x_wconf 76' lang='lat' dir='ltr'>opinionis</span> <span class='ocrx_word' id='word_1_40' title='bbox 1053 629 1132 689; x_wconf 86' lang='lat' dir='ltr'>inter</span> <span class='ocrx_word' id='word_1_41' title='bbox 1151 638 1269 689; x_wconf 85' lang='lat' dir='ltr'>veteres</span> <span class='ocrx_word' id='word_1_42' title='bbox 1295 629 1348 689; x_wconf 84' lang='lat' dir='ltr'>luit</span> <span class='ocrx_word' id='word_1_43' title='bbox 1368 628 1508 692; x_wconf 81' lang='lat' dir='ltr'>Clemens</span> 
     </span>
     <span class='ocr_line' id='line_1_5' title="bbox 73 713 1509 795; baseline 0.001 -22"><span class='ocrx_word' id='word_1_44' title='bbox 73 733 123 795; x_wconf 76' lang='lat' dir='ltr'>qne</span> <span class='ocrx_word' id='word_1_45' title='bbox 146 715 192 775; x_wconf 79' lang='lat' dir='ltr'>its</span> <span class='ocrx_word' id='word_1_46' title='bbox 215 717 310 776; x_wconf 84' lang='lat' dir='ltr'>citant</span> <span class='ocrx_word' id='word_1_47' title='bbox 324 716 512 794; x_wconf 79' lang='lat' dir='ltr'>Augustinus</span> <span class='ocrx_word' id='word_1_48' title='bbox 534 715 601 776; x_wconf 91' lang='lat' dir='ltr'>loco</span> <span class='ocrx_word' id='word_1_49' title='bbox 623 716 762 795; x_wconf 86' lang='lat' dir='ltr'>superius</span> <span class='ocrx_word' id='word_1_50' title='bbox 810 713 969 787; x_wconf 81' lang='lat' dir='ltr'>Alexand,</span> <span class='ocrx_word' id='word_1_51' title='bbox 987 724 1023 775; x_wconf 91' lang='lat' dir='ltr'>ut</span> <span class='ocrx_word' id='word_1_52' title='bbox 1045 722 1130 795; x_wconf 88' lang='lat' dir='ltr'>patet</span> <span class='ocrx_word' id='word_1_53' title='bbox 1152 735 1190 776; x_wconf 89' lang='lat' dir='ltr'>cx</span> <span class='ocrx_word' id='word_1_54' title='bbox 1205 716 1270 794; x_wconf 89' lang='lat' dir='ltr'>ejus</span> <span class='ocrx_word' id='word_1_55' title='bbox 1285 716 1335 776; x_wconf 89' lang='lat' dir='ltr'>lib.</span> <span class='ocrx_word' id='word_1_56' title='bbox 1351 717 1379 776; x_wconf 88' lang='lat'>3.</span> <span class='ocrx_word' id='word_1_57' title='bbox 1396 724 1509 787; x_wconf 74' lang='lat' dir='ltr'>strom,</span> 
     </span>
     <span class='ocr_line' id='line_1_6' title="bbox 73 798 1509 882; baseline -0.003 -19"><span class='ocrx_word' id='word_1_58' title='bbox 73 801 215 874; x_wconf 80' lang='lat' dir='ltr'>udioato,</span> <span class='ocrx_word' id='word_1_59' title='bbox 251 811 282 862; x_wconf 91' lang='lat' dir='ltr'>et</span> <span class='ocrx_word' id='word_1_60' title='bbox 310 801 516 882; x_wconf 75' lang='lat' dir='ltr'>Hieronymus</span> <span class='ocrx_word' id='word_1_61' title='bbox 546 804 585 863; x_wconf 93' lang='lat' dir='ltr'>ad</span> <span class='ocrx_word' id='word_1_62' title='bbox 615 822 680 882; x_wconf 86' lang='lat' dir='ltr'>cap.</span> <span class='ocrx_word' id='word_1_63' title='bbox 712 802 761 862; x_wconf 75' lang='lat' dir='ltr'>st.</span> <span class='ocrx_word' id='word_1_64' title='bbox 811 800 863 861; x_wconf 91' lang='lat' dir='ltr'>nbi</span> <span class='ocrx_word' id='word_1_65' title='bbox 885 799 1019 862; x_wconf 80' lang='lat' dir='ltr'>reterens</span> <span class='ocrx_word' id='word_1_66' title='bbox 1042 801 1133 881; x_wconf 82' lang='lat' dir='ltr'>hujus</span> <span class='ocrx_word' id='word_1_67' title='bbox 1156 798 1214 862; x_wconf 91' lang='lat' dir='ltr'>loci</span> <span class='ocrx_word' id='word_1_68' title='bbox 1236 803 1345 875; x_wconf 87' lang='lat' dir='ltr'>verba,</span> <span class='ocrx_word' id='word_1_69' title='bbox 1372 800 1462 863; x_wconf 90' lang='lat' dir='ltr'>simul</span> <span class='ocrx_word' id='word_1_70' title='bbox 1479 810 1509 861; x_wconf 91' lang='lat' dir='ltr'>et</span> 
     </span>
     <span class='ocr_line' id='line_1_7' title="bbox 73 886 1509 970; baseline -0.001 -23"><span class='ocrx_word' id='word_1_71' title='bbox 73 886 185 961; x_wconf 76' lang='lat' dir='ltr'>llstth,</span> <span class='ocrx_word' id='word_1_72' title='bbox 212 886 268 948; x_wconf 81' lang='lat' dir='ltr'>sed</span> <span class='ocrx_word' id='word_1_73' title='bbox 289 887 338 948; x_wconf 92' lang='lat' dir='ltr'>hio</span> <span class='ocrx_word' id='word_1_74' title='bbox 358 888 479 970; x_wconf 87' lang='lat' dir='ltr'>quidem</span> <span class='ocrx_word' id='word_1_75' title='bbox 501 888 613 969; x_wconf 85' lang='lat' dir='ltr'>plurali</span> <span class='ocrx_word' id='word_1_76' title='bbox 639 907 762 948; x_wconf 89' lang='lat' dir='ltr'>numero</span> <span class='ocrx_word' id='word_1_77' title='bbox 812 888 952 959; x_wconf 88' lang='lat' dir='ltr'>alterius,</span> <span class='ocrx_word' id='word_1_78' title='bbox 979 891 1031 968; x_wconf 93' lang='lat' dir='ltr'>qui</span> <span class='ocrx_word' id='word_1_79' title='bbox 1054 894 1103 949; x_wconf 89' lang='lat' dir='ltr'>est</span> <span class='ocrx_word' id='word_1_80' title='bbox 1123 886 1163 947; x_wconf 86' lang='lat' dir='ltr'>ad</span> <span class='ocrx_word' id='word_1_81' title='bbox 1186 888 1265 948; x_wconf 90' lang='lat' dir='ltr'>Phil.</span> <span class='ocrx_word' id='word_1_82' title='bbox 1282 892 1322 961; x_wconf 84' lang='lat'>4,</span> <span class='ocrx_word' id='word_1_83' title='bbox 1349 888 1509 960; x_wconf 87' lang='lat' dir='ltr'>confirmat,</span> 
     </span>
     <span class='ocr_line' id='line_1_8' title="bbox 73 973 1508 1056; baseline -0.001 -21"><span class='ocrx_word' id='word_1_84' title='bbox 73 991 187 1035; x_wconf 77' lang='lat' dir='ltr'>sorores</span> <span class='ocrx_word' id='word_1_85' title='bbox 201 974 358 1035; x_wconf 77' lang='lat' dir='ltr'>mulieres.</span> <span class='ocrx_word' id='word_1_86' title='bbox 397 974 579 1056; x_wconf 79' lang='lat' dir='ltr'>Quanquam</span> <span class='ocrx_word' id='word_1_87' title='bbox 595 974 674 1035; x_wconf 89' lang='lat' dir='ltr'>idem</span> <span class='ocrx_word' id='word_1_88' title='bbox 688 974 762 1034; x_wconf 88' lang='lat' dir='ltr'>Hie·</span> <span class='ocrx_word' id='word_1_89' title='bbox 811 973 959 1054; x_wconf 87' lang='lat' dir='ltr'>Apostolo</span> <span class='ocrx_word' id='word_1_90' title='bbox 974 974 1071 1033; x_wconf 89' lang='lat' dir='ltr'>Paulo</span> <span class='ocrx_word' id='word_1_91' title='bbox 1088 994 1213 1034; x_wconf 91' lang='lat' dir='ltr'>uxorem</span> <span class='ocrx_word' id='word_1_92' title='bbox 1227 974 1336 1036; x_wconf 82' lang='lat' dir='ltr'>luisse:</span> <span class='ocrx_word' id='word_1_93' title='bbox 1359 995 1450 1056; x_wconf 89' lang='lat' dir='ltr'>quam</span> <span class='ocrx_word' id='word_1_94' title='bbox 1465 983 1508 1034; x_wconf 90' lang='lat' dir='ltr'>ta·</span> 
     </span>
     <span class='ocr_line' id='line_1_9' title="bbox 73 1059 1510 1142; baseline -0.001 -21"><span class='ocrx_word' id='word_1_95' title='bbox 73 1080 206 1142; x_wconf 75' lang='lat' dir='ltr'>rouymus</span> <span class='ocrx_word' id='word_1_96' title='bbox 221 1059 272 1122; x_wconf 92' lang='lat' dir='ltr'>lib.</span> <span class='ocrx_word' id='word_1_97' title='bbox 290 1065 317 1121; x_wconf 92' lang='lat'>1.</span> <span class='ocrx_word' id='word_1_98' title='bbox 333 1072 439 1123; x_wconf 85' lang='lat' dir='ltr'>contra</span> <span class='ocrx_word' id='word_1_99' title='bbox 453 1062 477 1123; x_wconf 88' lang='lat' dir='ltr'><strong>J</strong></span> <span class='ocrx_word' id='word_1_100' title='bbox 478 1063 609 1123; x_wconf 85' lang='lat' dir='ltr'>ovinian.</span> <span class='ocrx_word' id='word_1_101' title='bbox 632 1081 696 1141; x_wconf 86' lang='lat' dir='ltr'>cap.</span> <span class='ocrx_word' id='word_1_102' title='bbox 714 1064 764 1121; x_wconf 83' lang='lat'>14.</span> <span class='ocrx_word' id='word_1_103' title='bbox 811 1079 879 1120; x_wconf 88' lang='lat' dir='ltr'>men</span> <span class='ocrx_word' id='word_1_104' title='bbox 896 1062 1015 1133; x_wconf 88' lang='lat' dir='ltr'>sororis,</span> <span class='ocrx_word' id='word_1_105' title='bbox 1030 1082 1090 1122; x_wconf 91' lang='lat' dir='ltr'>uon</span> <span class='ocrx_word' id='word_1_106' title='bbox 1106 1062 1208 1121; x_wconf 89' lang='lat' dir='ltr'>uxoris</span> <span class='ocrx_word' id='word_1_107' title='bbox 1223 1062 1289 1123; x_wconf 91' lang='lat' dir='ltr'>loco</span> <span class='ocrx_word' id='word_1_108' title='bbox 1305 1061 1436 1123; x_wconf 87' lang='lat' dir='ltr'>haberet.</span> <span class='ocrx_word' id='word_1_109' title='bbox 1458 1060 1510 1121; x_wconf 89' lang='lat' dir='ltr'>Sic</span> 
     </span>
     <span class='ocr_line' id='line_1_10' title="bbox 73 1139 1509 1229; baseline -0.001 -22"><span class='ocrx_word' id='word_1_110' title='bbox 73 1146 151 1208; x_wconf 78' lang='lat' dir='ltr'>stad</span> <span class='ocrx_word' id='word_1_111' title='bbox 165 1146 313 1208; x_wconf 77' lang='lat' dir='ltr'>Eustoch</span> <span class='ocrx_word' id='word_1_112' title='bbox 329 1146 368 1210; x_wconf 90' lang='lat' dir='ltr'>de</span> <span class='ocrx_word' id='word_1_113' title='bbox 379 1147 494 1209; x_wconf 91' lang='lat' dir='ltr'>custod.</span> <span class='ocrx_word' id='word_1_114' title='bbox 506 1149 638 1229; x_wconf 86' lang='lat' dir='ltr'>virginit.</span> <span class='ocrx_word' id='word_1_115' title='bbox 655 1167 720 1226; x_wconf 88' lang='lat' dir='ltr'>cap.</span> <span class='ocrx_word' id='word_1_116' title='bbox 733 1147 762 1205; x_wconf 91' lang='lat'>8.</span> <span class='ocrx_word' id='word_1_117' title='bbox 813 1148 893 1207; x_wconf 91' lang='lat' dir='ltr'>enim</span> <span class='ocrx_word' id='word_1_118' title='bbox 919 1147 1062 1227; x_wconf 85' lang='lat' dir='ltr'>intelligit</span> <span class='ocrx_word' id='word_1_119' title='bbox 1088 1147 1164 1208; x_wconf 93' lang='lat' dir='ltr'>illud</span> <span class='ocrx_word' id='word_1_120' title='bbox 1195 1139 1332 1226; x_wconf 78' lang='grc' dir='ltr'>ἀδελφὴν</span> <span class='ocrx_word' id='word_1_121' title='bbox 1364 1148 1509 1227; x_wconf 77' lang='grc' dir='ltr'><strong>γυναῖκα,</strong></span> 
     </span>
     <span class='ocr_line' id='line_1_11' title="bbox 72 1232 1511 1315; baseline -0.002 -20"><span class='ocrx_word' id='word_1_122' title='bbox 72 1235 200 1315; x_wconf 72' lang='lat' dir='ltr'>imque</span> <span class='ocrx_word' id='word_1_123' title='bbox 215 1244 429 1296; x_wconf 85' lang='lat' dir='ltr'>commentator</span> <span class='ocrx_word' id='word_1_124' title='bbox 443 1235 681 1308; x_wconf 86' lang='lat' dir='ltr'>Ambrosiaster,</span> <span class='ocrx_word' id='word_1_125' title='bbox 704 1232 762 1293; x_wconf 92' lang='lat' dir='ltr'>Pe·</span> <span class='ocrx_word' id='word_1_126' title='bbox 812 1251 951 1295; x_wconf 78' lang='lat' dir='ltr'>sororem</span> <span class='ocrx_word' id='word_1_127' title='bbox 966 1253 1108 1296; x_wconf 75' lang='lat' dir='ltr'>osorem.</span> <span class='ocrx_word' id='word_1_128' title='bbox 1146 1234 1255 1314; x_wconf 82' lang='lat' dir='ltr'>Neque</span> <span class='ocrx_word' id='word_1_129' title='bbox 1271 1237 1349 1296; x_wconf 91' lang='lat' dir='ltr'>enim</span> <span class='ocrx_word' id='word_1_130' title='bbox 1364 1235 1402 1295; x_wconf 92' lang='lat' dir='ltr'>de</span> <span class='ocrx_word' id='word_1_131' title='bbox 1416 1254 1511 1294; x_wconf 91' lang='lat' dir='ltr'>uxore</span> 
     </span>
     <span class='ocr_line' id='line_1_12' title="bbox 73 1319 1511 1403; baseline -0.001 -22"><span class='ocrx_word' id='word_1_132' title='bbox 73 1320 165 1401; x_wconf 76' lang='lat' dir='ltr'>lugius</span> <span class='ocrx_word' id='word_1_133' title='bbox 186 1340 224 1381; x_wconf 81' lang='lat' dir='ltr'>sc</span> <span class='ocrx_word' id='word_1_134' title='bbox 242 1319 384 1383; x_wconf 85' lang='lat' dir='ltr'>Sedulius</span> <span class='ocrx_word' id='word_1_135' title='bbox 410 1331 526 1383; x_wconf 88' lang='lat' dir='ltr'>tantum</span> <span class='ocrx_word' id='word_1_136' title='bbox 549 1322 698 1382; x_wconf 78' lang='lat' dir='ltr'>multem</span> <span class='ocrx_word' id='word_1_137' title='bbox 723 1320 763 1381; x_wconf 93' lang='lat' dir='ltr'>le·</span> <span class='ocrx_word' id='word_1_138' title='bbox 812 1330 931 1381; x_wconf 90' lang='lat' dir='ltr'>retenta</span> <span class='ocrx_word' id='word_1_139' title='bbox 956 1321 995 1382; x_wconf 88' lang='lat' dir='ltr'>ad</span> <span class='ocrx_word' id='word_1_140' title='bbox 1022 1341 1107 1382; x_wconf 88' lang='lat' dir='ltr'>usum</span> <span class='ocrx_word' id='word_1_141' title='bbox 1134 1322 1326 1403; x_wconf 85' lang='lat' dir='ltr'>conjugalem</span> <span class='ocrx_word' id='word_1_142' title='bbox 1354 1322 1511 1403; x_wconf 87' lang='lat' dir='ltr'>quisquam</span> 
     </span>
     <span class='ocr_line' id='line_1_13' title="bbox 76 1406 1511 1488; baseline -0.001 -21"><span class='ocrx_word' id='word_1_143' title='bbox 76 1416 155 1488; x_wconf 82' lang='lat' dir='ltr'>gunt:</span> <span class='ocrx_word' id='word_1_144' title='bbox 170 1416 252 1469; x_wconf 89' lang='lat' dir='ltr'>utet</span> <span class='ocrx_word' id='word_1_145' title='bbox 266 1408 448 1471; x_wconf 79' lang='lat' dir='ltr'>Tertullian.</span> <span class='ocrx_word' id='word_1_146' title='bbox 464 1409 515 1469; x_wconf 91' lang='lat' dir='ltr'>lib.</span> <span class='ocrx_word' id='word_1_147' title='bbox 528 1408 567 1470; x_wconf 93' lang='lat' dir='ltr'>de</span> <span class='ocrx_word' id='word_1_148' title='bbox 582 1407 681 1488; x_wconf 91' lang='lat' dir='ltr'>pudic.</span> <span class='ocrx_word' id='word_1_149' title='bbox 698 1427 763 1486; x_wconf 87' lang='lat' dir='ltr'>cap.</span> <span class='ocrx_word' id='word_1_150' title='bbox 812 1406 925 1486; x_wconf 90' lang='lat' dir='ltr'>probus</span> <span class='ocrx_word' id='word_1_151' title='bbox 952 1409 1099 1487; x_wconf 80' lang='lat' dir='ltr'>interpres</span> <span class='ocrx_word' id='word_1_152' title='bbox 1126 1407 1206 1470; x_wconf 89' lang='lat' dir='ltr'>hunc</span> <span class='ocrx_word' id='word_1_153' title='bbox 1231 1409 1329 1470; x_wconf 86' lang='lat' dir='ltr'>locum</span> <span class='ocrx_word' id='word_1_154' title='bbox 1354 1408 1511 1468; x_wconf 81' lang='lat' dir='ltr'>intellexit.</span> 
     </span>
     <span class='ocr_line' id='line_1_14' title="bbox 79 1491 1512 1576; baseline -0.001 -21"><span class='ocrx_word' id='word_1_155' title='bbox 79 1495 128 1569; x_wconf 77' lang='lat'>14,</span> <span class='ocrx_word' id='word_1_156' title='bbox 142 1492 183 1555; x_wconf 93' lang='lat' dir='ltr'>de</span> <span class='ocrx_word' id='word_1_157' title='bbox 197 1494 346 1555; x_wconf 83' lang='lat' dir='ltr'>exhortet</span> <span class='ocrx_word' id='word_1_158' title='bbox 362 1497 458 1557; x_wconf 82' lang='lat' dir='ltr'>castit</span> <span class='ocrx_word' id='word_1_159' title='bbox 475 1516 541 1576; x_wconf 88' lang='lat' dir='ltr'>cap.</span> <span class='ocrx_word' id='word_1_160' title='bbox 559 1499 587 1557; x_wconf 88' lang='lat'>8.</span> <span class='ocrx_word' id='word_1_161' title='bbox 604 1505 635 1556; x_wconf 89' lang='lat' dir='ltr'>et</span> <span class='ocrx_word' id='word_1_162' title='bbox 650 1494 688 1555; x_wconf 92' lang='lat' dir='ltr'>de</span> <span class='ocrx_word' id='word_1_163' title='bbox 702 1514 763 1553; x_wconf 89' lang='lat' dir='ltr'>mo·</span> <span class='ocrx_word' id='word_1_164' title='bbox 812 1491 901 1556; x_wconf 86' lang='lat' dir='ltr'>Unde</span> <span class='ocrx_word' id='word_1_165' title='bbox 928 1493 1007 1555; x_wconf 76' lang='lat' dir='ltr'>male</span> <span class='ocrx_word' id='word_1_166' title='bbox 1036 1494 1106 1554; x_wconf 92' lang='lat' dir='ltr'>hinc</span> <span class='ocrx_word' id='word_1_167' title='bbox 1134 1494 1193 1556; x_wconf 87' lang='lat' dir='ltr'>sibi</span> <span class='ocrx_word' id='word_1_168' title='bbox 1221 1497 1293 1556; x_wconf 86' lang='lat' dir='ltr'>novi</span> <span class='ocrx_word' id='word_1_169' title='bbox 1318 1494 1512 1556; x_wconf 88' lang='lat' dir='ltr'>blandiuntur</span> 
     </span>
     <span class='ocr_line' id='line_1_15' title="bbox 79 1581 1512 1662; baseline -0.002 -21"><span class='ocrx_word' id='word_1_170' title='bbox 79 1600 136 1661; x_wconf 81' lang='lat' dir='ltr'>rog.</span> <span class='ocrx_word' id='word_1_171' title='bbox 159 1600 227 1660; x_wconf 75' lang='lat' dir='ltr'>cap.</span> <span class='ocrx_word' id='word_1_172' title='bbox 250 1584 280 1643; x_wconf 79' lang='lat'>8.</span> <span class='ocrx_word' id='word_1_173' title='bbox 316 1581 378 1642; x_wconf 92' lang='lat' dir='ltr'>Imo</span> <span class='ocrx_word' id='word_1_174' title='bbox 402 1582 523 1643; x_wconf 88' lang='lat' dir='ltr'>videtur</span> <span class='ocrx_word' id='word_1_175' title='bbox 546 1583 670 1644; x_wconf 86' lang='lat' dir='ltr'>Hieron.</span> <span class='ocrx_word' id='word_1_176' title='bbox 698 1581 763 1641; x_wconf 92' lang='lat' dir='ltr'>loco</span> <span class='ocrx_word' id='word_1_177' title='bbox 813 1581 984 1661; x_wconf 86' lang='lat' dir='ltr'>evangelici</span> <span class='ocrx_word' id='word_1_178' title='bbox 998 1582 1135 1657; x_wconf 88' lang='lat' dir='ltr'>ministri,</span> <span class='ocrx_word' id='word_1_179' title='bbox 1150 1583 1202 1662; x_wconf 90' lang='lat' dir='ltr'>qui</span> <span class='ocrx_word' id='word_1_180' title='bbox 1215 1583 1359 1642; x_wconf 74' lang='lat' dir='ltr'>uxoribus</span> <span class='ocrx_word' id='word_1_181' title='bbox 1374 1601 1407 1642; x_wconf 90' lang='lat' dir='ltr'>se</span> <span class='ocrx_word' id='word_1_182' title='bbox 1422 1599 1512 1662; x_wconf 89' lang='lat' dir='ltr'>posse</span> 
     </span>
     <span class='ocr_line' id='line_1_16' title="bbox 77 1666 1512 1750; baseline -0.001 -21"><span class='ocrx_word' id='word_1_183' title='bbox 77 1668 130 1747; x_wconf 70' lang='lat' dir='ltr'>jin</span> <span class='ocrx_word' id='word_1_184' title='bbox 149 1666 230 1729; x_wconf 86' lang='lat' dir='ltr'>dicto</span> <span class='ocrx_word' id='word_1_185' title='bbox 256 1676 362 1730; x_wconf 86' lang='lat' dir='ltr'>contra</span> <span class='ocrx_word' id='word_1_186' title='bbox 382 1670 487 1731; x_wconf 85' lang='lat' dir='ltr'>Jovin.</span> <span class='ocrx_word' id='word_1_187' title='bbox 510 1689 576 1730; x_wconf 85' lang='lat' dir='ltr'>eam</span> <span class='ocrx_word' id='word_1_188' title='bbox 597 1669 765 1742; x_wconf 89' lang='lat' dir='ltr'>lectionem,</span> <span class='ocrx_word' id='word_1_189' title='bbox 814 1687 917 1727; x_wconf 89' lang='lat' dir='ltr'>carere</span> <span class='ocrx_word' id='word_1_190' title='bbox 939 1677 1060 1747; x_wconf 90' lang='lat' dir='ltr'>negant.</span> <span class='ocrx_word' id='word_1_191' title='bbox 1097 1667 1215 1729; x_wconf 86' lang='lat' dir='ltr'>Eadem</span> <span class='ocrx_word' id='word_1_192' title='bbox 1242 1689 1330 1750; x_wconf 90' lang='lat' dir='ltr'>porro</span> <span class='ocrx_word' id='word_1_193' title='bbox 1352 1668 1512 1741; x_wconf 84' lang='lat' dir='ltr'>sententis,</span> 
     </span>
     <span class='ocr_line' id='line_1_17' title="bbox 171 1752 1512 1834; baseline -0.001 -19"><span class='ocrx_word' id='word_1_194' title='bbox 171 1756 283 1815; x_wconf 89' lang='lat' dir='ltr'>sororis</span> <span class='ocrx_word' id='word_1_195' title='bbox 308 1766 362 1815; x_wconf 84' lang='lat' dir='ltr'>aut</span> <span class='ocrx_word' id='word_1_196' title='bbox 388 1776 522 1818; x_wconf 88' lang='lat' dir='ltr'>sororum</span> <span class='ocrx_word' id='word_1_197' title='bbox 548 1757 697 1829; x_wconf 82' lang='lat' dir='ltr'>meminit,</span> <span class='ocrx_word' id='word_1_198' title='bbox 722 1757 766 1815; x_wconf 90' lang='lat' dir='ltr'>ita</span> <span class='ocrx_word' id='word_1_199' title='bbox 815 1774 906 1834; x_wconf 91' lang='lat' dir='ltr'>quam</span> <span class='ocrx_word' id='word_1_200' title='bbox 932 1753 1027 1815; x_wconf 89' lang='lat' dir='ltr'>tradit</span> <span class='ocrx_word' id='word_1_201' title='bbox 1053 1752 1209 1832; x_wconf 83' lang='lat' dir='ltr'>Clemens,</span> <span class='ocrx_word' id='word_1_202' title='bbox 1240 1758 1318 1818; x_wconf 89' lang='lat' dir='ltr'>iuter</span> <span class='ocrx_word' id='word_1_203' title='bbox 1343 1757 1512 1818; x_wconf 83' lang='lat' dir='ltr'>neotericos</span> 
     </span>
     <span class='ocr_line' id='line_1_18' title="bbox 83 1773 1514 1925; baseline 0.001 -22"><span class='ocrx_word' id='word_1_204' title='bbox 83 1773 196 1903; x_wconf 52' lang='lat' dir='ltr'>mis</span> <span class='ocrx_word' id='word_1_205' title='bbox 211 1839 365 1903; x_wconf 84' lang='lat' dir='ltr'>codicibus</span> <span class='ocrx_word' id='word_1_206' title='bbox 378 1845 531 1925; x_wconf 85' lang='lat' dir='ltr'>propriam</span> <span class='ocrx_word' id='word_1_207' title='bbox 552 1843 668 1918; x_wconf 81' lang='lat' dir='ltr'>facere,</span> <span class='ocrx_word' id='word_1_208' title='bbox 694 1851 728 1904; x_wconf 97' lang='grc' dir='ltr'>ιιι</span> <span class='ocrx_word' id='word_1_209' title='bbox 748 1862 766 1900; x_wconf 94' lang='lat' dir='ltr'>a</span> <span class='ocrx_word' id='word_1_210' title='bbox 814 1841 981 1903; x_wconf 88' lang='lat' dir='ltr'>Laurentio</span> <span class='ocrx_word' id='word_1_211' title='bbox 996 1840 1103 1902; x_wconf 84' lang='lat' dir='ltr'>Vallae</span> <span class='ocrx_word' id='word_1_212' title='bbox 1126 1842 1242 1923; x_wconf 88' lang='lat' dir='ltr'>placuit</span> <span class='ocrx_word' id='word_1_213' title='bbox 1256 1847 1286 1906; x_wconf 94' lang='lat' dir='ltr'>iu</span> <span class='ocrx_word' id='word_1_214' title='bbox 1302 1846 1364 1905; x_wconf 89' lang='lat' dir='ltr'>suis</span> <span class='ocrx_word' id='word_1_215' title='bbox 1380 1845 1514 1907; x_wconf 89' lang='lat' dir='ltr'>adhunc</span> 
     </span>
     <span class='ocr_line' id='line_1_19' title="bbox 84 1926 1513 2011; baseline 0.003 -23"><span class='ocrx_word' id='word_1_216' title='bbox 84 1926 185 1995; x_wconf 77' lang='lat' dir='ltr'>Latinis</span> <span class='ocrx_word' id='word_1_217' title='bbox 200 1927 351 1989; x_wconf 81' lang='lat' dir='ltr'>excludat</span> <span class='ocrx_word' id='word_1_218' title='bbox 391 1930 462 2011; x_wconf 78' lang='lat' dir='ltr'>Qua</span> <span class='ocrx_word' id='word_1_219' title='bbox 486 1938 583 1991; x_wconf 84' lang='lat' dir='ltr'>temen</span> <span class='ocrx_word' id='word_1_220' title='bbox 607 1931 685 1990; x_wconf 91' lang='lat' dir='ltr'>inre</span> <span class='ocrx_word' id='word_1_221' title='bbox 701 1949 767 1989; x_wconf 86' lang='lat' dir='ltr'>curn</span> <span class='ocrx_word' id='word_1_222' title='bbox 813 1928 914 1988; x_wconf 90' lang='lat' dir='ltr'>locum</span> <span class='ocrx_word' id='word_1_223' title='bbox 935 1937 1034 1989; x_wconf 86' lang='lat' dir='ltr'>annot.</span> <span class='ocrx_word' id='word_1_224' title='bbox 1058 1938 1089 1990; x_wconf 93' lang='lat' dir='ltr'>et</span> <span class='ocrx_word' id='word_1_225' title='bbox 1104 1927 1266 1993; x_wconf 76' lang='lat' dir='ltr'>catharine</span> <span class='ocrx_word' id='word_1_226' title='bbox 1286 1934 1318 1992; x_wconf 93' lang='lat' dir='ltr'>in</span> <span class='ocrx_word' id='word_1_227' title='bbox 1333 1941 1513 1994; x_wconf 87' lang='lat' dir='ltr'>commenta·</span> 
     </span>
     <span class='ocr_line' id='line_1_20' title="bbox 83 2012 1513 2099; baseline 0.005 -24"><span class='ocrx_word' id='word_1_228' title='bbox 83 2012 187 2075; x_wconf 69' lang='lat' dir='ltr'>latinis</span> <span class='ocrx_word' id='word_1_229' title='bbox 202 2017 345 2077; x_wconf 82' lang='lat' dir='ltr'>convenit</span> <span class='ocrx_word' id='word_1_230' title='bbox 358 2027 443 2079; x_wconf 90' lang='lat' dir='ltr'>tract.</span> <span class='ocrx_word' id='word_1_231' title='bbox 454 2016 492 2078; x_wconf 90' lang='lat' dir='ltr'>de</span> <span class='ocrx_word' id='word_1_232' title='bbox 504 2017 647 2095; x_wconf 79' lang='lat' dir='ltr'>singular.</span> <span class='ocrx_word' id='word_1_233' title='bbox 659 2017 768 2088; x_wconf 82' lang='lat' dir='ltr'>cleric,</span> <span class='ocrx_word' id='word_1_234' title='bbox 815 2017 880 2077; x_wconf 88' lang='lat' dir='ltr'>riis:</span> <span class='ocrx_word' id='word_1_235' title='bbox 902 2018 973 2076; x_wconf 91' lang='lat' dir='ltr'>item</span> <span class='ocrx_word' id='word_1_236' title='bbox 987 2015 1011 2076; x_wconf 88' lang='lat' dir='ltr'><strong>J</strong></span> <span class='ocrx_word' id='word_1_237' title='bbox 1012 2015 1106 2076; x_wconf 90' lang='lat' dir='ltr'>acobo</span> <span class='ocrx_word' id='word_1_238' title='bbox 1121 2016 1235 2092; x_wconf 84' lang='lat' dir='ltr'>Fabro,</span> <span class='ocrx_word' id='word_1_239' title='bbox 1258 2021 1312 2099; x_wconf 90' lang='lat' dir='ltr'>qui</span> <span class='ocrx_word' id='word_1_240' title='bbox 1327 2022 1417 2081; x_wconf 89' lang='lat' dir='ltr'>vertit</span> <span class='ocrx_word' id='word_1_241' title='bbox 1431 2037 1513 2081; x_wconf 79' lang='lat' dir='ltr'>uxo·</span> 
     </span>
     <span class='ocr_line' id='line_1_21' title="bbox 86 2099 1515 2185; baseline 0.004 -24"><span class='ocrx_word' id='word_1_242' title='bbox 86 2103 126 2181; x_wconf 80' lang='lat' dir='ltr'>qui</span> <span class='ocrx_word' id='word_1_243' title='bbox 138 2099 293 2182; x_wconf 76' lang='lat' dir='ltr'>(lypriauo</span> <span class='ocrx_word' id='word_1_244' title='bbox 314 2122 470 2185; x_wconf 86' lang='lat' dir='ltr'>perperam</span> <span class='ocrx_word' id='word_1_245' title='bbox 493 2103 678 2184; x_wconf 89' lang='lat' dir='ltr'>adscriptus,</span> <span class='ocrx_word' id='word_1_246' title='bbox 702 2101 766 2163; x_wconf 90' lang='lat' dir='ltr'>Ori·</span> <span class='ocrx_word' id='word_1_247' title='bbox 815 2122 900 2177; x_wconf 78' lang='lat' dir='ltr'>rem,</span> <span class='ocrx_word' id='word_1_248' title='bbox 925 2113 955 2163; x_wconf 89' lang='lat' dir='ltr'>e&#39;t</span> <span class='ocrx_word' id='word_1_249' title='bbox 971 2121 1038 2163; x_wconf 89' lang='lat' dir='ltr'>cam</span> <span class='ocrx_word' id='word_1_250' title='bbox 1060 2105 1228 2165; x_wconf 86' lang='lat' dir='ltr'>versionem</span> <span class='ocrx_word' id='word_1_251' title='bbox 1244 2107 1275 2166; x_wconf 90' lang='lat' dir='ltr'>iu</span> <span class='ocrx_word' id='word_1_252' title='bbox 1290 2108 1515 2167; x_wconf 74' lang='lat' dir='ltr'>examinatione</span> 
     </span>
     <span class='ocr_line' id='line_1_22' title="bbox 85 2187 1513 2271; baseline 0.004 -23"><span class='ocrx_word' id='word_1_253' title='bbox 85 2189 156 2265; x_wconf 78' lang='lat' dir='ltr'>geris</span> <span class='ocrx_word' id='word_1_254' title='bbox 184 2208 254 2249; x_wconf 85' lang='lat' dir='ltr'>esse</span> <span class='ocrx_word' id='word_1_255' title='bbox 278 2199 417 2268; x_wconf 87' lang='lat' dir='ltr'>putatur,</span> <span class='ocrx_word' id='word_1_256' title='bbox 447 2193 615 2269; x_wconf 88' lang='lat' dir='ltr'>interprete</span> <span class='ocrx_word' id='word_1_257' title='bbox 643 2190 769 2251; x_wconf 86' lang='lat' dir='ltr'>Ruffino.</span> <span class='ocrx_word' id='word_1_258' title='bbox 815 2190 922 2251; x_wconf 81' lang='lat' dir='ltr'>literae</span> <span class='ocrx_word' id='word_1_259' title='bbox 937 2187 1087 2264; x_wconf 83' lang='lat' dir='ltr'>defendit,</span> <span class='ocrx_word' id='word_1_260' title='bbox 1106 2189 1194 2268; x_wconf 88' lang='lat' dir='ltr'>plura</span> <span class='ocrx_word' id='word_1_261' title='bbox 1215 2194 1388 2271; x_wconf 88' lang='lat' dir='ltr'>promittens</span> <span class='ocrx_word' id='word_1_262' title='bbox 1408 2190 1449 2253; x_wconf 83' lang='lat' dir='ltr'>sd</span> <span class='ocrx_word' id='word_1_263' title='bbox 1470 2192 1513 2254; x_wconf 91' lang='lat' dir='ltr'>lo·</span> 
     </span>
     <span class='ocr_line' id='line_1_23' title="bbox 85 2270 1025 2356; baseline 0.001 -22"><span class='ocrx_word' id='word_1_264' title='bbox 85 2270 150 2335; x_wconf 80' lang='lat' dir='ltr'>llam</span> <span class='ocrx_word' id='word_1_265' title='bbox 163 2274 262 2335; x_wconf 87' lang='lat' dir='ltr'>semel</span> <span class='ocrx_word' id='word_1_266' title='bbox 273 2283 305 2336; x_wconf 93' lang='lat' dir='ltr'>et</span> <span class='ocrx_word' id='word_1_267' title='bbox 315 2278 420 2338; x_wconf 85' lang='lat' dir='ltr'>iterum</span> <span class='ocrx_word' id='word_1_268' title='bbox 433 2279 527 2338; x_wconf 87' lang='lat' dir='ltr'>citans</span> <span class='ocrx_word' id='word_1_269' title='bbox 539 2277 619 2336; x_wconf 91' lang='lat' dir='ltr'>hunc</span> <span class='ocrx_word' id='word_1_270' title='bbox 629 2277 770 2356; x_wconf 79' lang='lat' dir='ltr'>Apostoli</span> <span class='ocrx_word' id='word_1_271' title='bbox 817 2296 886 2337; x_wconf 89' lang='lat' dir='ltr'>cum</span> <span class='ocrx_word' id='word_1_272' title='bbox 901 2275 979 2335; x_wconf 91' lang='lat' dir='ltr'>Phil.</span> <span class='ocrx_word' id='word_1_273' title='bbox 996 2280 1025 2336; x_wconf 88' lang='grc'>4.</span> 
     </span>
     <span class='ocr_line' id='line_1_24' title="bbox 85 2356 1516 2444; baseline 0.002 -21"><span class='ocrx_word' id='word_1_274' title='bbox 85 2356 185 2437; x_wconf 76' lang='lat' dir='ltr'>heum,</span> <span class='ocrx_word' id='word_1_275' title='bbox 199 2362 358 2441; x_wconf 82' lang='lat' dir='ltr'>pluraliter</span> <span class='ocrx_word' id='word_1_276' title='bbox 372 2363 446 2425; x_wconf 93' lang='lat' dir='ltr'>dicit</span> <span class='ocrx_word' id='word_1_277' title='bbox 460 2363 624 2438; x_wconf 77' lang='lat' dir='ltr'>mulieres,</span> <span class='ocrx_word' id='word_1_278' title='bbox 648 2383 704 2423; x_wconf 92' lang='lat' dir='ltr'>nec</span> <span class='ocrx_word' id='word_1_279' title='bbox 719 2361 769 2422; x_wconf 90' lang='lat' dir='ltr'>ad·</span> <span class='ocrx_word' id='word_1_280' title='bbox 860 2362 976 2422; x_wconf 88' lang='lat' dir='ltr'>Horum</span> <span class='ocrx_word' id='word_1_281' title='bbox 991 2370 1199 2441; x_wconf 84' lang='lat' dir='ltr'>argumentum</span> <span class='ocrx_word' id='word_1_282' title='bbox 1220 2371 1282 2437; x_wconf 87' lang='lat' dir='ltr'>est,</span> <span class='ocrx_word' id='word_1_283' title='bbox 1307 2365 1379 2444; x_wconf 90' lang='lat' dir='ltr'>qnia</span> <span class='ocrx_word' id='word_1_284' title='bbox 1400 2364 1516 2426; x_wconf 90' lang='lat' dir='ltr'>Paulos</span> 
     </span>
     <span class='ocr_line' id='line_1_25' title="bbox 85 2444 1516 2526; baseline 0.003 -19"><span class='ocrx_word' id='word_1_285' title='bbox 85 2444 257 2510; x_wconf 72' lang='lat' dir='ltr'>ditscrom</span> <span class='ocrx_word' id='word_1_286' title='bbox 274 2448 398 2511; x_wconf 88' lang='lat' dir='ltr'>Occasio</span> <span class='ocrx_word' id='word_1_287' title='bbox 409 2448 544 2511; x_wconf 87' lang='lat' dir='ltr'>mutandi</span> <span class='ocrx_word' id='word_1_288' title='bbox 552 2451 666 2510; x_wconf 90' lang='lat' dir='ltr'>numeri</span> <span class='ocrx_word' id='word_1_289' title='bbox 677 2448 771 2510; x_wconf 83' lang='lat' dir='ltr'>fuisse</span> <span class='ocrx_word' id='word_1_290' title='bbox 818 2469 887 2510; x_wconf 89' lang='lat' dir='ltr'>cum</span> <span class='ocrx_word' id='word_1_291' title='bbox 903 2448 1034 2509; x_wconf 86' lang='lat' dir='ltr'>dixisset</span> <span class='ocrx_word' id='word_1_292' title='bbox 1047 2467 1198 2526; x_wconf 78' lang='lat' dir='ltr'>sororem,</span> <span class='ocrx_word' id='word_1_293' title='bbox 1218 2449 1336 2511; x_wconf 86' lang='lat' dir='ltr'>addidit</span> <span class='ocrx_word' id='word_1_294' title='bbox 1350 2451 1516 2513; x_wconf 86' lang='lat' dir='ltr'>mulierem:</span> 
     </span>
     <span class='ocr_line' id='line_1_26' title="bbox 83 2533 1518 2618; baseline 0.002 -21"><span class='ocrx_word' id='word_1_295' title='bbox 83 2536 186 2613; x_wconf 72' lang='lat' dir='ltr'>puis,</span> <span class='ocrx_word' id='word_1_296' title='bbox 202 2535 276 2616; x_wconf 84' lang='lat' dir='ltr'>quia</span> <span class='ocrx_word' id='word_1_297' title='bbox 290 2537 401 2616; x_wconf 87' lang='lat' dir='ltr'>plurali</span> <span class='ocrx_word' id='word_1_298' title='bbox 416 2555 540 2597; x_wconf 89' lang='lat' dir='ltr'>numero</span> <span class='ocrx_word' id='word_1_299' title='bbox 557 2535 629 2597; x_wconf 94' lang='lat' dir='ltr'>dicit</span> <span class='ocrx_word' id='word_1_300' title='bbox 643 2541 769 2616; x_wconf 85' lang='lat' dir='ltr'>Aposto-</span> <span class='ocrx_word' id='word_1_301' title='bbox 817 2555 896 2618; x_wconf 85' lang='lat' dir='ltr'>quae</span> <span class='ocrx_word' id='word_1_302' title='bbox 919 2533 1033 2596; x_wconf 86' lang='lat' dir='ltr'>additio</span> <span class='ocrx_word' id='word_1_303' title='bbox 1057 2538 1216 2614; x_wconf 86' lang='lat' dir='ltr'>nugatoria</span> <span class='ocrx_word' id='word_1_304' title='bbox 1238 2537 1292 2611; x_wconf 88' lang='lat' dir='ltr'>sit,</span> <span class='ocrx_word' id='word_1_305' title='bbox 1319 2538 1376 2598; x_wconf 87' lang='lat' dir='ltr'>uisi</span> <span class='ocrx_word' id='word_1_306' title='bbox 1391 2558 1518 2601; x_wconf 87' lang='lat' dir='ltr'>uxorem</span> 
     </span>
     <span class='ocr_line' id='line_1_27' title="bbox 82 2618 1518 2705; baseline 0.002 -22"><span class='ocrx_word' id='word_1_307' title='bbox 82 2618 133 2683; x_wconf 83' lang='lat' dir='ltr'>lus:</span> <span class='ocrx_word' id='word_1_308' title='bbox 154 2623 321 2700; x_wconf 76' lang='lat' dir='ltr'>Numquid</span> <span class='ocrx_word' id='word_1_309' title='bbox 335 2642 403 2685; x_wconf 78' lang='lat' dir='ltr'>saon</span> <span class='ocrx_word' id='word_1_310' title='bbox 421 2623 571 2683; x_wconf 80' lang='lat' dir='ltr'>habemus</span> <span class='ocrx_word' id='word_1_311' title='bbox 583 2630 770 2699; x_wconf 77' lang='lat' dir='ltr'>potestatem</span> <span class='ocrx_word' id='word_1_312' title='bbox 818 2622 965 2683; x_wconf 86' lang='lat' dir='ltr'>voluisset</span> <span class='ocrx_word' id='word_1_313' title='bbox 992 2622 1139 2702; x_wconf 83' lang='lat' dir='ltr'>intelligi:</span> <span class='ocrx_word' id='word_1_314' title='bbox 1166 2643 1234 2684; x_wconf 90' lang='lat' dir='ltr'>cum</span> <span class='ocrx_word' id='word_1_315' title='bbox 1258 2623 1395 2705; x_wconf 90' lang='lat' dir='ltr'>alioquin</span> <span class='ocrx_word' id='word_1_316' title='bbox 1421 2625 1518 2686; x_wconf 87' lang='lat' dir='ltr'>omnis</span> 
     </span>
     <span class='ocr_line' id='line_1_28' title="bbox 82 2706 1517 2790; baseline 0.002 -21"><span class='ocrx_word' id='word_1_317' title='bbox 82 2716 129 2769; x_wconf 81' lang='lat' dir='ltr'>stc.</span> <span class='ocrx_word' id='word_1_318' title='bbox 164 2706 228 2768; x_wconf 83' lang='lat' dir='ltr'>Cur</span> <span class='ocrx_word' id='word_1_319' title='bbox 242 2717 342 2769; x_wconf 75' lang='grc' dir='ltr'>αιιιιιιιι</span> <span class='ocrx_word' id='word_1_320' title='bbox 364 2712 472 2772; x_wconf 87' lang='lat' dir='ltr'>sororis</span> <span class='ocrx_word' id='word_1_321' title='bbox 487 2709 669 2770; x_wconf 85' lang='lat' dir='ltr'>vocabulum</span> <span class='ocrx_word' id='word_1_322' title='bbox 683 2711 770 2769; x_wconf 90' lang='lat' dir='ltr'>omis·</span> <span class='ocrx_word' id='word_1_323' title='bbox 820 2729 903 2770; x_wconf 91' lang='lat' dir='ltr'>soror</span> <span class='ocrx_word' id='word_1_324' title='bbox 918 2708 1024 2769; x_wconf 88' lang='lat' dir='ltr'>mulier</span> <span class='ocrx_word' id='word_1_325' title='bbox 1035 2713 1084 2771; x_wconf 91' lang='lat' dir='ltr'>sit.</span> <span class='ocrx_word' id='word_1_326' title='bbox 1106 2710 1142 2769; x_wconf 91' lang='lat' dir='ltr'>Iu</span> <span class='ocrx_word' id='word_1_327' title='bbox 1154 2729 1214 2790; x_wconf 90' lang='lat' dir='ltr'>quo</span> <span class='ocrx_word' id='word_1_328' title='bbox 1225 2711 1354 2790; x_wconf 87' lang='lat' dir='ltr'>primum</span> <span class='ocrx_word' id='word_1_329' title='bbox 1363 2710 1517 2785; x_wconf 79' lang='lat' dir='ltr'>falluntur,</span> 
     </span>
     <span class='ocr_line' id='line_1_29' title="bbox 78 2793 1519 2873; baseline 0.003 -18"><span class='ocrx_word' id='word_1_330' title='bbox 78 2812 134 2855; x_wconf 73' lang='lat' dir='ltr'>mm</span> <span class='ocrx_word' id='word_1_331' title='bbox 148 2793 247 2869; x_wconf 78' lang='lat' dir='ltr'>fuerit,</span> <span class='ocrx_word' id='word_1_332' title='bbox 263 2798 339 2856; x_wconf 83' lang='lat' dir='ltr'>ratio</span> <span class='ocrx_word' id='word_1_333' title='bbox 354 2817 414 2857; x_wconf 90' lang='lat' dir='ltr'>uon</span> <span class='ocrx_word' id='word_1_334' title='bbox 430 2797 564 2857; x_wconf 82' lang='lat' dir='ltr'>occurrit</span> <span class='ocrx_word' id='word_1_335' title='bbox 587 2795 676 2857; x_wconf 86' lang='lat' dir='ltr'>Nunc</span> <span class='ocrx_word' id='word_1_336' title='bbox 688 2805 771 2856; x_wconf 87' lang='lat' dir='ltr'>certe</span> <span class='ocrx_word' id='word_1_337' title='bbox 819 2818 878 2857; x_wconf 90' lang='lat' dir='ltr'>nou</span> <span class='ocrx_word' id='word_1_338' title='bbox 894 2794 1166 2858; x_wconf 85' lang='lat' dir='ltr'>animadvertentes</span> <span class='ocrx_word' id='word_1_339' title='bbox 1181 2805 1242 2857; x_wconf 90' lang='lat' dir='ltr'>tam</span> <span class='ocrx_word' id='word_1_340' title='bbox 1254 2798 1388 2873; x_wconf 69' lang='grc' dir='ltr'><strong>γυναῖκα</strong></span> <span class='ocrx_word' id='word_1_341' title='bbox 1403 2797 1519 2860; x_wconf 85' lang='lat' dir='ltr'>Graece</span> 
     </span>
     <span class='ocr_line' id='line_1_30' title="bbox 76 2881 1519 2964; baseline 0.003 -23"><span class='ocrx_word' id='word_1_342' title='bbox 76 2882 250 2942; x_wconf 83' lang='lat' dir='ltr'>tsmLstini</span> <span class='ocrx_word' id='word_1_343' title='bbox 264 2901 355 2962; x_wconf 90' lang='lat' dir='ltr'>quam</span> <span class='ocrx_word' id='word_1_344' title='bbox 372 2882 481 2945; x_wconf 85' lang='lat' dir='ltr'>Graeci</span> <span class='ocrx_word' id='word_1_345' title='bbox 497 2881 617 2943; x_wconf 88' lang='lat' dir='ltr'>codices</span> <span class='ocrx_word' id='word_1_346' title='bbox 634 2890 770 2943; x_wconf 91' lang='lat' dir='ltr'>constan·</span> <span class='ocrx_word' id='word_1_347' title='bbox 819 2904 909 2964; x_wconf 89' lang='lat' dir='ltr'>qnam</span> <span class='ocrx_word' id='word_1_348' title='bbox 923 2882 1076 2943; x_wconf 89' lang='lat' dir='ltr'>mulierem</span> <span class='ocrx_word' id='word_1_349' title='bbox 1098 2884 1207 2944; x_wconf 89' lang='lat' dir='ltr'>Latine</span> <span class='ocrx_word' id='word_1_350' title='bbox 1228 2903 1289 2943; x_wconf 90' lang='lat' dir='ltr'>non</span> <span class='ocrx_word' id='word_1_351' title='bbox 1308 2883 1383 2958; x_wconf 89' lang='lat' dir='ltr'>dici,</span> <span class='ocrx_word' id='word_1_352' title='bbox 1406 2886 1465 2944; x_wconf 90' lang='lat' dir='ltr'>nisi</span> <span class='ocrx_word' id='word_1_353' title='bbox 1481 2882 1519 2945; x_wconf 85' lang='lat' dir='ltr'>ds</span> 
     </span>
     <span class='ocr_line' id='line_1_31' title="bbox 77 2966 1519 3051; baseline 0.001 -22"><span class='ocrx_word' id='word_1_354' title='bbox 77 2975 119 3029; x_wconf 85' lang='lat' dir='ltr'>ter</span> <span class='ocrx_word' id='word_1_355' title='bbox 129 2966 237 3048; x_wconf 86' lang='lat' dir='ltr'>legunt</span> <span class='ocrx_word' id='word_1_356' title='bbox 246 2987 396 3030; x_wconf 77' lang='lat' dir='ltr'>sororem.</span> <span class='ocrx_word' id='word_1_357' title='bbox 413 2968 483 3049; x_wconf 80' lang='lat' dir='ltr'>Quo</span> <span class='ocrx_word' id='word_1_358' title='bbox 495 2970 614 3029; x_wconf 89' lang='lat' dir='ltr'>nomine</span> <span class='ocrx_word' id='word_1_359' title='bbox 625 2967 769 3030; x_wconf 84' lang='lat' dir='ltr'>Christia·</span> <span class='ocrx_word' id='word_1_360' title='bbox 820 2991 872 3045; x_wconf 88' lang='lat' dir='ltr'>ea,</span> <span class='ocrx_word' id='word_1_361' title='bbox 887 2988 969 3051; x_wconf 89' lang='lat' dir='ltr'>quae</span> <span class='ocrx_word' id='word_1_362' title='bbox 984 2969 1024 3029; x_wconf 89' lang='lat' dir='ltr'>sit</span> <span class='ocrx_word' id='word_1_363' title='bbox 1037 2971 1146 3030; x_wconf 89' lang='lat' dir='ltr'>aetatis</span> <span class='ocrx_word' id='word_1_364' title='bbox 1160 2969 1290 3044; x_wconf 80' lang='lat' dir='ltr'>adultae,</span> <span class='ocrx_word' id='word_1_365' title='bbox 1313 2979 1347 3030; x_wconf 94' lang='lat' dir='ltr'>ut</span> <span class='ocrx_word' id='word_1_366' title='bbox 1361 2992 1437 3033; x_wconf 88' lang='lat' dir='ltr'>uxor</span> <span class='ocrx_word' id='word_1_367' title='bbox 1452 2970 1519 3031; x_wconf 84' lang='lat' dir='ltr'>fieri</span> 
     </span>
     <span class='ocr_line' id='line_1_32' title="bbox 74 3054 1518 3137; baseline 0.001 -22"><span class='ocrx_word' id='word_1_368' title='bbox 74 3074 138 3115; x_wconf 80' lang='lat' dir='ltr'>om</span> <span class='ocrx_word' id='word_1_369' title='bbox 154 3054 302 3135; x_wconf 89' lang='lat' dir='ltr'>intelligi,</span> <span class='ocrx_word' id='word_1_370' title='bbox 317 3077 376 3116; x_wconf 90' lang='lat' dir='ltr'>nou</span> <span class='ocrx_word' id='word_1_371' title='bbox 392 3065 438 3116; x_wconf 90' lang='lat' dir='ltr'>est</span> <span class='ocrx_word' id='word_1_372' title='bbox 452 3055 576 3116; x_wconf 90' lang='lat' dir='ltr'>dubium</span> <span class='ocrx_word' id='word_1_373' title='bbox 588 3056 669 3135; x_wconf 92' lang='lat' dir='ltr'>apud</span> <span class='ocrx_word' id='word_1_374' title='bbox 683 3056 770 3116; x_wconf 88' lang='lat' dir='ltr'>inter·</span> <span class='ocrx_word' id='word_1_375' title='bbox 818 3058 923 3137; x_wconf 90' lang='lat' dir='ltr'>possit.</span> <span class='ocrx_word' id='word_1_376' title='bbox 947 3054 1097 3136; x_wconf 79' lang='lat' dir='ltr'>Quocirca</span> <span class='ocrx_word' id='word_1_377' title='bbox 1116 3077 1175 3116; x_wconf 87' lang='lat' dir='ltr'>uon</span> <span class='ocrx_word' id='word_1_378' title='bbox 1191 3059 1236 3117; x_wconf 90' lang='lat' dir='ltr'>cis</span> <span class='ocrx_word' id='word_1_379' title='bbox 1252 3056 1443 3118; x_wconf 88' lang='lat' dir='ltr'>concedimus</span> <span class='ocrx_word' id='word_1_380' title='bbox 1459 3077 1518 3117; x_wconf 80' lang='lat' dir='ltr'>orn·</span> 
     </span>
     <span class='ocr_line' id='line_1_33' title="bbox 74 3141 1520 3223; baseline 0.001 -20"><span class='ocrx_word' id='word_1_381' title='bbox 74 3150 179 3223; x_wconf 73' lang='lat' dir='ltr'>pretea.</span> <span class='ocrx_word' id='word_1_382' title='bbox 209 3141 242 3202; x_wconf 92' lang='lat' dir='ltr'>Is</span> <span class='ocrx_word' id='word_1_383' title='bbox 257 3143 336 3202; x_wconf 89' lang='lat' dir='ltr'>enirn</span> <span class='ocrx_word' id='word_1_384' title='bbox 350 3162 413 3203; x_wconf 88' lang='lat' dir='ltr'>mos</span> <span class='ocrx_word' id='word_1_385' title='bbox 430 3152 495 3203; x_wconf 88' lang='lat' dir='ltr'>erat</span> <span class='ocrx_word' id='word_1_386' title='bbox 509 3141 654 3202; x_wconf 89' lang='lat' dir='ltr'>ecclesiae</span> <span class='ocrx_word' id='word_1_387' title='bbox 668 3144 769 3221; x_wconf 90' lang='lat' dir='ltr'>primi·</span> <span class='ocrx_word' id='word_1_388' title='bbox 818 3164 887 3205; x_wconf 88' lang='lat' dir='ltr'>uem</span> <span class='ocrx_word' id='word_1_389' title='bbox 902 3161 1032 3204; x_wconf 86' lang='lat' dir='ltr'>sororem</span> <span class='ocrx_word' id='word_1_390' title='bbox 1047 3143 1204 3204; x_wconf 89' lang='lat' dir='ltr'>mulierem</span> <span class='ocrx_word' id='word_1_391' title='bbox 1226 3163 1300 3204; x_wconf 88' lang='lat' dir='ltr'>esse.</span> <span class='ocrx_word' id='word_1_392' title='bbox 1339 3142 1400 3204; x_wconf 88' lang='lat' dir='ltr'>Sed</span> <span class='ocrx_word' id='word_1_393' title='bbox 1416 3152 1449 3203; x_wconf 93' lang='lat' dir='ltr'>ut</span> <span class='ocrx_word' id='word_1_394' title='bbox 1462 3144 1520 3204; x_wconf 89' lang='lat' dir='ltr'>hoc</span> 
     </span>
     <span class='ocr_line' id='line_1_34' title="bbox 74 3225 1520 3310; baseline 0.002 -22"><span class='ocrx_word' id='word_1_395' title='bbox 74 3228 162 3303; x_wconf 62' lang='lat' dir='ltr'>fisse,</span> <span class='ocrx_word' id='word_1_396' title='bbox 177 3227 371 3300; x_wconf 83' lang='lat' dir='ltr'>Christianos,</span> <span class='ocrx_word' id='word_1_397' title='bbox 389 3228 513 3303; x_wconf 75' lang='lat' dir='ltr'>iratres3</span> <span class='ocrx_word' id='word_1_398' title='bbox 534 3235 563 3288; x_wconf 88' lang='lat' dir='ltr'>et</span> <span class='ocrx_word' id='word_1_399' title='bbox 578 3225 771 3302; x_wconf 79' lang='lat' dir='ltr'>Christianos,</span> <span class='ocrx_word' id='word_1_400' title='bbox 820 3227 1042 3303; x_wconf 87' lang='lat' dir='ltr'>dissimuletur;</span> <span class='ocrx_word' id='word_1_401' title='bbox 1061 3228 1160 3289; x_wconf 85' lang='lat' dir='ltr'>facilis</span> <span class='ocrx_word' id='word_1_402' title='bbox 1176 3228 1276 3290; x_wconf 91' lang='lat' dir='ltr'>adhuc</span> <span class='ocrx_word' id='word_1_403' title='bbox 1291 3232 1447 3310; x_wconf 89' lang='lat' dir='ltr'>responsio</span> <span class='ocrx_word' id='word_1_404' title='bbox 1463 3238 1520 3303; x_wconf 86' lang='lat' dir='ltr'>est,</span> 
     </span>
     <span class='ocr_line' id='line_1_35' title="bbox 73 3314 1518 3396; baseline 0 -19"><span class='ocrx_word' id='word_1_405' title='bbox 73 3332 189 3377; x_wconf 73' lang='lat' dir='ltr'>sorem</span> <span class='ocrx_word' id='word_1_406' title='bbox 203 3314 369 3395; x_wconf 78' lang='lat' dir='ltr'>appellare.</span> <span class='ocrx_word' id='word_1_407' title='bbox 820 3315 963 3395; x_wconf 81' lang='lat' dir='ltr'>frequens</span> <span class='ocrx_word' id='word_1_408' title='bbox 978 3335 1061 3388; x_wconf 88' lang='lat' dir='ltr'>esse,</span> <span class='ocrx_word' id='word_1_409' title='bbox 1082 3323 1117 3375; x_wconf 91' lang='grc' dir='ltr'>ιιι</span> <span class='ocrx_word' id='word_1_410' title='bbox 1132 3315 1292 3376; x_wconf 87' lang='lat' dir='ltr'>verborum</span> <span class='ocrx_word' id='word_1_411' title='bbox 1314 3315 1420 3377; x_wconf 92' lang='lat' dir='ltr'>ordine</span> <span class='ocrx_word' id='word_1_412' title='bbox 1434 3337 1518 3396; x_wconf 86' lang='lat' dir='ltr'>prae·</span> 
     </span>
     <span class='ocr_line' id='line_1_36' title="bbox 112 3400 1518 3484; baseline 0.001 -21"><span class='ocrx_word' id='word_1_413' title='bbox 112 3400 264 3463; x_wconf 74' lang='lat' dir='ltr'>nunnius</span> <span class='ocrx_word' id='word_1_414' title='bbox 286 3402 317 3462; x_wconf 88' lang='lat' dir='ltr'>iu</span> <span class='ocrx_word' id='word_1_415' title='bbox 333 3402 442 3463; x_wconf 88' lang='lat' dir='ltr'>Annal.</span> <span class='ocrx_word' id='word_1_416' title='bbox 467 3400 504 3460; x_wconf 87' lang='lat' dir='ltr'>ad</span> <span class='ocrx_word' id='word_1_417' title='bbox 524 3421 635 3461; x_wconf 89' lang='lat' dir='ltr'>annum</span> <span class='ocrx_word' id='word_1_418' title='bbox 650 3402 772 3461; x_wconf 89' lang='lat' dir='ltr'>Domini</span> <span class='ocrx_word' id='word_1_419' title='bbox 821 3400 924 3474; x_wconf 89' lang='lat' dir='ltr'>cedat,</span> <span class='ocrx_word' id='word_1_420' title='bbox 939 3400 1021 3483; x_wconf 91' lang='lat' dir='ltr'>quod</span> <span class='ocrx_word' id='word_1_421' title='bbox 1033 3402 1255 3462; x_wconf 87' lang='lat' dir='ltr'>constructione</span> <span class='ocrx_word' id='word_1_422' title='bbox 1267 3410 1298 3462; x_wconf 93' lang='lat' dir='ltr'>et</span> <span class='ocrx_word' id='word_1_423' title='bbox 1313 3423 1404 3464; x_wconf 87' lang='lat' dir='ltr'>seusu</span> <span class='ocrx_word' id='word_1_424' title='bbox 1420 3405 1518 3484; x_wconf 88' lang='lat' dir='ltr'>sequi·</span> 
     </span>
     <span class='ocr_line' id='line_1_37' title="bbox 73 3486 1518 3570; baseline 0 -21"><span class='ocrx_word' id='word_1_425' title='bbox 73 3486 123 3557; x_wconf 69' lang='grc'>57.</span> <span class='ocrx_word' id='word_1_426' title='bbox 146 3495 237 3569; x_wconf 86' lang='lat' dir='ltr'>putat</span> <span class='ocrx_word' id='word_1_427' title='bbox 261 3486 341 3559; x_wconf 85' lang='lat' dir='ltr'>hunc</span> <span class='ocrx_word' id='word_1_428' title='bbox 367 3488 466 3547; x_wconf 89' lang='lat' dir='ltr'>locum</span> <span class='ocrx_word' id='word_1_429' title='bbox 492 3489 589 3568; x_wconf 85' lang='lat' dir='ltr'>accipi</span> <span class='ocrx_word' id='word_1_430' title='bbox 614 3507 706 3567; x_wconf 91' lang='lat' dir='ltr'>posse</span> <span class='ocrx_word' id='word_1_431' title='bbox 732 3486 770 3547; x_wconf 88' lang='lat' dir='ltr'>de</span> <span class='ocrx_word' id='word_1_432' title='bbox 819 3500 884 3549; x_wconf 89' lang='lat' dir='ltr'>tur:</span> <span class='ocrx_word' id='word_1_433' title='bbox 907 3489 1002 3568; x_wconf 90' lang='lat' dir='ltr'>idque</span> <span class='ocrx_word' id='word_1_434' title='bbox 1018 3487 1164 3549; x_wconf 89' lang='lat' dir='ltr'>interdum</span> <span class='ocrx_word' id='word_1_435' title='bbox 1189 3489 1279 3549; x_wconf 91' lang='lat' dir='ltr'>etiam</span> <span class='ocrx_word' id='word_1_436' title='bbox 1296 3489 1363 3550; x_wconf 81' lang='lat' dir='ltr'>lieri</span> <span class='ocrx_word' id='word_1_437' title='bbox 1380 3493 1410 3552; x_wconf 90' lang='lat' dir='ltr'>iu</span> <span class='ocrx_word' id='word_1_438' title='bbox 1426 3510 1518 3570; x_wconf 86' lang='lat' dir='ltr'>appo·</span> 
     </span>
     <span class='ocr_line' id='line_1_38' title="bbox 73 3573 1517 3657; baseline -0.003 -18"><span class='ocrx_word' id='word_1_439' title='bbox 73 3592 173 3639; x_wconf 68' lang='lat' dir='ltr'>more</span> <span class='ocrx_word' id='word_1_440' title='bbox 202 3573 295 3635; x_wconf 86' lang='lat' dir='ltr'>Pauli</span> <span class='ocrx_word' id='word_1_441' title='bbox 324 3574 487 3635; x_wconf 89' lang='lat' dir='ltr'>secundum</span> <span class='ocrx_word' id='word_1_442' title='bbox 517 3594 652 3648; x_wconf 87' lang='lat' dir='ltr'>carnem,</span> <span class='ocrx_word' id='word_1_443' title='bbox 683 3575 771 3654; x_wconf 87' lang='lat' dir='ltr'>cujus</span> <span class='ocrx_word' id='word_1_444' title='bbox 819 3577 910 3637; x_wconf 89' lang='lat' dir='ltr'>sitiva</span> <span class='ocrx_word' id='word_1_445' title='bbox 924 3575 1082 3636; x_wconf 91' lang='lat' dir='ltr'>locutione.</span> <span class='ocrx_word' id='word_1_446' title='bbox 1119 3573 1216 3655; x_wconf 79' lang='lat' dir='ltr'>Cujus</span> <span class='ocrx_word' id='word_1_447' title='bbox 1230 3577 1274 3636; x_wconf 93' lang='lat' dir='ltr'>rei</span> <span class='ocrx_word' id='word_1_448' title='bbox 1290 3576 1404 3657; x_wconf 91' lang='lat' dir='ltr'>duplex</span> <span class='ocrx_word' id='word_1_449' title='bbox 1419 3596 1517 3636; x_wconf 89' lang='lat' dir='ltr'>exem·</span> 
     </span>
     <span class='ocr_line' id='line_1_39' title="bbox 74 3659 1519 3744; baseline 0 -21"><span class='ocrx_word' id='word_1_450' title='bbox 74 3662 185 3723; x_wconf 73' lang='lat' dir='ltr'>mentio</span> <span class='ocrx_word' id='word_1_451' title='bbox 207 3659 242 3720; x_wconf 83' lang='lat' dir='ltr'>fit</span> <span class='ocrx_word' id='word_1_452' title='bbox 262 3664 364 3723; x_wconf 84' lang='lat' dir='ltr'>Actor.</span> <span class='ocrx_word' id='word_1_453' title='bbox 380 3663 430 3722; x_wconf 75' lang='lat'>23.</span> <span class='ocrx_word' id='word_1_454' title='bbox 470 3661 582 3721; x_wconf 89' lang='lat' dir='ltr'>Verum</span> <span class='ocrx_word' id='word_1_455' title='bbox 606 3669 708 3722; x_wconf 89' lang='lat' dir='ltr'>textus</span> <span class='ocrx_word' id='word_1_456' title='bbox 727 3681 770 3721; x_wconf 93' lang='lat' dir='ltr'>re·</span> <span class='ocrx_word' id='word_1_457' title='bbox 819 3662 902 3744; x_wconf 89' lang='lat' dir='ltr'>plum</span> <span class='ocrx_word' id='word_1_458' title='bbox 928 3673 974 3723; x_wconf 91' lang='lat' dir='ltr'>est</span> <span class='ocrx_word' id='word_1_459' title='bbox 999 3662 1076 3721; x_wconf 88' lang='lat' dir='ltr'>Dan.</span> <span class='ocrx_word' id='word_1_460' title='bbox 1106 3664 1133 3722; x_wconf 88' lang='lat'>8.</span> <span class='ocrx_word' id='word_1_461' title='bbox 1159 3663 1188 3722; x_wconf 93' lang='lat' dir='ltr'>in</span> <span class='ocrx_word' id='word_1_462' title='bbox 1214 3661 1260 3722; x_wconf 88' lang='lat' dir='ltr'>his</span> <span class='ocrx_word' id='word_1_463' title='bbox 1286 3664 1404 3724; x_wconf 86' lang='lat' dir='ltr'>verbis:</span> <span class='ocrx_word' id='word_1_464' title='bbox 1438 3663 1519 3724; x_wconf 82' lang='lat' dir='ltr'>Oum</span> 
     </span>
     <span class='ocr_line' id='line_1_40' title="bbox 74 3747 1519 3828; baseline 0.001 -21"><span class='ocrx_word' id='word_1_465' title='bbox 74 3754 201 3828; x_wconf 76' lang='lat' dir='ltr'>pugnat,</span> <span class='ocrx_word' id='word_1_466' title='bbox 227 3748 299 3827; x_wconf 86' lang='lat' dir='ltr'>quia</span> <span class='ocrx_word' id='word_1_467' title='bbox 328 3748 459 3828; x_wconf 88' lang='lat' dir='ltr'>loquitur</span> <span class='ocrx_word' id='word_1_468' title='bbox 486 3747 599 3827; x_wconf 91' lang='lat' dir='ltr'>plurali</span> <span class='ocrx_word' id='word_1_469' title='bbox 630 3768 770 3809; x_wconf 89' lang='lat' dir='ltr'>numero:</span> <span class='ocrx_word' id='word_1_470' title='bbox 820 3767 914 3809; x_wconf 69' lang='lat' dir='ltr'>asem</span> <span class='ocrx_word' id='word_1_471' title='bbox 943 3752 978 3810; x_wconf 79' lang='lat' dir='ltr'>in</span> <span class='ocrx_word' id='word_1_472' title='bbox 1007 3750 1113 3809; x_wconf 70' lang='grc' dir='ltr'>διιιαιι</span> <span class='ocrx_word' id='word_1_473' title='bbox 1142 3756 1263 3825; x_wconf 85' lang='lat' dir='ltr'>castro,</span> <span class='ocrx_word' id='word_1_474' title='bbox 1295 3750 1380 3826; x_wconf 80' lang='lat' dir='ltr'>quod</span> <span class='ocrx_word' id='word_1_475' title='bbox 1410 3757 1454 3809; x_wconf 85' lang='lat' dir='ltr'>cst</span> <span class='ocrx_word' id='word_1_476' title='bbox 1482 3753 1519 3809; x_wconf 79' lang='lat' dir='ltr'>in</span> 
     </span>
     <span class='ocr_line' id='line_1_41' title="bbox 74 3833 1519 3914; baseline 0 -19"><span class='ocrx_word' id='word_1_477' title='bbox 74 3833 238 3912; x_wconf 67' lang='lat' dir='ltr'>Numquid</span> <span class='ocrx_word' id='word_1_478' title='bbox 259 3853 328 3895; x_wconf 77' lang='lat' dir='ltr'>oon</span> <span class='ocrx_word' id='word_1_479' title='bbox 342 3835 490 3894; x_wconf 79' lang='lat' dir='ltr'>hahemus</span> <span class='ocrx_word' id='word_1_480' title='bbox 502 3841 689 3911; x_wconf 82' lang='lat' dir='ltr'>potestatem</span> <span class='ocrx_word' id='word_1_481' title='bbox 705 3844 772 3906; x_wconf 80' lang='lat' dir='ltr'>otc,</span> <span class='ocrx_word' id='word_1_482' title='bbox 821 3837 932 3897; x_wconf 81' lang='lat' dir='ltr'>Aetam</span> <span class='ocrx_word' id='word_1_483' title='bbox 948 3837 1091 3909; x_wconf 72' lang='lat' dir='ltr'>cepione.-</span> <span class='ocrx_word' id='word_1_484' title='bbox 1106 3855 1198 3914; x_wconf 89' lang='lat' dir='ltr'>quum</span> <span class='ocrx_word' id='word_1_485' title='bbox 1210 3844 1290 3896; x_wconf 92' lang='lat' dir='ltr'>recto</span> <span class='ocrx_word' id='word_1_486' title='bbox 1304 3836 1409 3898; x_wconf 92' lang='lat' dir='ltr'>ordine</span> <span class='ocrx_word' id='word_1_487' title='bbox 1420 3834 1519 3896; x_wconf 88' lang='lat' dir='ltr'>dicen·</span> 
     </span>
     <span class='ocr_line' id='line_1_42' title="bbox 76 3918 1519 4002; baseline 0 -21"><span class='ocrx_word' id='word_1_488' title='bbox 76 3930 105 3981; x_wconf 85' lang='lat' dir='ltr'>et</span> <span class='ocrx_word' id='word_1_489' title='bbox 132 3918 236 3993; x_wconf 85' lang='lat' dir='ltr'>addit,</span> <span class='ocrx_word' id='word_1_490' title='bbox 264 3925 343 3982; x_wconf 63' lang='lat' dir='ltr'>noret</span> <span class='ocrx_word' id='word_1_491' title='bbox 369 3925 483 3981; x_wconf 71' lang='lat' dir='ltr'>caeteri</span> <span class='ocrx_word' id='word_1_492' title='bbox 508 3924 662 3997; x_wconf 82' lang='lat' dir='ltr'>Apostoli.</span> <span class='ocrx_word' id='word_1_493' title='bbox 699 3922 771 3982; x_wconf 84' lang='lat' dir='ltr'>Jam</span> <span class='ocrx_word' id='word_1_494' title='bbox 820 3921 890 3983; x_wconf 91' lang='lat' dir='ltr'>dum</span> <span class='ocrx_word' id='word_1_495' title='bbox 906 3924 1026 3983; x_wconf 88' lang='lat' dir='ltr'>suisset:</span> <span class='ocrx_word' id='word_1_496' title='bbox 1041 3922 1079 3987; x_wconf 80' lang='grc' dir='ltr'>Ιι</span> <span class='ocrx_word' id='word_1_497' title='bbox 1095 3930 1191 3981; x_wconf 81' lang='lat' dir='ltr'>castro</span> <span class='ocrx_word' id='word_1_498' title='bbox 1207 3921 1315 3992; x_wconf 85' lang='lat' dir='ltr'>Susan,</span> <span class='ocrx_word' id='word_1_499' title='bbox 1331 3920 1413 4002; x_wconf 93' lang='lat' dir='ltr'>quod</span> <span class='ocrx_word' id='word_1_500' title='bbox 1428 3932 1473 3981; x_wconf 91' lang='lat' dir='ltr'>est</span> <span class='ocrx_word' id='word_1_501' title='bbox 1487 3923 1519 3981; x_wconf 93' lang='lat' dir='ltr'>in</span> 
     </span>
     <span class='ocr_line' id='line_1_43' title="bbox 74 4005 1519 4089; baseline 0.001 -22"><span class='ocrx_word' id='word_1_502' title='bbox 74 4006 154 4089; x_wconf 88' lang='lat' dir='ltr'>quod</span> <span class='ocrx_word' id='word_1_503' title='bbox 169 4005 245 4067; x_wconf 91' lang='lat' dir='ltr'>dicit</span> <span class='ocrx_word' id='word_1_504' title='bbox 259 4008 426 4069; x_wconf 81' lang='lat' dir='ltr'>mulierem</span> <span class='ocrx_word' id='word_1_505' title='bbox 441 4025 580 4068; x_wconf 81' lang='lat' dir='ltr'>sororem</span> <span class='ocrx_word' id='word_1_506' title='bbox 589 4052 599 4082; x_wconf 91' lang='lat'>,</span> <span class='ocrx_word' id='word_1_507' title='bbox 619 4009 668 4069; x_wconf 86' lang='lat' dir='ltr'>vel</span> <span class='ocrx_word' id='word_1_508' title='bbox 682 4027 771 4069; x_wconf 85' lang='lat' dir='ltr'>soro·</span> <span class='ocrx_word' id='word_1_509' title='bbox 819 4009 942 4087; x_wconf 86' lang='lat' dir='ltr'>regione</span> <span class='ocrx_word' id='word_1_510' title='bbox 957 4007 1073 4069; x_wconf 88' lang='lat' dir='ltr'>Aelam.</span> <span class='ocrx_word' id='word_1_511' title='bbox 1097 4008 1145 4068; x_wconf 91' lang='lat' dir='ltr'>Ita</span> <span class='ocrx_word' id='word_1_512' title='bbox 1162 4015 1177 4068; x_wconf 97' lang='lat'>1</span> <span class='ocrx_word' id='word_1_513' title='bbox 1190 4008 1328 4069; x_wconf 88' lang='lat' dir='ltr'>Machab.</span> <span class='ocrx_word' id='word_1_514' title='bbox 1346 4014 1373 4072; x_wconf 85' lang='lat'>3.</span> <span class='ocrx_word' id='word_1_515' title='bbox 1398 4010 1519 4069; x_wconf 82' lang='lat' dir='ltr'>Trans·</span> 
     </span>
     <span class='ocr_line' id='line_1_44' title="bbox 73 4094 1520 4174; baseline 0.002 -22"><span class='ocrx_word' id='word_1_516' title='bbox 73 4112 139 4155; x_wconf 83' lang='lat' dir='ltr'>rssrs</span> <span class='ocrx_word' id='word_1_517' title='bbox 153 4094 338 4169; x_wconf 80' lang='lat' dir='ltr'>mulierem,</span> <span class='ocrx_word' id='word_1_518' title='bbox 362 4095 459 4155; x_wconf 90' lang='lat' dir='ltr'>simile</span> <span class='ocrx_word' id='word_1_519' title='bbox 475 4105 523 4154; x_wconf 85' lang='lat' dir='ltr'>est</span> <span class='ocrx_word' id='word_1_520' title='bbox 538 4114 604 4154; x_wconf 88' lang='lat' dir='ltr'>curn</span> <span class='ocrx_word' id='word_1_521' title='bbox 621 4114 672 4167; x_wconf 91' lang='lat' dir='ltr'>ee,</span> <span class='ocrx_word' id='word_1_522' title='bbox 689 4095 771 4174; x_wconf 91' lang='lat' dir='ltr'>quod</span> <span class='ocrx_word' id='word_1_523' title='bbox 817 4097 953 4172; x_wconf 74' lang='lat' dir='ltr'>frctovit</span> <span class='ocrx_word' id='word_1_524' title='bbox 967 4097 1166 4172; x_wconf 79' lang='lat' dir='ltr'>Euphratem</span> <span class='ocrx_word' id='word_1_525' title='bbox 1187 4095 1332 4172; x_wconf 62' lang='lat' dir='ltr'>dorcium.</span> <span class='ocrx_word' id='word_1_526' title='bbox 1370 4096 1412 4155; x_wconf 83' lang='lat' dir='ltr'>Et</span> <span class='ocrx_word' id='word_1_527' title='bbox 1434 4105 1467 4156; x_wconf 92' lang='lat' dir='ltr'>ut</span> <span class='ocrx_word' id='word_1_528' title='bbox 1481 4095 1520 4155; x_wconf 93' lang='lat' dir='ltr'>de</span> 
     </span>
     <span class='ocr_line' id='line_1_45' title="bbox 73 4180 1518 4262; baseline 0.001 -21"><span class='ocrx_word' id='word_1_529' title='bbox 73 4180 181 4243; x_wconf 63' lang='lat' dir='ltr'>Pehus</span> <span class='ocrx_word' id='word_1_530' title='bbox 197 4189 230 4241; x_wconf 92' lang='lat' dir='ltr'>et</span> <span class='ocrx_word' id='word_1_531' title='bbox 244 4181 267 4243; x_wconf 88' lang='lat' dir='ltr'><strong>J</strong></span> <span class='ocrx_word' id='word_1_532' title='bbox 268 4181 381 4243; x_wconf 88' lang='lat' dir='ltr'>acobus</span> <span class='ocrx_word' id='word_1_533' title='bbox 393 4189 422 4241; x_wconf 93' lang='lat' dir='ltr'>et</span> <span class='ocrx_word' id='word_1_534' title='bbox 434 4181 547 4241; x_wconf 90' lang='lat' dir='ltr'>Paulus</span> <span class='ocrx_word' id='word_1_535' title='bbox 562 4182 626 4259; x_wconf 91' lang='lat' dir='ltr'>ipse</span> <span class='ocrx_word' id='word_1_536' title='bbox 641 4182 670 4241; x_wconf 89' lang='lat' dir='ltr'>iu</span> <span class='ocrx_word' id='word_1_537' title='bbox 687 4182 772 4240; x_wconf 89' lang='lat' dir='ltr'>Actis</span> <span class='ocrx_word' id='word_1_538' title='bbox 821 4203 899 4243; x_wconf 88' lang='lat' dir='ltr'>novo</span> <span class='ocrx_word' id='word_1_539' title='bbox 912 4190 1089 4243; x_wconf 83' lang='lat' dir='ltr'>testamento</span> <span class='ocrx_word' id='word_1_540' title='bbox 1101 4180 1251 4260; x_wconf 86' lang='lat' dir='ltr'>proferam</span> <span class='ocrx_word' id='word_1_541' title='bbox 1261 4182 1413 4262; x_wconf 90' lang='lat' dir='ltr'>exempla:</span> <span class='ocrx_word' id='word_1_542' title='bbox 1429 4183 1518 4242; x_wconf 82' lang='lat' dir='ltr'>Marc</span> 
     </span>
     <span class='ocr_line' id='line_1_46' title="bbox 75 4266 1519 4349; baseline 0.001 -21"><span class='ocrx_word' id='word_1_543' title='bbox 75 4266 248 4349; x_wconf 79' lang='lat' dir='ltr'>apostolicis</span> <span class='ocrx_word' id='word_1_544' title='bbox 277 4267 415 4329; x_wconf 88' lang='lat' dir='ltr'>Judaeos</span> <span class='ocrx_word' id='word_1_545' title='bbox 445 4266 633 4347; x_wconf 89' lang='lat' dir='ltr'>alloquentes</span> <span class='ocrx_word' id='word_1_546' title='bbox 659 4267 789 4328; x_wconf 87' lang='lat' dir='ltr'>dixisse·</span> <span class='ocrx_word' id='word_1_547' title='bbox 822 4274 849 4329; x_wconf 89' lang='lat'>1.</span> <span class='ocrx_word' id='word_1_548' title='bbox 866 4268 989 4329; x_wconf 87' lang='lat' dir='ltr'>dicitur:</span> <span class='ocrx_word' id='word_1_549' title='bbox 1012 4271 1056 4330; x_wconf 82' lang='lat' dir='ltr'>Et</span> <span class='ocrx_word' id='word_1_550' title='bbox 1081 4268 1329 4345; x_wconf 77' lang='lat' dir='ltr'>baptizabantur</span> <span class='ocrx_word' id='word_1_551' title='bbox 1352 4269 1391 4329; x_wconf 84' lang='lat' dir='ltr'>ab</span> <span class='ocrx_word' id='word_1_552' title='bbox 1410 4270 1467 4330; x_wconf 84' lang='lat' dir='ltr'>illo</span> <span class='ocrx_word' id='word_1_553' title='bbox 1482 4272 1519 4330; x_wconf 79' lang='lat' dir='ltr'>in</span> 
     </span>
     <span class='ocr_line' id='line_1_47' title="bbox 73 4352 1519 4435; baseline 0.001 -21"><span class='ocrx_word' id='word_1_554' title='bbox 73 4352 233 4435; x_wconf 80' lang='lat' dir='ltr'>bguntur:</span> <span class='ocrx_word' id='word_1_555' title='bbox 262 4357 331 4415; x_wconf 79' lang='lat' dir='ltr'>Vtri</span> <span class='ocrx_word' id='word_1_556' title='bbox 350 4357 486 4433; x_wconf 75' lang='lat' dir='ltr'>fratres,</span> <span class='ocrx_word' id='word_1_557' title='bbox 511 4356 615 4434; x_wconf 89' lang='lat' dir='ltr'>utique</span> <span class='ocrx_word' id='word_1_558' title='bbox 638 4353 772 4415; x_wconf 86' lang='lat' dir='ltr'>Judaeo·</span> <span class='ocrx_word' id='word_1_559' title='bbox 820 4356 1121 4433; x_wconf 76' lang='lat' dir='ltr'>Jordcneflumine.</span> <span class='ocrx_word' id='word_1_560' title='bbox 1144 4354 1197 4415; x_wconf 91' lang='lat' dir='ltr'>Sic</span> <span class='ocrx_word' id='word_1_561' title='bbox 1213 4355 1519 4416; x_wconf 86' lang='lat' dir='ltr'>euimhabentGrae-</span> 
     </span>
     <span class='ocr_line' id='line_1_48' title="bbox 75 4438 1518 4520; baseline 0 -18"><span class='ocrx_word' id='word_1_562' title='bbox 75 4460 141 4503; x_wconf 89' lang='lat' dir='ltr'>rum</span> <span class='ocrx_word' id='word_1_563' title='bbox 151 4460 243 4501; x_wconf 88' lang='lat' dir='ltr'>more.</span> <span class='ocrx_word' id='word_1_564' title='bbox 258 4438 387 4502; x_wconf 81' lang='lat' dir='ltr'>Constat</span> <span class='ocrx_word' id='word_1_565' title='bbox 398 4450 497 4503; x_wconf 88' lang='lat' dir='ltr'>autem</span> <span class='ocrx_word' id='word_1_566' title='bbox 509 4441 657 4502; x_wconf 85' lang='lat' dir='ltr'>Graecam</span> <span class='ocrx_word' id='word_1_567' title='bbox 669 4460 774 4500; x_wconf 88' lang='lat' dir='ltr'>vocem</span> <span class='ocrx_word' id='word_1_568' title='bbox 820 4461 871 4501; x_wconf 87' lang='lat' dir='ltr'>ca:</span> <span class='ocrx_word' id='word_1_569' title='bbox 885 4464 947 4502; x_wconf 88' lang='lat' dir='ltr'>non</span> <span class='ocrx_word' id='word_1_570' title='bbox 961 4445 997 4503; x_wconf 79' lang='lat' dir='ltr'>tn</span> <span class='ocrx_word' id='word_1_571' title='bbox 1015 4443 1175 4506; x_wconf 81' lang='lat' dir='ltr'>Jordonis</span> <span class='ocrx_word' id='word_1_572' title='bbox 1196 4443 1337 4520; x_wconf 64' lang='lat' dir='ltr'>flumine.</span> <span class='ocrx_word' id='word_1_573' title='bbox 1367 4445 1408 4504; x_wconf 81' lang='lat' dir='ltr'>Et</span> <span class='ocrx_word' id='word_1_574' title='bbox 1422 4442 1518 4504; x_wconf 89' lang='lat' dir='ltr'>Hehr.</span> 
     </span>
     <span class='ocr_line' id='line_1_49' title="bbox 74 4525 1519 4606; baseline 0.001 -19"><span class='ocrx_word' id='word_1_575' title='bbox 74 4529 209 4605; x_wconf 68' lang='grc' dir='ltr'>γυναῖκα</span> <span class='ocrx_word' id='word_1_576' title='bbox 220 4547 403 4589; x_wconf 87' lang='lat' dir='ltr'>communem</span> <span class='ocrx_word' id='word_1_577' title='bbox 415 4548 481 4590; x_wconf 89' lang='lat' dir='ltr'>esse</span> <span class='ocrx_word' id='word_1_578' title='bbox 492 4528 532 4589; x_wconf 93' lang='lat' dir='ltr'>ad</span> <span class='ocrx_word' id='word_1_579' title='bbox 543 4525 773 4606; x_wconf 89' lang='lat' dir='ltr'>significandum</span> <span class='ocrx_word' id='word_1_580' title='bbox 823 4533 871 4590; x_wconf 76' lang='lat'>12.</span> <span class='ocrx_word' id='word_1_581' title='bbox 901 4529 964 4591; x_wconf 81' lang='lat' dir='ltr'>Sed</span> <span class='ocrx_word' id='word_1_582' title='bbox 993 4532 1162 4590; x_wconf 60' lang='lat' dir='ltr'>decernetis</span> <span class='ocrx_word' id='word_1_583' title='bbox 1191 4529 1234 4590; x_wconf 79' lang='lat' dir='ltr'>acl</span> <span class='ocrx_word' id='word_1_584' title='bbox 1264 4530 1342 4590; x_wconf 78' lang='lat' dir='ltr'>Sion</span> <span class='ocrx_word' id='word_1_585' title='bbox 1371 4538 1519 4591; x_wconf 74' lang='lat' dir='ltr'>montem.</span> 
     </span>
     <span class='ocr_line' id='line_1_50' title="bbox 73 4614 1520 4696; baseline 0.001 -21"><span class='ocrx_word' id='word_1_586' title='bbox 73 4614 232 4677; x_wconf 72' lang='lat' dir='ltr'>mulierem</span> <span class='ocrx_word' id='word_1_587' title='bbox 246 4621 280 4675; x_wconf 90' lang='lat' dir='ltr'>et</span> <span class='ocrx_word' id='word_1_588' title='bbox 293 4634 426 4675; x_wconf 89' lang='lat' dir='ltr'>uxorem.</span> <span class='ocrx_word' id='word_1_589' title='bbox 823 4614 892 4695; x_wconf 81' lang='lat' dir='ltr'>Quo</span> <span class='ocrx_word' id='word_1_590' title='bbox 907 4616 974 4675; x_wconf 92' lang='lat' dir='ltr'>loco</span> <span class='ocrx_word' id='word_1_591' title='bbox 991 4635 1083 4696; x_wconf 91' lang='lat' dir='ltr'>quum</span> <span class='ocrx_word' id='word_1_592' title='bbox 1099 4616 1242 4676; x_wconf 81' lang='lat' dir='ltr'>Erasmus</span> <span class='ocrx_word' id='word_1_593' title='bbox 1261 4627 1290 4675; x_wconf 91' lang='lat' dir='ltr'>ct</span> <span class='ocrx_word' id='word_1_594' title='bbox 1305 4616 1357 4677; x_wconf 90' lang='lat' dir='ltr'>alii</span> <span class='ocrx_word' id='word_1_595' title='bbox 1373 4619 1520 4678; x_wconf 85' lang='lat' dir='ltr'>verterint</span> 
     </span>
     <span class='ocr_line' id='line_1_51' title="bbox 116 4700 1519 4785; baseline 0.001 -21"><span class='ocrx_word' id='word_1_596' title='bbox 116 4701 209 4765; x_wconf 85' lang='lat' dir='ltr'>Unde</span> <span class='ocrx_word' id='word_1_597' title='bbox 233 4702 370 4763; x_wconf 87' lang='lat' dir='ltr'>nonnulli</span> <span class='ocrx_word' id='word_1_598' title='bbox 394 4722 434 4764; x_wconf 89' lang='lat' dir='ltr'>ex</span> <span class='ocrx_word' id='word_1_599' title='bbox 460 4700 517 4762; x_wconf 92' lang='lat' dir='ltr'>hoc</span> <span class='ocrx_word' id='word_1_600' title='bbox 542 4701 608 4763; x_wconf 89' lang='lat' dir='ltr'>loco</span> <span class='ocrx_word' id='word_1_601' title='bbox 631 4702 775 4783; x_wconf 87' lang='lat' dir='ltr'>suspicati</span> <span class='ocrx_word' id='word_1_602' title='bbox 822 4702 1125 4780; x_wconf 64' lang='lat' dir='ltr'>admontensium</span> <span class='ocrx_word' id='word_1_603' title='bbox 1141 4703 1282 4784; x_wconf 91' lang='lat' dir='ltr'>quidest,</span> <span class='ocrx_word' id='word_1_604' title='bbox 1297 4702 1519 4785; x_wconf 90' lang='lat' dir='ltr'>curhicdispli-</span> 
     </span>
     <span class='ocr_line' id='line_1_52' title="bbox 126 4800 1313 4869; baseline 0.002 -28"><span class='ocrx_word' id='word_1_605' title='bbox 126 4800 196 4842; x_wconf 77' lang='lat' dir='ltr'>nll.</span> <span class='ocrx_word' id='word_1_606' title='bbox 209 4801 281 4843; x_wconf 70' lang='lat' dir='ltr'>sarrs</span> <span class='ocrx_word' id='word_1_607' title='bbox 293 4803 368 4843; x_wconf 74' lang='lat' dir='ltr'>orn.</span> <span class='ocrx_word' id='word_1_608' title='bbox 387 4802 443 4842; x_wconf 78' lang='grc' dir='ltr'>τοι.</span> <span class='ocrx_word' id='word_1_609' title='bbox 456 4802 473 4842; x_wconf 86' lang='lat'>1.</span> <span class='ocrx_word' id='word_1_610' title='bbox 1273 4812 1313 4869; x_wconf 72' lang='lat'>34</span> 
     </span>
    </p>
   </div>
   <div class='ocr_carea' id='block_1_3' title="bbox 0 0 1638 5190">
    <p class='ocr_par' dir='ltr' id='par_1_3' title="bbox 0 0 1638 5190">
     <span class='ocr_line' id='line_1_53' title="bbox 0 0 1638 5190; baseline 0 0"><span class='ocrx_word' id='word_1_611' title='bbox 0 0 1638 5190; x_wconf 95' lang='lat' dir='ltr'> </span> 
     </span>
    </p>
   </div>
  </div>
 </body>
</html>
