3254 5190
466 259 630 316 semotas
647 261 688 317 ab
706 260 858 316 notatos
874 259 958 315 stus.
976 260 1087 314 20—22.
1425 265 1495 349 m

31 422 145 501 'udis
171 436 352 519 praebeatis
377 437 512 500 membra
537 447 640 506 vostra
663 455 753 498 serva
803 439 895 498 totius
926 434 1072 510 hominis,
1101 442 1199 496 tamen
1224 435 1341 498 initium
1365 434 1457 496 habet
1482 454 1501 494 a

52 526 183 606 musa
206 523 248 586 sd
271 523 539 586 mctificationem
560 533 700 597 vestram,
722 520 754 583 id
803 532 899 585 morte
916 521 1073 603 corporali,
1096 541 1223 603 samque
1238 523 1455 606 complectitur.

56 621 100 687 aa
123 622 158 673 ut
181 613 284 672 vitam
305 613 406 692 agatis
431 620 564 672 muctam
587 620 620 671 et
639 630 753 693 puram,
847 613 897 670 22.
921 611 1015 670 Nunc
1031 628 1108 670 vero
1124 609 1252 669 liberati
1267 630 1287 671 o
1301 618 1439 687 peccato.
1462 606 1499 667 Id

56 700 227 760 nominatim
242 696 283 759 sb
298 699 336 758 iis
350 700 489 780 peccatis,
511 717 590 779 quae
605 697 644 757 ad
659 713 754 777 genus
804 706 856 769 est,
878 716 897 756 a
912 695 1043 756 dominio
1059 698 1183 776 peccati,
1207 699 1254 758 cui
1269 697 1457 757 serviebatis.

55 783 259 846 inmunditiae
280 794 423 864 spectant.
446 785 529 846 Huic
551 786 631 844 enim
649 801 753 865 pecca·
847 784 938 845 Serui
953 791 1059 843 oratam
1072 784 1156 859 facti
1171 784 1248 845 Deo.
1271 783 1306 844 Id
1323 793 1376 856 est,
1392 782 1500 843 manci·

55 883 146 931 torum
168 872 280 951 genmi
302 873 494 934 sanctitatem
517 872 682 953 praecipue
703 888 755 948 op·
804 872 870 950 pati
883 871 959 943 Deo,
975 889 1082 950 nempe
1096 888 1150 949 per
1164 870 1229 943 boe,
1246 870 1327 951 quod
1341 868 1502 930 addixistis

54 967 163 1040 penum
186 957 389 1039 Apostoliese
406 958 526 1033 literae,
547 965 582 1019 ut
604 963 621 1018 l
646 957 753 1018 Thess.
804 976 859 1016 vos
886 956 1025 1036 operibus
1042 957 1191 1036 justitiae,
1214 977 1291 1038 quae
1307 957 1392 1017 Deus
1415 976 1501 1038 prae·

56 1048 125 1106 Lat
138 1043 230 1105 nm
805 1045 889 1122 cipit
913 1041 997 1122 Quos
1011 1047 1096 1123 prins
1112 1041 1192 1102 dixit
1211 1063 1314 1104 servos
1329 1044 1425 1103 iactos
1436 1044 1501 1123 jus·

88 1131 142 1191 10.
168 1132 255 1194 Cum
286 1134 371 1191 mim
392 1133 476 1192 servi
502 1133 603 1191 essetis
622 1131 754 1208 peccati,
804 1131 898 1201 titiae,
920 1150 1009 1202 nunc,
1025 1149 1086 1209 quo
1102 1132 1280 1190 servitutem
1295 1130 1376 1190 illam
1391 1131 1501 1211 impen-

55 1218 139 1279 uteri
160 1219 277 1295 suis&
294 1222 449 1295 justitior.
472 1219 607 1292 Erratis,
629 1219 755 1295 fuistis3
805 1218 867 1275 aius
883 1216 1079 1290 commendet,
1101 1216 1169 1276 Deo
1193 1237 1298 1278 servos
1322 1237 1390 1278 esse
1405 1217 1502 1277 tactos

56 1316 216 1385 utrumqne
228 1303 347 1366 Graece
360 1293 425 1383 ἤτε,
442 1308 549 1365 es'utia.
564 1304 606 1365 Et
612 1306 755 1378 justitiae
806 1302 939 1362 affirmat.

56 1387 471 1471 rmsusdativicaansestrpi
483 1385 666 1471 δικαιοσύνῃ.
683 1390 755 1450 Son·
848 1391 979 1450 Habetis
1001 1391 1144 1466 fructum
1166 1397 1304 1450 oestrum
1326 1393 1363 1449 ia
1384 1392 1502 1450 soncti-

58 1498 116 1540 sns:
140 1477 280 1559 Quando
301 1480 393 1540 aratia
418 1479 500 1541 servi
522 1479 647 1558 pcccati,
669 1478 757 1537 libari
805 1475 994 1552 ficationem.
1017 1477 1087 1536 Hoc
1102 1485 1156 1550 est,
1178 1478 1274 1556 ipsam
1290 1476 1503 1538 sanctificatio·

59 1567 142 1627 cratis
156 1585 178 1625 a
188 1565 346 1645 praeclara
361 1567 490 1627 etunice
507 1562 681 1645 exoptanda
696 1583 755 1623 ser·
806 1583 875 1622 uem
890 1567 956 1623 sive
972 1565 1206 1636 sanctimoniam,
1228 1565 1371 1643 vitaeque
1387 1563 1503 1623 mundi·

59 1654 149 1714 vitute
160 1653 317 1732 jutitiam
339 1652 433 1725 liberi,
455 1654 586 1732 inquam,
610 1653 640 1713 in
662 1670 754 1731 quan·
806 1651 885 1723 tiam,
908 1651 992 1711 velut
1013 1650 1143 1710 fructum
1159 1669 1197 1710 ex
1219 1650 1273 1710 illa
1295 1654 1442 1711 servitute
1457 1670 1503 1710 oa·

59 1749 113 1802 tum
127 1759 192 1801 non
207 1740 388 1800 serviebatis
401 1740 548 1819 justitiae
805 1738 885 1817 pitis.
907 1738 941 1798 Si
952 1738 1065 1807 fructus
1077 1748 1125 1797 est
1137 1740 1291 1811 sanctitas,
1305 1739 1412 1819 utique
1424 1757 1504 1810 vers,

94 1825 234 1906 Quidam
257 1828 316 1888 sic:
340 1827 447 1888 Liberi
471 1829 579 1905 [raiatia
598 1826 754 1899 justitiae,
806 1826 878 1884 licet
903 1825 1095 1905 imperfecta;
1124 1845 1186 1884 nou
1211 1826 1303 1904 igitur
1328 1826 1504 1908 imputative

60 1914 153 1989 idest,
176 1913 350 1976 credebatis
364 1933 421 1974 vos
442 1934 501 1975 uon
524 1932 591 1974 esse
607 1911 756 1990 obligatos
807 1911 903 1973 solum
919 1922 950 1973 et
971 1913 1067 1972 sancti
1082 1921 1112 1971 et
1130 1914 1207 1991 justi
1223 1932 1333 1975 sumus.
1358 1914 1505 1993 Loquitur

57 2004 209 2083 justitiae3
240 2000 408 2061 secundnm
431 2000 522 2073 illud,
545 1999 628 2081 quod
650 1998 758 2060 dicitur
807 2002 886 2060 enim
902 1999 1063 2073 defructu,
1087 2020 1176 2079 quem
1192 2003 1222 2060 in
1245 2001 1303 2062 hac
1323 2003 1388 2061 vita
1410 2001 1503 2081 perci·

59 2091 163 2172 inpiae
175 2089 295 2151 civitati
305 2088 418 2149 Jerem.
433 2092 479 2148 2:
501 2092 530 2148 A
541 2086 668 2148 soeculo
679 2105 757 2148 coa·
807 2088 924 2167 pimus,
946 2106 1015 2147 nam
1032 2086 1070 2146 de
1083 2086 1186 2146 lutura
1201 2090 1349 2169 sequitur:

59 2179 181 2256 {rapisti
190 2179 309 2253 jupam
323 2193 430 2236 meum
436 2197 449 2253 ,·
472 2175 591 2251 dixisti,
607 2192 675 2234 rsors
690 2193 757 2234 ser·
852 2176 966 2235 Finem
978 2192 1053 2234 vero
1066 2176 1167 2233 vitam
1179 2181 1352 2235 aeternam.
1367 2173 1416 2234 Ad
1428 2174 1504 2234 banc

61 2268 159 2340 cmm,
184 2261 218 2323 id
241 2271 302 2336 est,
323 2261 419 2322 libera
440 2280 513 2322 snm.
544 2261 657 2321 Verum
677 2263 759 2340 prior
808 2263 887 2322 enim
910 2260 1048 2341 perducit
1069 2259 1191 2321 tandem
1210 2261 1347 2339 justitiae
1365 2262 1504 2334 servitus,

61 2351 205 2432 expositio
220 2349 316 2410 menti
329 2347 479 2409 Paulinae
500 2349 596 2428 magis
612 2348 757 2426 congruit
809 2357 836 2408 et
851 2348 892 2409 ad
907 2367 973 2408 eam
990 2356 1023 2406 ut
1039 2366 1161 2407 causam
1176 2348 1297 2412 finalem
1312 2348 1475 2408 ordinatur.

61 2437 152 2501 tatic
179 2437 262 2498 enim
283 2433 394 2496 liberos
415 2434 508 2495 fuisse
527 2436 676 2513 justitiae,
698 2454 759 2493 non
851 2433 941 2494 Circa
963 2442 1057 2493 totum
1078 2432 1159 2495 bunc
1178 2435 1286 2508 locum,
1310 2435 1341 2495 iu
1364 2447 1505 2515 quotam

61 2525 209 2607 spinione,
233 2519 288 2583 sad
302 2521 391 2596 facto,
417 2525 537 2581 tametsi
552 2542 612 2582 non
623 2521 700 2599 jure.
807 2522 933 2603 peccati,
950 2539 1038 2600 quam
1051 2522 1188 2598 justitiae
1199 2524 1328 2583 servitus
1342 2519 1505 2582 identidem

97 2614 149 2673 21.
163 2612 267 2689 (auem
280 2626 355 2685 erpo
365 2611 510 2686 fraretum
521 2608 673 2669 habaistis
684 2615 760 2668 tunc
806 2610 985 2681 nominatur,
1008 2608 1161 2668 sciendum
1177 2628 1214 2668 ex
1231 2630 1275 2681 so,
1298 2608 1380 2689 quod
1400 2627 1504 2688 pecca·

63 2702 93 2761 ia
105 2698 185 2770 illis,
209 2700 247 2756 s'rs
262 2696 376 2773 quibus
390 2715 477 2756 auae
494 2695 694 2757 erubescitis?
716 2696 757 2754 In
807 2703 854 2756 tor
869 2694 976 2755 dicitnr
992 2714 1099 2756 servus
1114 2698 1241 2775 peccati,
1264 2698 1343 2755 sicut
1358 2705 1389 2755 et
1402 2695 1506 2755 Domi·

63 2787 128 2859 iltis,
153 2783 276 2847 Graece
286 2803 346 2845 non
358 2790 412 2856 est,
434 2782 488 2857 sed
503 2803 559 2843 nec
574 2783 606 2842 in
621 2780 758 2841 omnibus
807 2804 864 2843 nus
891 2782 932 2842 ait
954 2781 1044 2841 Joan.
1068 2782 1112 2841 8.:
1137 2785 1198 2860 Qui
1223 2785 1305 2859 fucit
1328 2789 1504 2859 peccatum,

63 2870 183 2933 Latinis
208 2868 401 2951 Quamquam
422 2868 542 2930 Graeca
565 2870 690 2947 exigunt
705 2868 757 2928 hu·
807 2888 916 2930 aervus
938 2875 982 2928 eat
1000 2870 1134 2945 peccati,
1158 2878 1187 2930 et
1202 2870 1309 2930 Petrus
1329 2869 1368 2928 de
1384 2869 1504 2949 quibus·

61 2955 190 3037 jusnmdi
216 2955 470 3037 supplementum,
499 2960 535 3017 in
557 2955 621 3016 illis
643 2963 696 3014 aut
721 2973 759 3016 ea
807 2955 875 3016 dam
892 2959 910 3016 2
926 2954 1073 3034 epistolae
1089 2959 1132 3016 2:
1156 2957 1236 3019 Cum
1258 2960 1320 3033 ipsi
1341 2959 1405 3015 aiut
1422 2958 1505 3015 servi

63 3044 129 3105 illis.
152 3042 408 3105 Exhortationem
426 3043 583 3104 confirmat
595 3041 759 3121 Apostolus
808 3045 1033 3118 corruptionis,
1057 3040 1088 3101 id
1104 3051 1157 3112 est,
1172 3045 1297 3123 peccati,
1314 3061 1504 3123 nequaquam

63 3130 96 3191 sb
115 3130 231 3193 affeetu
252 3138 286 3189 et
307 3131 392 3191 exitu
417 3132 573 3212 utriusque
599 3130 758 3188 servitutis.
807 3148 991 3210 consequeus
1014 3146 1092 3200 esse,
1115 3129 1198 3208 quod
1223 3130 1364 3191 haeretici
1390 3129 1505 3199 volunt,

64 3219 103 3279 be
115 3219 252 3299 primum
267 3216 407 3289 ostendit,
428 3216 545 3277 nullum
562 3233 666 3275 verum
681 3216 757 3275 iinc-
806 3216 958 3278 bominem
980 3225 1171 3294 peccatorem
1191 3218 1358 3277 necessario
1378 3233 1504 3295 peccare

64 3312 118 3365 tam
131 3323 174 3366 ax
188 3303 328 3384 peccatis
340 3303 467 3382 percipi,
482 3304 554 3382 quia
564 3302 679 3361 fructus
690 3321 759 3383 pro·
809 3313 840 3363 et
855 3322 914 3362 non
929 3301 1041 3375 libere3
1065 3302 1318 3381 quemadmodum
1335 3322 1391 3362 nec
1406 3321 1444 3363 ex
1459 3321 1505 3375 eo,

64 3392 123 3470 pria
137 3391 171 3451 in
184 3391 268 3451 bono
279 3389 464 3469 intelligitur.
487 3388 565 3451 Cum
576 3397 675 3448 autem
688 3388 761 3449 dicit
808 3387 890 3469 quod
902 3389 1004 3466 justus
1020 3397 1147 3449 vocatur
1167 3409 1274 3451 servus
1292 3389 1436 3468 justitiae,
1460 3406 1505 3448 ss·

66 3476 238 3555 bonitus,
261 3476 368 3548 idest,
391 3475 552 3557 dequibus
573 3493 662 3536 auno
685 3494 759 3535 eru·
808 3477 909 3557 quitur
930 3474 1078 3536 bominem
1098 3476 1212 3554 justum
1233 3477 1405 3537 necessario
1427 3477 1505 3535 bene

66 3562 190 3638 taetre,
215 3564 359 3636 insinuat,
381 3563 519 3623 effectum
533 3561 690 3644 quendam,
706 3563 761 3642 qni
808 3563 936 3642 operari,
959 3562 1045 3643 quasi
1068 3582 1177 3623 nomen
1198 3564 1277 3624 servi
1296 3565 1505 3624 necessitatem

66 3649 225 3731 ‘mproprie
240 3649 355 3709 fructus
369 3648 430 3709 dici
446 3658 548 3730 queat,
576 3669 614 3709 ex
629 3650 760 3728 peccatis
810 3651 950 3728 importet
965 3649 1145 3723 actionibus,
1168 3670 1246 3729 quas
1269 3650 1381 3729 aliquis
1396 3659 1431 3710 ut
1445 3668 1504 3709 scr-

67 3739 226 3817 cunsequi,
247 3735 302 3796 ssd
323 3735 434 3796 malum
456 3743 488 3795 et
509 3735 696 3814 fugiendum,
718 3737 760 3795 ni·
808 3754 866 3796 vus
881 3735 960 3795 iacit
985 3734 1076 3814 Quod
1092 3735 1202 3796 falsum
1219 3757 1284 3797 esse
1300 3746 1425 3797 constat.

66 3825 167 3885 uirum
191 3819 340 3903 pudorem
364 3831 394 3881 et
416 3821 670 3896 erubescentiam,
700 3840 761 3900 qua
852 3820 945 3894 Nam,
969 3823 1034 3882 sive
1056 3823 1086 3881 in
1108 3822 1364 3904 bonampartem,
1388 3823 1506 3884 sivein

66 3920 147 3988 purte
170 3910 259 3970 simul
282 3909 388 3981 innuit,
410 3928 445 3969 ae
467 3908 548 3987 loqui
574 3908 759 3987 potissimum
808 3909 929 3982 malum,
953 3910 1106 3970 servitutis
1130 3930 1238 3969 nomeu
1254 3910 1312 3969 boc
1327 3911 1506 3970 translatum

67 3992 99 4055 dc
123 3997 260 4077 peccatis
286 3994 500 4055 immunditiae.
535 3995 584 4054 De
609 3995 655 4055 his
681 3995 759 4054 euim
809 4002 863 4066 eat,
885 4014 946 4055 non
969 3995 1008 4054 ad
1029 3996 1257 4075 significandam
1278 3997 1429 4057 actionum
1452 4016 1504 4056 ne·

67 4086 189 4144 mune
203 4082 304 4143 solent
318 4082 452 4142 homines
471 4082 656 4142 erubescere.
808 4083 985 4154 cessitatem,
1009 4082 1063 4142 sed
1087 4084 1183 4162 ipsius
1203 4083 1330 4143 hominis
1354 4082 1392 4141 ad
1415 4086 1504 4143 actio·

101 4169 187 4230 Nam
202 4169 280 4246 finis
300 4170 433 4229 illorum
455 4187 541 4229 mora
560 4177 612 4228 eat.
635 4168 694 4228 Eat
708 4166 759 4226 ad·
808 4187 861 4227 nea
876 4168 966 4247 hujus
983 4176 1037 4228 aut
1055 4168 1136 4228 illius
1159 4159 1278 4248 generis
1294 4168 1506 4243 addictionem,

67 4251 153 4316 ditum
165 4256 205 4316 ab
218 4257 393 4335 interprete.
417 4255 544 4315 Sensus:
561 4255 645 4314 Adeo
657 4251 760 4312 nullus
809 4262 854 4327 et,
877 4262 912 4312 ut
937 4257 980 4314 ita
1007 4254 1120 4326 dicam,
1143 4258 1438 4335 appropriationem,
1461 4258 1505 4315 uti

66 4359 100 4402 cx
119 4345 256 4422 peccatis
276 4342 392 4403 fructus
415 4342 586 4422 percipitur,
610 4350 643 4401 ut
666 4341 759 4400 etiam
808 4343 949 4421 superius
961 4343 1129 4420 expositum
1143 4349 1196 4401 est.
1212 4341 1404 4419 Significatur
1416 4343 1505 4415 enim,

68 4445 139 4491 nors
161 4429 235 4490 inde
255 4427 378 4489 tandem
400 4437 612 4507 consequatur.
633 4429 759 4487 Mortem
809 4427 885 4487 alios
900 4426 1021 4507 quidem
1036 4436 1160 4509 peccato
1183 4427 1348 4488 dominanti
1371 4427 1506 4488 addictos

67 4512 204 4596 intelligit
219 4535 294 4588 sani,
318 4534 399 4594 quae
416 4517 498 4577 vitae
513 4524 654 4576 aeternae
669 4534 758 4593 oppo·
810 4533 888 4588 esse,
912 4515 1042 4594 ejusque
1059 4514 1143 4575 volut
1163 4516 1286 4594 imperio
1302 4516 1367 4594 regi
1383 4523 1413 4574 et
1428 4514 1505 4574 desi·

67 4602 155 4678 titur,
177 4603 259 4664 banc
276 4604 355 4663 enim
373 4619 446 4662 mox
468 4621 507 4660 ex
527 4600 656 4663 adversa
674 4610 760 4681 parte
809 4600 899 4661 deriis
914 4604 983 4680 agi;
1006 4601 1081 4662 alios
1096 4621 1168 4662 varo
1184 4603 1321 4682 justitiae
1341 4601 1508 4661 dominanti

67 4687 195 4751 onorat.
225 4689 312 4751 aton
333 4697 436 4749 sutem
458 4686 528 4762 illa,
553 4688 697 4768 quamvis
720 4687 761 4747 sit
809 4685 945 4748 addictos
967 4688 1096 4764 servire,
1120 4690 1251 4769 ejusque
1272 4690 1368 4768 jussis
1394 4689 1505 4750 obtem·

1255 4787 1301 4855 92
