3254 5190
477 255 640 310 mrsrotm
657 255 697 310 so
715 255 865 311 somnos.
884 255 968 311 rms.
989 259 1029 310 ιι.
1049 259 1089 311 ιι.
1452 265 1500 332 47

55 433 136 513 priori
157 431 309 505 membro,
327 433 427 512 justos
449 450 515 493 esse
538 432 618 512 apud
641 433 756 492 Deum:
805 431 907 512 liquet.
931 432 1111 511 Hujusmodi
1125 454 1196 493 vero
1213 452 1279 494 esse
1294 455 1354 494 non
1369 445 1501 513 possunt,

55 522 121 579 sicut
135 527 169 578 et
185 521 218 579 in
236 518 432 599 praecedeuti
446 526 540 598 parte,
560 520 713 595 peribunt
728 529 757 580 et
804 521 862 579 nisi
886 541 923 580 ex
946 520 1005 580 fide
1028 521 1201 580 emanarint.
1230 520 1309 579 Nam
1332 531 1359 582 et
1385 521 1501 582 dehoc

54 596 290 680 iudicabuntur
304 625 338 665 re
354 615 385 665 et
400 604 507 666 effectu
521 605 600 665 idem
615 606 726 666 valent.
805 625 928 685 operum
950 625 1061 685 genere
1084 609 1172 666 etiam
1194 608 1257 687 agit
1271 608 1406 668 Jacobus
1420 612 1501 689 Apo-

88 691 185 752 Porro
202 693 375 752 neotericis
391 691 570 772 quibusdam
584 692 684 772 placet
699 693 757 753 hoc
806 693 907 765 stolus,
930 713 1022 773 quum
1038 693 1124 753 docet
1147 713 1184 754 ex
1200 694 1339 772 operibus
1354 695 1501 754 hominem

56 780 109 838 loco
125 778 271 839 secunda
289 778 473 857 justificandi
495 778 679 857 significatio.
702 781 755 839 Di·
801 780 969 857 justificari,
992 788 1022 837 et
1043 799 1102 839 uon
1126 799 1165 839 ex
1187 780 1247 840 fide
1268 789 1390 840 tantum.
1422 782 1501 842 Sane

58 868 215 926 eratenim
233 865 416 946 Apostolum
439 866 488 924 hio
501 865 584 944 loqui
598 865 636 925 do
648 866 754 943 justiti·
804 865 900 925 videri
914 874 1015 944 potest
1036 865 1146 926 idcirco
1161 867 1288 925 Paulum
1311 867 1358 926 hic
1379 877 1440 927 tam
1456 868 1499 927 di·

57 953 162 1013 utione
187 952 340 1026 secunda,
362 960 396 1011 ιιι
410 971 515 1013 sensus
530 953 583 1012 sit:
606 954 756 1014 Factores
803 951 931 1030 ligenter
941 951 1147 1012 commendare
1164 954 1293 1013 voluisse
1305 952 1384 1013 bona
1399 974 1501 1033 opera,

57 1041 119 1115 lepis
143 1039 439 1119 justificabuntur,
467 1037 498 1097 id
525 1048 588 1112 est,
621 1039 755 1101 homines
802 1048 835 1097 ut
850 1038 1048 1118 adjustitiam
1064 1048 1095 1099 et
1108 1041 1201 1100 vitam
1223 1050 1375 1100 aeternam
1391 1041 1499 1100 eondu-

58 1125 220 1187 srerccndo
235 1127 318 1185 hona
333 1145 432 1206 opert,
455 1145 533 1205 quae
547 1125 599 1185 lex
611 1129 755 1205 praescri-
803 1125 904 1185 cihilia
919 1146 955 1185 ao
969 1128 1150 1200 necessaria
1174 1145 1233 1205 quo
1257 1128 1399 1186 lectorem
1415 1147 1500 1207 prae·

57 1213 95 1286 hit,
111 1215 276 1294 accipient
291 1222 483 1292 augmentum
494 1213 637 1290 justitiae,
653 1232 755 1274 secun·
802 1213 937 1284 muniret,
960 1230 999 1270 ne
1018 1221 1191 1291 sequentem
1212 1215 1305 1292 ipsius
1326 1213 1500 1289 doctrinam,

58 1298 179 1374 dimid,
203 1299 293 1380 quod
320 1301 461 1378 scriptum
485 1307 545 1358 est:
569 1302 630 1379 Qui
651 1303 756 1372 justas
803 1318 864 1378 qua
872 1299 1117 1375 justificationem
1128 1298 1221 1357 tradit
1232 1319 1269 1359 ex
1280 1299 1338 1359 fide
1350 1301 1414 1362 siue
1427 1321 1497 1382 ope·

59 1395 104 1463 cst,
124 1386 332 1463 instificetur
357 1388 470 1446 adhuc.
500 1386 607 1466 Itaque
628 1387 754 1447 Paulum
803 1386 892 1458 ribus,
915 1385 993 1445 male
1008 1385 1203 1465 intelligendo
1220 1386 1429 1446 offendiculum
1444 1409 1498 1467 pa·

58 1495 103 1534 ron
120 1492 192 1534 asse
217 1473 280 1532 sihi
304 1474 491 1546 contrarium,
512 1474 585 1553 quia
601 1492 667 1531 cum
682 1474 754 1534 alibi
803 1481 921 1545 teretur,
944 1473 1041 1531 autin
1058 1491 1187 1532 errorem
1203 1475 1373 1535 incurreret.

58 1569 137 1641 regat
152 1582 194 1622 ex
212 1561 357 1640 operibus
372 1561 520 1620 hominem
531 1561 700 1636 justificari,
716 1560 755 1620 de
844 1558 923 1619 Illud
937 1568 1086 1639 postremo
1099 1560 1260 1620 notandum
1276 1561 1419 1621 adversus
1434 1580 1497 1620 seo·

58 1650 141 1726 prima
155 1649 297 1730 loquitur
307 1648 531 1724 justificatione,
546 1665 625 1725 quae
640 1666 699 1707 non
715 1667 754 1707 ex
801 1647 908 1718 tarios,
937 1646 1065 1706 Paulum
1087 1646 1136 1706 hic
1158 1647 1315 1708 manifeste
1337 1667 1500 1726 agnoscere

60 1736 189 1813 operibus
215 1744 280 1808 est,
308 1735 363 1794 sed
390 1754 481 1815 opera
506 1736 572 1814 ipsa
594 1735 752 1812 praecedit
802 1741 834 1794 et
849 1732 1056 1793 commendare
1067 1734 1214 1811 justitiam
1225 1754 1357 1815 operum,
1373 1754 1499 1813 eamque

59 1820 106 1881 llic
121 1842 235 1884 sanaris
251 1841 358 1881 veram
381 1823 513 1882 continet
534 1820 699 1881 doctrinam
716 1822 754 1882 de
801 1839 921 1895 varam,
945 1840 1009 1879 cum
1024 1819 1095 1879 dicit
1110 1819 1239 1883 faetores
1255 1823 1330 1901 legis
1341 1823 1499 1899 justificari

61 1919 213 1987 augmento
233 1910 375 1988 justitiae
394 1928 449 1989 per
471 1908 549 1967 bona
571 1928 669 1987 opera.
694 1909 754 1969 sed
802 1908 885 1985 apud
900 1907 1006 1966 Deum.
1030 1905 1121 1986 Quod
1143 1910 1221 1970 enim
1240 1907 1321 1988 apud
1336 1910 1444 1982 Deum,
1467 1908 1498 1967 id

60 2003 147 2056 umen
159 2016 225 2057 non
238 1997 382 2056 convenit
394 1997 460 2055 huic
468 1996 544 2054 loco.
555 1995 666 2074 Neque
677 1999 754 2055 enim
803 2003 855 2068 est,
875 1992 935 2053 Dei
946 1993 1062 2071 judicio
1078 1994 1138 2053 tale
1155 2006 1208 2068 est,
1224 1995 1255 2055 id
1269 2016 1340 2056 vere
1356 1995 1416 2054 tale
1432 2013 1498 2054 esse

60 2085 121 2144 ntis
134 2081 308 2162 respondet
321 2084 414 2162 priori
428 2083 570 2142 membro.
594 2082 713 2142 Deinde
729 2083 754 2141 si
802 2100 898 2152 nemo,
920 2082 978 2140 nisi
993 2081 1100 2160 impius
1121 2082 1307 2143 dubitaverit
1331 2083 1380 2142 Ita
1395 2081 1499 2140 Lucae

62 2168 123 2229 iliud
138 2170 239 2229 veliet
254 2169 379 2242 Paulus,
396 2169 521 2229 dixisset
536 2169 682 2248 quomodo
698 2170 752 2229 Jo·
805 2171 830 2226 1.
854 2168 962 2227 Erant
976 2170 1056 2239 justi
1071 2169 1164 2228 ambo
1180 2177 1256 2228 ante
1272 2171 1385 2230 Deum.
1410 2165 1498 2228 Certe

61 2276 143 2316 mnes
174 2259 207 2315 in
239 2256 444 2336 Apocalypsi:
481 2255 755 2330 Justificobuatur
803 2253 914 2312 Paulus
929 2253 1008 2319 alibi.
1025 2274 1114 2333 quum
1131 2256 1298 2334 significare
1313 2256 1377 2316 vult
1392 2256 1445 2328 rei,
1459 2252 1498 2313 de

61 2343 164 2417 adhuc,
182 2341 214 2401 id
228 2350 277 2402 est
288 2343 425 2422 amplius.
441 2343 518 2402 Nam
530 2343 687 2421 justificari
699 2363 754 2423 per
802 2359 862 2418 qua
883 2339 1029 2417 loquitur,
1056 2342 1215 2402 veritatem
1237 2349 1268 2402 et
1289 2343 1496 2411 sinceritatem,
1515 2354 1517 2359 '

10 2440 12 2459 ²
62 2449 159 2489 senon
175 2436 268 2488 sonat
283 2437 483 2508 augmentum.
802 2425 902 2485 dicero
926 2427 1015 2496 solet,
1039 2434 1114 2486 ante
1136 2431 1258 2504 Deum,
1287 2447 1395 2488 soram
1416 2430 1495 2500 Deo,

94 2514 253 2575 Secundus
276 2515 366 2593 igitur
386 2516 544 2594 Augustini
569 2534 673 2575 sensus
694 2534 753 2574 om·
801 2519 835 2571 ut
851 2516 869 2572 2
886 2511 953 2572 Cor.
971 2517 998 2573 2.
1023 2512 1090 2573 Gal.
1110 2518 1136 2573 1.
1160 2514 1229 2576 (lor.
1248 2519 1274 2574 1.
1299 2513 1390 2594 Quod
1405 2515 1431 2573 si
1444 2533 1496 2573 ne-

10 2650 12 2669 ,
60 2605 119 2661 nino
133 2599 317 2662 retinendus
331 2609 365 2660 ut
379 2603 559 2680 germanior,
581 2622 641 2661 non
656 2601 752 2673 modo,
800 2606 872 2677 gent
882 2599 998 2677 aliquos
1011 2619 1078 2660 esse
1089 2600 1217 2661 factores
1229 2601 1315 2681 logis,
1330 2608 1498 2680 coarguunt

60 2690 120 2769 quic
134 2689 245 2748 nititur
259 2689 453 2747 usitatissima
463 2689 568 2767 phrasi
580 2689 751 2767 scripturae,
801 2705 853 2745 eos
874 2688 1038 2764 sequentia.

61 2775 91 2834 de
105 2794 164 2853 qus
184 2775 251 2852 jam
274 2772 420 2849 diximus,
442 2776 659 2847 verumetiam,
681 2775 752 2854 quia
847 2773 894 2830 14.
920 2772 1000 2832 Cum
1025 2777 1110 2833 enim
1136 2782 1259 2850 qentcs,
1290 2794 1370 2850 quac
1397 2776 1496 2850 iopam

60 2860 220 2933 mtithssis,
243 2878 333 2941 qnam
356 2860 482 2920 attendit
502 2861 675 2941 Apostolus,
697 2881 751 2941 per
800 2876 866 2918 non
882 2858 1008 2933 tabent,
1033 2863 1228 2921 naturaliter
1251 2881 1298 2936 ca,
1323 2880 1404 2937 quoe
1420 2863 1496 2937 lepis

61 2947 129 3006 hunc
145 2965 269 3006 sensum
288 2948 400 3026 optime
421 2948 595 3027 explicatur,
616 2967 653 3007 ac
668 2949 694 3006 si
707 2947 749 3007 di·
799 2952 884 3019 sont,
898 2946 1036 3021 fociant.
1060 2948 1139 3008 Oum
1152 2949 1291 3024 facium,
1311 2947 1390 3007 male
1405 2949 1494 3007 Eras-

59 3040 148 3093 ccrst:
171 3052 235 3092 non
256 3033 408 3092 auditores
431 3033 522 3108 legis,
544 3033 598 3094 sed
620 3033 749 3093 factores
798 3051 872 3102 mus,
888 3050 959 3090 oum
972 3032 1116 3109 fecerint.
1139 3034 1218 3094 Nam
1230 3035 1345 3095 Graece
1360 3043 1406 3094 est
1421 3025 1495 3092 ὅταν

59 3118 129 3199 apud
151 3120 255 3179 Deum
273 3120 349 3197 justi
368 3121 593 3197 reputabuntur,
615 3119 673 3179 hoc
695 3128 749 3192 est,
798 3115 872 3196 ποιῇ
882 3117 1087 3195 subjunctivus
1095 3125 1258 3199 praesentis
1270 3122 1421 3201 temporis.
1434 3120 1493 3179 Ita·

56 3225 120 3266 vcro
136 3203 256 3284 judicio
275 3205 349 3282 justi
368 3214 452 3280 sunt3
475 3215 577 3286 utpote
594 3207 749 3282 justitiam,
799 3225 859 3284 que
873 3205 974 3283 potius
989 3207 1164 3266 vertendum
1176 3219 1256 3268 erat:
1271 3228 1342 3268 osan
1355 3209 1493 3285 faciant,

56 3311 125 3373 quse
145 3292 220 3372 lego
240 3290 429 3371 praecipitur,
452 3313 540 3373 opere
563 3301 748 3353 exercentes.
799 3300 832 3350 ut
844 3288 1134 3371 quidamvertemnt.
1151 3293 1493 3355 Verumrectiusnoster

57 3379 100 3439 Sic
112 3381 194 3438 enim
209 3378 354 3456 scriptum
370 3387 416 3438 est
433 3380 553 3440 lJoau.
567 3384 595 3441 3.
618 3381 680 3456 Qui
693 3379 749 3454 fa·
799 3379 954 3456 interpres,
977 3394 1047 3436 eum
1066 3379 1203 3454 sactum.
1226 3382 1304 3440 Nam
1319 3380 1494 3442 adverbium

56 3470 93 3524 cit
102 3467 276 3539 justitiam,
288 3469 393 3538 iustus
404 3472 456 3525 cat.
479 3465 584 3526 Simile
596 3464 670 3524 illud
683 3465 748 3525 sal·
798 3455 873 3522 ὅταν
881 3508 892 3539 ,
917 3463 1063 3539 quando,
1086 3485 1165 3525 nunc
1191 3466 1392 3540 indicativum,
1415 3486 1494 3526 nune

57 3553 162 3611 vetoris
174 3553 250 3611 Luc.
264 3554 313 3610 11.
329 3554 435 3626 Beati,
452 3556 507 3628 qui
522 3552 662 3612 sodium
676 3570 749 3611 oer-
798 3549 1022 3627 subjunctivum
1038 3550 1094 3610 sibi
1117 3550 1255 3631 adJ‘ungit
1273 3553 1379 3614 eodem
1394 3573 1493 3615 sensu.

58 3637 124 3698 lum
139 3639 215 3712 Dei,
242 3645 272 3696 ct
293 3639 476 3698 moderor
489 3639 581 3698 tund.
603 3639 750 3698 Nimirum
798 3636 1010 3710 Naturaliter,
1027 3635 1142 3698 Graece
1154 3631 1251 3713 φύσει,
1268 3649 1407 3700 notura:
1422 3659 1493 3720 quo·

57 3723 118 3784 idco
133 3724 225 3797 besti,
250 3725 322 3804 quia
335 3725 415 3802 justi.
799 3724 887 3782 modo
910 3724 1000 3782 vertit
1019 3723 1130 3803 Ephes.
1148 3725 1175 3783 2.
1203 3727 1344 3787 Eremos
1372 3735 1494 3786 notura

93 3810 190 3870 Porro
205 3828 328 3870 sensum
343 3811 423 3870 hunc
445 3812 533 3870 etiam
556 3811 669 3870 caeteri
682 3830 749 3890 pas·
799 3809 859 3886 fitis·
873 3814 951 3868 troc.
975 3811 1063 3887 Quae
1085 3812 1183 3885 lencm
1202 3831 1269 3873 noa
1283 3813 1410 3887 habeat,
1432 3834 1493 3873 non

54 3897 103 3956 sim
123 3899 306 3977 interpretes
328 3904 388 3956 tam
411 3897 520 3958 Graeci
542 3916 630 3976 quam
649 3897 749 3958 Latini
799 3904 845 3956 est
870 3895 1075 3957 determinatio
1097 3898 1294 3976 restringens,
1318 3898 1369 3959 sed
1393 3899 1491 3959 decla·

54 3983 169 4044 trudunt
190 3993 223 4043 ct
245 3983 471 4063 amplectuutur.
505 3983 612 4063 Neque
634 3990 750 4062 pugnat
797 4003 876 4042 rans.
897 3982 955 4041 Est
970 3983 1049 4043 enim
1070 3985 1202 4062 gentium
1224 3986 1377 4065 epitheton
1393 3984 1492 4066 legem

55 4067 218 4131 hicsensus
241 4070 304 4130 ullo
326 4068 415 4130 modo
434 4089 502 4130 cum
523 4089 560 4129 ea
575 4069 663 4129 Pauli
678 4070 746 4130 doc·
797 4091 857 4129 non
872 4067 993 4142 habere,
1018 4071 1094 4130 sicut
1109 4070 1304 4144 Judaeorum,
1326 4072 1437 4132 habere
1452 4072 1493 4133 le·

55 4159 134 4229 tina
155 4172 219 4239 quc
233 4164 369 4216 removet
390 4155 429 4216 sb
445 4157 584 4237 operibns
603 4156 747 4234 justifica·
797 4176 873 4234 gem.
904 4155 953 4214 Ita
978 4155 1079 4217 lOor.
1096 4159 1124 4216 9.
1153 4157 1291 4219 Judaeos
1314 4167 1344 4220 et
1365 4160 1492 4237 gentiles

55 4243 166 4304 smum.
190 4245 240 4304 ms
261 4262 392 4323 namque
411 4242 547 4304 doctrina
569 4242 746 4323 accipienda
797 4242 857 4300 suis
878 4241 1015 4320 epithetis
1036 4243 1206 4323 designans,
1228 4245 1297 4305 illos
1316 4253 1413 4318 vocat,
1437 4248 1493 4323 qui

55 4331 301 4411 cstdeoperihus
310 4329 473 4390 nonafido
483 4329 640 4411 protectis:
656 4349 746 4409 quum
795 4328 852 4387 sub
878 4329 960 4403 lays,
992 4329 1062 4402 hos,
1086 4334 1142 4408 qui
1167 4334 1234 4391 sinc
1261 4333 1345 4409 ispe,
1375 4330 1492 4393 Graece

53 4414 266 4491 justifiationis
282 4417 398 4476 initium
409 4435 428 4474 ιι
438 4415 498 4476 tide
510 4418 555 4491 sit,
570 4425 603 4475 ut
613 4435 668 4476 suo
680 4416 746 4475 loco
796 4406 939 4490 ἀνόμους.

56 4501 166 4580 plenius
185 4511 365 4584 exponetur.
389 4502 449 4561 Hic
463 4512 561 4563 autem
584 4502 628 4562 illi
650 4522 745 4562 sermo
839 4502 1008 4574 Eiusmodi
1032 4503 1131 4578 lopcm
1154 4523 1223 4565 noa
1247 4503 1406 4581 habentes,
1430 4508 1492 4582 ipsi

57 4589 304 4670 cstdoopsrihus
314 4605 391 4650 vore
406 4588 492 4650 bonis
502 4590 746 4668 Dsoquoaccap·
796 4587 854 4646 sihi
874 4595 949 4648 errat
969 4589 1026 4650 las.
1061 4592 1229 4664 Eiusmodi
1251 4612 1311 4651 non
1333 4591 1372 4651 ad
1393 4593 1492 4671 legem

56 4674 89 4735 ιι
100 4675 137 4737 st
148 4678 429 4752 vtum-casarum
451 4684 485 4737 ut
495 4694 534 4738 cx
543 4675 747 4757 superioribus
796 4673 1004 4749 referendum,
1027 4676 1108 4758 quod
1129 4678 1266 4741 nonnulli
1287 4679 1415 4753 faciunt,
1436 4677 1492 4741 aad
