3254 5190
92 258 140 326 45
608 249 841 304 comminus
859 250 891 305 ut
909 251 976 305 etr.
989 249 1017 304 u

92 429 132 487 tia
144 425 269 506 primum
280 424 355 485 illud
367 443 555 504 praemoneo,
570 421 698 483 factores
711 424 788 502 legis
833 423 1064 500 Justr'stoaberis.
1091 424 1164 484 Luc.
1190 426 1237 484 16.
1268 425 1329 485 Vos
1355 427 1444 498 cais,
1478 424 1532 500 pus·

91 513 227 590 intelligi,
250 513 302 591 qui
323 512 437 572 faciunt
460 531 503 583 ea,
526 530 603 590 quae
619 510 686 589 lege
702 531 786 590 prae·
833 512 1015 589 justificatis
1037 530 1091 571 vuos
1110 531 1218 571 coram
1234 510 1421 570 lentioribus.
1445 508 1533 588 Ejus·

94 600 249 679 oipiuntur,
266 601 329 658 eive
341 600 435 676 legem
451 598 628 676 acceperint,
644 599 707 656 sive
718 618 787 655 non.
839 600 905 659 dem
920 599 1039 676 generis
1055 607 1106 672 est,
1122 618 1211 679 quum
1223 599 1371 675 significat
1382 616 1533 668 excusare,

92 685 167 746 Vult
182 686 260 746 enim
275 685 333 744 hoc
350 703 504 744 commune
527 702 594 742 esse
611 685 700 743 etiam
716 703 788 762 gen·
839 684 1016 757 defendere,
1045 694 1078 744 ut
1099 685 1160 744 Job
1182 689 1210 746 9.
1233 686 1268 745 Si
1286 683 1464 760 justificare
1487 702 1534 741 me

90 772 201 845 tilibus,
223 779 257 830 ut
271 771 388 850 parebit
404 790 441 832 ex
455 789 545 829 versu
561 771 706 849 sequenti.
729 770 789 830 De·
838 774 980 846 voluero,
1005 789 1038 829 os
1054 791 1157 830 meum
1173 770 1397 831 condemnabit
1412 790 1470 830 me.
1494 768 1534 826 Et

93 859 163 918 inde
187 860 216 917 in
236 858 293 916 hae
315 866 399 937 perte
421 855 615 936 repetendum
638 876 677 916 ex
698 857 790 935 priori
838 857 1043 918 Ecclesiastici
1067 856 1094 915 7.
1124 859 1197 917 Noa
1223 858 1261 916 de
1280 856 1434 933 justifices
1460 863 1535 915 aute

92 945 231 1019 membro,
246 945 334 1020 apud
346 947 459 1004 Deum.
483 945 631 1004 Fautores
646 944 721 1017 lepis
732 947 788 1016 ju·
838 947 951 1006 Deum.
972 944 1051 1002 Hinc
1059 945 1233 1022 justificatio
1243 965 1298 1024 pro
1310 943 1460 1024 apologia,
1476 961 1535 1023 qua

92 1031 314 1108 stificabuatur
347 1029 436 1106 apud
462 1032 576 1089 Deum.
614 1028 683 1088 Nou
711 1030 789 1088 enim

92 1118 179 1178 aliter
190 1118 339 1178 constabit
351 1114 515 1191 antithesis,
527 1136 616 1196 quam
626 1115 788 1193 lacitApo-

92 1205 187 1266 stolus
204 1205 280 1263 inter
295 1203 445 1262 auditores
461 1203 537 1281 legis
553 1211 584 1261 et
599 1202 735 1261 faetores.

134 1292 273 1371 Denique
288 1288 458 1360 videndum,
482 1288 553 1369 quid
575 1291 612 1348 sit
630 1286 788 1362 ,iustifica-

93 1376 221 1438 buntur.
256 1376 333 1435 Nam
352 1376 518 1454 justificari,
542 1374 787 1456 quemadmodum

92 1473 124 1523 θῖ
134 1463 307 1543 justificare,
330 1482 388 1521 non
404 1482 462 1521 uno
485 1461 573 1521 modo
596 1462 739 1541 accipitur
759 1462 789 1519 in

93 1551 253 1631 scripturis.
277 1549 375 1609 Primo
392 1547 510 1629 quidem
533 1568 568 1607 ae
585 1548 788 1629 propriissime

89 1637 248 1715 justificari
263 1634 379 1708 dicitur,
402 1635 452 1716 qni
468 1654 505 1693 ex
520 1635 639 1713 injusto,
662 1634 712 1694 vel
728 1654 789 1693 nou

89 1726 172 1803 justo
188 1724 221 1781 fit
233 1723 350 1801 justus:
374 1730 404 1781 et
415 1721 589 1798 justificare,
605 1723 657 1802 qui
673 1742 712 1781 ex
728 1742 788 1780 non

88 1812 171 1890 justo
180 1812 295 1888 justum
303 1808 382 1868 lacit.
404 1807 451 1867 Ita
462 1809 605 1886 accipitur
616 1810 646 1868 in
659 1828 786 1889 sequen·

93 1898 182 1971 tibus,
206 1916 269 1975 cap.
286 1897 314 1954 3.
337 1894 512 1971 Justt'ficatr'
526 1899 625 1969 pratis
636 1915 696 1970 per
710 1914 787 1971 pra·

93 1989 171 2044 tiam
187 1986 293 2059 ipsius.
310 1983 349 2040 Et
365 2002 428 2061 cap.
442 1984 471 2040 4.
489 1981 637 2042 Oredeati
653 1984 688 2041 ia
705 2001 786 2057 eum,

94 2073 149 2150 qui
167 2069 321 2146 iustificat
340 2070 483 2143 impium.
507 2066 583 2128 Item
600 2067 666 2128 Gal.
683 2069 711 2126 3.
737 2070 788 2127 Eo

93 2156 154 2235 fide
165 2155 321 2232 iustificat
333 2162 439 2230 pentes
453 2155 551 2229 Deus,
568 2163 599 2213 et
613 2153 693 2214 alibi.
709 2155 789 2214 Hinc

93 2243 215 2304 verbale
227 2242 408 2321 justificatio,
423 2240 521 2315 idest,
536 2250 633 2300 motus
645 2260 697 2300 seu
710 2249 788 2300 tran·

94 2332 166 2390 situs
182 2329 219 2389 ab
236 2326 380 2408 injustitia
396 2326 600 2405 adjustitiam.

138 2415 276 2476 Secundo
295 2414 462 2493 justificare
485 2424 530 2474 est
551 2415 698 2493 justitiam
721 2435 788 2473 con·

95 2522 225 2575 servare,
247 2522 366 2581 augere,
389 2499 538 2580 perficere.
562 2500 611 2560 Sic
634 2499 713 2580 apud
737 2501 788 2560 Ja-

95 2589 159 2649 cob.
176 2608 240 2668 oap.
255 2591 283 2648 2.
299 2591 350 2649 Ea
366 2588 513 2663 operibus
523 2588 717 2665 justificatur
732 2587 789 2645 lra-

94 2694 165 2750 mo,
190 2683 219 2733 et
242 2694 309 2735 aaa
332 2693 369 2735 ex
390 2672 452 2749 fide
476 2681 609 2734 tantum.
634 2672 675 2732 Et
694 2676 787 2752 Apoe.

94 2762 197 2821 ultimo
214 2761 336 2820 dicitur:
360 2763 421 2839 Qui
438 2764 544 2834 justus
564 2768 617 2836 est,
636 2760 789 2836 justifice-

95 2857 149 2908 tur
164 2847 276 2907 adhuc.
300 2849 401 2927 Atque
412 2847 487 2905 haec
498 2850 600 2907 vocari
616 2846 692 2906 solet
702 2846 787 2924 justi·

95 2935 195 2994 ficatio
212 2933 352 2993 secunda.
377 2932 464 2991 Unde
489 2941 519 2993 θῖ
538 2932 617 2992 bona
641 2952 731 3012 opera
742 2934 788 3011 ju·

96 3020 287 3081 stificationas
309 3028 453 3079 vocantur
475 3022 506 3079 in
528 3020 687 3100 seripturis,
710 3019 790 3098 quod

94 3129 149 3189 per
164 3128 199 3167 ea
214 3106 311 3168 soleat
322 3107 424 3185 augeri
436 3114 465 3164 et
477 3106 649 3165 conservari
660 3106 790 3182 justitia3

94 3203 128 3255 ut
138 3194 217 3254 Dan.
232 3197 259 3256 9.
283 3195 390 3270 Neque
403 3195 486 3252 errim
503 3195 538 3252 ia
549 3192 790 3268 justificationi·

96 3280 301 3355 bunnuaria,
324 3278 426 3352 idest,
449 3278 551 3338 confisi
573 3279 658 3338 bonis
682 3280 790 3338 nostrIs

97 3367 253 3448 operibus,
276 3369 509 3443 prosternimus
531 3384 639 3441 preces
665 3373 791 3425 nostras

97 3462 172 3514 uate
189 3455 307 3532 faciem
322 3459 419 3512 tuam.
443 3453 484 3511 Et
498 3453 592 3530 Apoc.
612 3455 659 3513 19.
683 3454 791 3527 Byrsi-

95 3560 175 3602 rrum
206 3539 451 3616 justificationes
487 3545 562 3598 suat
597 3546 790 3598 sanctorum.

97 3628 277 3710 Quanquam
292 3636 322 3686 et
336 3624 397 3684 Dei
411 3633 580 3705 praecepta,
600 3645 723 3706 qnorum
739 3624 789 3684 ob·

97 3715 267 3775 servatione
292 3711 494 3790 justificantur
522 3712 672 3784 homines,
703 3712 791 3771 etiarn

95 3818 241 3881 persaepe
252 3798 482 3877 justificationes
498 3797 643 3872 dicuntur,
659 3817 791 3878 praeser-

96 3887 150 3946 tim
165 3884 246 3964 apud
259 3881 408 3945 Davidem
430 3885 461 3943 in
476 3884 586 3944 Psalm.
605 3885 674 3944 118.
698 3883 748 3944 Sic
764 3892 793 3942 et

96 3972 174 4033 iufra
188 3971 246 4031 hoc
261 3992 342 4052 cap:
365 3973 399 4032 st
411 3974 620 4048 praeputium
631 3971 792 4047 justifica·

98 4064 199 4121 tr'oaes
215 4058 290 4135 lepis
305 4057 472 4119 custodiat.

143 4144 248 4205 'I'ertio
259 4142 426 4224 justificare
441 4151 486 4202 est
496 4145 611 4223 justum
625 4141 792 4215 ostendere,

839 1033 905 1111 quis
922 1050 993 1090 suae
1010 1049 1118 1090 causae
1129 1032 1276 1108 justitiam
1292 1038 1399 1104 tuetur,
1423 1037 1456 1089 ut
1471 1028 1495 1089 J
1496 1028 1534 1087 ob

839 1116 889 1179 27.
913 1116 1185 1191 ,testificationem
1200 1135 1313 1193 meam,
1331 1136 1429 1193 quam
1444 1117 1534 1190 coepi

839 1212 953 1278 terrere,
974 1222 1041 1262 stoa
1058 1204 1208 1263 deseram.
1232 1203 1306 1262 Item
1318 1205 1434 1281 justum
1449 1221 1534 1283 praa·

838 1291 946 1363 dicare,
962 1289 1043 1349 facta
1055 1289 1222 1367 alicujusut
1233 1289 1312 1350 bona
1328 1297 1359 1348 et
1370 1291 1455 1369 justa
1471 1289 1533 1346 lau·

839 1378 918 1437 dare.
943 1376 1023 1435 Psal.
1041 1376 1090 1436 50.
1114 1378 1153 1437 Ut
1163 1377 1347 1452 justificeris
1361 1380 1398 1436 ia
1413 1394 1534 1436 sermo·

837 1464 931 1525 aitrus
954 1466 1024 1522 tuis.
1055 1465 1126 1523 Luc.
1144 1466 1172 1522 t.
1196 1466 1238 1525 Et
1265 1466 1367 1524 omnis
1390 1463 1535 1540 populus

838 1550 971 1611 audiens
1009 1554 1038 1609 et
1073 1550 1242 1626 publicani
1272 1548 1536 1625 justificor-eram

837 1639 950 1698 Deum.
967 1637 1007 1695 Et
1015 1637 1134 1696 iterum:
1150 1636 1336 1712 Justr'ficata
1349 1644 1392 1696 est
1402 1639 1535 1712 sapien·

837 1727 881 1783 tia
898 1724 937 1782 ab
950 1724 1094 1783 omuibus
1108 1723 1182 1799 filiis
1193 1729 1274 1784 suis:
1289 1723 1437 1804 quomodo
1449 1743 1533 1802 mag·

835 1810 956 1872 nificare
971 1810 1069 1870 Deum
1093 1809 1206 1886 dicitur,
1230 1813 1281 1891 qui
1304 1831 1370 1870 eum
1392 1830 1535 1890 magnum

835 1895 996 1978 praedicat.

879 1983 919 2043 Ut
934 1985 1024 2062 igitur
1045 1981 1084 2042 ad
1102 1983 1281 2062 Apostolum
1302 1992 1444 2056 revertar,
1469 1985 1536 2062 ejus

836 2071 944 2142 verba,
968 2089 1046 2150 quae
1068 2091 1147 2129 nunc
1169 2078 1343 2143 tractamus,
1372 2069 1423 2128 alii
1445 2069 1536 2129 aliter

837 2165 1006 2237 exponunt,
1032 2157 1121 2234 juxta
1136 2158 1296 2236 triplicem,
1325 2177 1413 2238 quarn
1439 2155 1537 2230 attuli,

837 2243 1082 2323 significationem
1104 2245 1185 2302 vocis
1204 2244 1370 2324 justificari.
1393 2245 1536 2323 Augusti·

836 2351 891 2389 nus
908 2330 957 2388 lib.
975 2329 1013 2388 de
1037 2330 1140 2408 spiritu
1162 2339 1192 2390 et
1207 2332 1250 2390 lit.
1268 2351 1332 2409 cap.
1350 2331 1399 2391 26.
1418 2327 1536 2390 duobus

837 2417 932 2476 modis
959 2417 1179 2494 interpretatur.
1203 2418 1347 2487 Primum,
1366 2419 1455 2495 juxta
1478 2418 1537 2494 pri·

837 2524 914 2562 mam
934 2502 1187 2581 significationem.
1211 2506 1361 2565 Fautores
1383 2504 1459 2577 lepis
1479 2507 1536 2576 ju-

838 2589 1072 2665 stificabuntur,
1089 2588 1190 2663 idest,
1212 2590 1300 2649 aliter
1315 2610 1375 2648 non
1392 2597 1461 2649 sunt
1478 2591 1536 2648 fac·

838 2683 918 2736 tores
933 2675 1017 2754 legis,
1032 2675 1088 2734 nisi
1099 2675 1255 2753 justificati
1269 2675 1387 2748 fuerint,
1407 2675 1464 2733 lroc
1481 2683 1536 2745 est,

839 2782 879 2821 ex
894 2762 989 2840 impiis
1001 2761 1076 2837 justi
1091 2761 1169 2821 facti.
1200 2764 1249 2839 Ut,
1273 2763 1376 2841 inquit,
1399 2781 1467 2822 aaa
1479 2766 1536 2836 ‚iu-

839 2849 986 2925 stificatio
1000 2848 1178 2925 factoribus
1190 2849 1328 2924 accedat,
1345 2849 1398 2907 sed
1412 2856 1449 2908 ut
1462 2849 1536 2925 fac·

839 2942 921 2996 tores
936 2935 1012 3010 lepis
1023 2936 1206 3011 justificatio
1219 2934 1402 3011 praecedat.
1426 2936 1468 2994 Et
1483 2934 1535 2994 ad-

839 3022 921 3081 hibet
943 3021 1054 3080 simile:
1077 3020 1160 3080 velut
1183 3024 1207 3080 si
1230 3021 1377 3096 dicamus,
1400 3022 1538 3081 homines

840 3107 1026 3180 creabuntur,
1050 3106 1164 3167 scilieet
1184 3110 1251 3188 ipsa
1273 3109 1424 3168 creatione
1447 3107 1539 3167 futuri

839 3194 982 3254 homines.

882 3281 994 3340 Sensus
1017 3283 1073 3341 iste
1095 3288 1247 3360 promptus
1271 3279 1391 3362 quidam
1421 3289 1468 3340 est
1498 3278 1538 3340 ad

840 3367 1056 3428 conciliandum
1069 3367 1147 3426 hunc
1155 3366 1243 3426 Pauli
1255 3366 1352 3427 locum
1365 3387 1429 3426 cum
1442 3368 1538 3446 ipsius

840 3453 981 3526 doctrina,
995 3453 1154 3535 quaneglrt
1162 3473 1200 3511 ex
1208 3454 1346 3532 operibus
1354 3453 1538 3534 legisquem·

840 3560 928 3620 quarn
945 3540 1119 3617 justificari:
1142 3558 1244 3599 verum
1267 3539 1403 3599 nonnihil
1422 3549 1537 3599 contor-

840 3635 887 3685 tus
911 3633 968 3698 est,
992 3624 1100 3686 deinde
1126 3635 1155 3684 et
1178 3626 1293 3685 alienus
1321 3626 1359 3685 ab
1384 3645 1433 3699 eo,
1456 3625 1540 3706 quod

840 3711 954 3771 Paulus
975 3731 1055 3772 nunc
1077 3713 1147 3791 agit.
1182 3712 1255 3772 Vult
1278 3713 1356 3772 enim
1378 3711 1539 3772 ostendere

841 3797 997 3858 discrimen
1013 3797 1093 3878 apud
1108 3800 1215 3869 Deum,
1239 3801 1316 3858 inter
1330 3796 1483 3857 auditores
1498 3797 1539 3858 le·

841 3886 887 3964 gis
903 3896 934 3943 et
953 3884 1099 3945 factores:
1123 3883 1203 3965 quod
1227 3885 1271 3944 illi
1294 3905 1354 3944 non
1378 3885 1437 3944 sint
1455 3885 1540 3963 justi,

840 3970 958 4031 bivero
977 3972 1185 4050 justificentur.
1208 3969 1244 4031 Id
1268 3979 1366 4030 autern
1387 3992 1443 4051 per
1458 3972 1539 4031 hunc

841 4076 961 4117 sensum
976 4080 1036 4119 non
1053 4056 1225 4118 ostenditur.
1249 4055 1339 4137 Quod
1357 4056 1423 4136 ipse
1437 4059 1540 4137 Augu·

842 4144 936 4204 stinns
950 4143 1190 4205 animadvertens
1206 4144 1360 4223 subjungit
1381 4145 1471 4203 aliam
1486 4163 1540 4204 ex·

99 4231 270 4301 declarare,
300 4230 509 4310 pronuntiare,
539 4230 714 4291 sententiam
738 4249 793 4309 pro
841 4232 1017 4311 positionem
1041 4232 1131 4310 juxta
1154 4230 1399 4309 significationem
1421 4231 1540 4289 tertiam

99 4321 198 4400 aliquo
215 4317 323 4377 dicere.
347 4316 434 4396 Quae
450 4315 572 4396 quidem
591 4317 726 4396 acceptio
740 4314 792 4374 hu·
842 4318 928 4377 verbi
938 4318 1119 4394 luetiftmrr'.
1136 4318 1284 4378 Factores
1296 4318 1371 4391 lepis
1381 4316 1540 4393 justifica-

95 4407 146 4486 jus
160 4404 241 4465 vocis
256 4405 287 4463 in
303 4402 455 4483 scripturis
477 4403 670 4463 usitatissima
686 4409 739 4475 est,
760 4410 795 4461 ut
844 4388 980 4478 dautur,
1005 4404 1110 4478 idest,
1133 4404 1185 4482 qui
1206 4404 1303 4483 legem
1326 4402 1415 4462 laetis
1439 4402 1541 4462 obser·

97 4492 148 4553 Ps.
167 4495 216 4553 81.
247 4490 408 4551 Humilem
432 4496 461 4547 et
479 4508 655 4566 pauperem
674 4486 795 4564 justiti·
842 4499 930 4563 vent,
957 4490 1032 4567 justi
1050 4489 1278 4570 judicabuntur,
1302 4489 1541 4562 declarabuntur,

99 4585 174 4639 cate.
195 4572 294 4637 Isaiae
310 4577 338 4638 5.
361 4575 550 4652 Justsfioattr
571 4577 707 4651 impium
730 4593 793 4650 pro
843 4575 1032 4637 habebuntur
1057 4597 1076 4636 a
1101 4575 1186 4650 Deo;
1220 4584 1254 4635 ut
1275 4576 1434 4654 justificari
1459 4574 1541 4657 apud

86 4660 290 4735 ,muneribus-
320 4661 425 4725 Mruh.
447 4663 495 4722 12.
522 4663 576 4723 Ea
600 4660 704 4722 verbis
731 4663 795 4722 tuis
842 4662 944 4722 Deum
965 4662 1045 4722 idem
1067 4662 1167 4743 reipsa
1188 4664 1227 4723 sit
1249 4683 1316 4723 curn
1337 4682 1382 4735 eo,
1404 4661 1487 4743 qnod
1510 4664 1540 4721 in
