3254 5190
486 292 708 367 menuitur
725 296 883 367 nemea
907 306 994 367 stne.
1012 311 1037 367 a
1054 312 1080 367 a
1432 306 1507 386 νη

67 486 142 549 nun
162 484 315 549 alasiae
334 498 399 550 nun
419 486 480 551 nti
501 486 574 565 soli,
601 486 762 551 sedetiam
851 490 910 551 list
922 495 1024 550 autem
1039 486 1179 571 Apostoli
1191 504 1289 549 sermo
1300 487 1459 570 eclipticus
1474 507 1510 549 ac

66 572 128 635 aliis
138 574 261 655 operui
275 572 403 652 deberet
418 574 668 658 quemadmodum
681 576 716 637 fit
729 576 762 637 in
807 576 1020 659 supplemento
1031 588 1132 656 egens,
1144 574 1228 658 qnod
1240 574 1321 657 idem
1336 575 1368 635 in
1379 592 1509 656 sequen·

65 678 185 743 torpore
201 660 349 723 naturali.
810 662 891 725 tibus
906 664 947 723 sit
959 663 1165 745 repetendum.
1188 662 1254 723 Nec
1269 659 1353 721 aliud
1368 661 1511 742 suppleas

100 748 131 808 6.
149 744 318 809 tinomao
328 754 434 809 metatu
447 748 637 812 amotum
647 766 760 811 saeua·
810 750 1002 825 commodius,
1018 769 1109 832 qnam
1126 768 1164 814 ex
1177 747 1428 830 praecedentibus
1442 768 1509 810 rer

64 834 135 895 iasa
149 834 306 915 mom,
324 852 408 917 pena
422 835 500 897 aare
516 840 564 897 att
574 835 676 912 νιοὺίν,
692 836 760 916 ‹ttr-
807 834 882 898 bnm
903 837 990 914 dico,
1013 845 1050 897 ut
1063 836 1103 898 ad
1125 834 1206 897 hunc
1226 834 1346 896 modurn
1362 854 1511 916 exponas:

61 920 209 999 (wentae.
223 918 361 1002 Quidam
370 922 687 1004 tutentaa'exponunt
700 924 760 984 to-
809 922 882 985 Slre
898 922 1044 984 habentes
1066 924 1247 1006 prophetiae
1269 921 1396 997 donum,
1426 921 1510 1004 quod

63 1006 178 1085 lmus,
201 1014 240 1069 nt
261 1008 301 1069 alt
319 1006 535 1083 Hebralamus,
558 1026 618 1091 qno
663 1010 760 1071 articl-
810 1010 864 1091 qui
877 1008 984 1085 habet,
999 1008 1081 1085 clleo,
1094 1019 1129 1071 ut
1144 1008 1395 1090 expendatlllnd,
1412 1028 1512 1090 eoque

61 1096 142 1175 pium
179 1114 217 1155 ro
230 1094 327 1156 verbo
348 1098 421 1179 poni
443 1097 529 1158 solet
552 1094 614 1157 sed
627 1030 661 1156 il
676 1096 761 1157 nulla
808 1102 913 1157 utatur
926 1095 1089 1158 secundum
1103 1098 1250 1158 rationem
1273 1115 1326 1157 seu
1345 1114 1511 1176 congruen-

60 1116 255 1257 tes-luta,
282 1200 352 1245 eum
377 1184 489 1265 optime
516 1180 679 1243 cohaereat
704 1181 761 1245 hoc
810 1184 884 1243 tiam
898 1180 988 1258 tldei,
1011 1180 1119 1260 idest,
1142 1185 1185 1245 aie
1200 1190 1234 1242 nt
1249 1190 1395 1264 sequatur
1409 1191 1511 1244 rectae

60 1268 167 1350 pultat
190 1268 255 1331 lum
277 1288 346 1331 enm
369 1268 573 1352 praecedente
596 1268 689 1331 verbo
706 1288 761 1331 aes·
809 1268 881 1330 iidei
897 1269 1061 1345 dictamen,
1088 1280 1119 1332 et
1141 1269 1304 1349 diligenter
1326 1278 1447 1342 caveat,
1473 1287 1512 1330 ne

60 1374 138 1419 nuta.
195 1352 313 1423 ochrae
335 1364 435 1419 antem
450 1356 498 1417 his
512 1355 613 1418 verbis
628 1357 759 1437 Aposto·
811 1355 886 1439 qnid
901 1356 951 1417 vel
964 1358 1165 1437 praenuntiet,
1181 1357 1376 1437 quantumvis
1392 1357 1450 1417 sibi
1466 1356 1510 1416 si·

60 1442 354 1525 imcomparatlonls
366 1440 760 1527 superiorlsillampnrtem:
811 1441 917 1504 deatur
931 1441 1088 1525 praeditus
1111 1444 1218 1527 spiritu
1241 1443 1437 1524 prophetico,
1460 1442 1512 1503 vel

60 1546 126 1593 tort
142 1528 283 1597 mon
304 1538 413 1593 actum
435 1530 562 1608 ludent,
585 1548 760 1592 commemo·
809 1549 864 1612 pro
894 1530 1069 1611 Scripturas
1107 1532 1353 1611 interpretatione
1382 1531 1509 1601 adierat,

59 1636 130 1679 rans
145 1616 361 1699 operationum
376 1620 408 1680 ln
424 1618 554 1699 mystico
578 1636 703 1700 corpore
718 1616 761 1679 di·
811 1618 892 1698 quod
908 1638 927 1676 a
941 1617 1047 1699 regula
1063 1618 1135 1680 fidei
1146 1617 1305 1699 discrepet,
1320 1618 1426 1678 autad
1440 1615 1513 1677 fidei

60 1706 254 1777 vertitatem,
279 1704 367 1767 slmnl
393 1703 524 1778 addens,
547 1704 630 1765 illam
653 1724 720 1766 esse
743 1726 762 1767 a
809 1712 987 1785 morumque
1001 1704 1240 1767 aedificationem
1255 1703 1332 1766 nihil
1346 1704 1492 1766 conterat

59 1790 139 1867 Deo,
160 1791 374 1853 desuadeas
394 1810 451 1873 per
469 1791 626 1853 eeclesiam
641 1790 760 1873 dispen-
853 1784 935 1852 Illuc
955 1790 1035 1853 idem
1049 1792 1214 1875 Apostolus
1227 1796 1257 1851 1.
1274 1791 1381 1853 Thess.
1399 1792 1427 1851 5.
1443 1790 1511 1851 vult

62 1886 157 1945 unt&
181 1876 316 1939 Sensus:
338 1878 494 1941 Habentes
507 1878 586 1939 dona
597 1877 720 1940 diversa
731 1886 762 1940 et
810 1879 900 1940 etlam
915 1880 1089 1961 prophetias
1102 1878 1224 1961 probari
1239 1886 1271 1940 et
1286 1876 1453 1961 explorari,
1478 1885 1514 1939 ut

60 1966 156 2039 varia
177 1972 270 2047 prout
290 1966 457 2049 unicnique
474 1974 609 2027 nostrum
623 1985 680 2046 per
694 1984 761 2047 gra·
811 1964 925 2041 solum,
949 1966 1035 2045 qaod
1051 1964 1171 2028 bonum
1186 1973 1230 2026 ast
1244 1984 1280 2025 ec
1295 1983 1387 2027 sanae
1402 1964 1512 2027 doctri·

61 2054 138 2114 tiam
154 2070 242 2113 suam
256 2050 384 2133 largitus
400 2052 554 2114 estDens.
575 2052 655 2112 liam
671 2051 762 2114 dona·
810 2071 868 2117 nae
899 2061 1150 2128 consentaneum,
1179 2060 1324 2113 teneatur.
1362 2048 1435 2113 lien
1467 2061 1514 2113 est

60 2140 160 2201 tenes
187 2136 304 2200 Graeca
332 2134 509 2221 χαρίσματα
535 2147 620 2214 sunt,
649 2139 682 2200 id
708 2148 762 2215 est,
810 2158 924 2215 sensus,
939 2138 1078 2202 distribui
1090 2140 1198 2220 cuique
1210 2137 1321 2199 donum
1335 2138 1513 2221 prophetiae

62 2224 144 2288 dona
157 2226 309 2306 gratuitu
332 2244 400 2287 cum
418 2226 535 2307 alioqui
559 2224 679 2287 donatio
702 2228 762 2309 sig·
810 2246 865 2309 pro
887 2225 1094 2309 magnitudine
1116 2225 1203 2300 fidei,
1230 2243 1321 2306 quarn
1342 2224 1450 2304 habet3
1477 2235 1512 2287 ut

60 2312 164 2375 niteat
184 2320 284 2373 actum
307 2310 447 2374 donandi.
474 2311 657 2395 Hujusmodi
684 2313 763 2373 dona
809 2312 944 2374 nonnulli
960 2322 1077 2394 partem
1092 2313 1171 2374 hanc
1187 2320 1348 2393 exponunt
1384 2310 1513 2373 Constat

61 2398 99 2461 ad
120 2398 252 2463 allorum
271 2400 431 2463 utilitatem
454 2419 599 2461 concessa
612 2398 763 2461 Dominus
811 2402 897 2473 enim,
906 2399 937 2461 id
949 2400 1127 2481 simpliciter
1137 2418 1198 2461 non
1210 2418 1276 2461 esse
1286 2418 1399 2461 verum.
1423 2400 1513 2460 Multi

62 2488 93 2548 in
121 2484 298 2569 Evangelio
320 2484 493 2570 parabolice
522 2494 614 2548 vocat
638 2487 761 2562 talenta,
811 2489 924 2571 quippe
938 2506 1079 2569 magnam
1094 2484 1183 2549 fidem
1197 2485 1328 2559 hebent,
1348 2484 1426 2549 dono
1441 2506 1511 2567 pro·

61 2572 171 2635 llnttln
196 2574 246 2635 to.
267 2572 318 2634 De
345 2572 391 2635 hia
416 2592 533 2635 rursum
553 2575 759 2655 Apostolnal
810 2574 932 2657 phetiae
958 2576 1080 2654 penitus
1106 2573 1250 2635 destituti.
1292 2572 1404 2653 Neque
1433 2592 1513 2635 nnnc

62 2656 132 2721 (lor.
151 2661 212 2735 12,
234 2678 303 2721 cnm
317 2658 357 2720 de
375 2657 637 2723 distributionibus
652 2661 762 2743 grstia
810 2660 920 2722 docere
945 2661 1013 2722 vult
1037 2659 1219 2743 Apostolus,
1254 2658 1407 2739 quomodo
1436 2660 1512 2721 haec

62 2762 129 2807 rum
153 2754 280 2825 ageret:
309 2748 483 2825 Unicuique
488 2792 498 2824 ,
526 2748 636 2830 lnquit,
662 2748 761 2808 datur
811 2748 991 2810 charismata
1005 2750 1217 2831 acquirantur,
1237 2745 1291 2807 sed
1307 2744 1457 2830 quomodo
1472 2746 1514 2807 sit

63 2832 284 2911 memmallo
305 2836 437 2911 epiritess
457 2834 501 2895 od
514 2836 696 2895 utilitatem.
717 2832 761 2894 Et
811 2837 847 2897 lis
861 2831 1013 2896 utendum.
1042 2834 1177 2897 Maxime
1197 2853 1269 2895 vero
1284 2832 1384 2897 locum
1399 2833 1512 2895 habere

63 2918 172 2980 Petrus
190 2924 207 2979 1
223 2918 283 3002 lip.
299 2920 328 2982 t.
355 2920 585 3000 Unusquisque,
606 2922 686 2982 aaut
706 2940 761 2981 oc·
810 2920 902 2982 debet
916 2921 993 2983 haec
1017 2921 1181 2984 admonitio
1202 2922 1235 2981 in
1250 2918 1414 3003 Scriptnris
1437 2920 1510 2981 alle

64 3008 146 3083 cepit
159 3008 314 3083 protinam
334 3009 371 3068 itt
385 3008 578 3070 alterutrum
591 3009 682 3069 illam
699 3007 760 3069 od·
809 3008 912 3089 gorice
927 3007 1175 3088 interpretandis,
1198 3006 1281 3088 qnod
1303 3026 1338 3069 eo
1354 3010 1385 3067 in
1399 3026 1512 3089 genere

62 3096 297 3168 mimmius,
324 3096 405 3156 deest
427 3096 503 3156 betti
528 3095 762 3172 dispenaatores
809 3094 933 3156 nimium
954 3091 1015 3155 sibi
1037 3097 1215 3177 permittere
1237 3092 1357 3175 quidam
1382 3093 1511 3169 soleant,

63 3178 273 3258 multiformia
294 3182 421 3257 mattae
440 3184 512 3243 Dei.
537 3181 623 3242 Idem
646 3181 759 3261 praecl-
808 3186 843 3243 ut
858 3179 931 3243 clim
945 3181 1048 3242 Abbas
1064 3180 1209 3244 Joachim
1225 3189 1255 3241 et
1270 3180 1331 3241 alii.

64 3266 106 3347 pit
120 3265 180 3343 boe
195 3265 262 3327 loco
276 3266 403 3343 Paulus,
426 3267 505 3342 dum,
528 3269 690 3349 subjuncta
704 3267 758 3327 ali-
852 3268 881 3329 7.
903 3268 977 3330 Siva
991 3270 1200 3330 ministerium
1224 3270 1261 3328 in
1282 3268 1507 3330 ministrando.

62 3359 134 3434 qnot
151 3350 301 3415 donorum
322 3372 378 3416 sen
398 3355 582 3417 talentorum
604 3373 759 3414 enumera·
809 3352 925 3415 Graece
939 3357 976 3416 s'tt
990 3357 1176 3417 ministerio.
1204 3354 1264 3415 ilat
1278 3354 1359 3415 enim
1374 3354 1510 3435 ejusdem

61 3440 158 3515 tone,
184 3438 352 3520 sigillatim,
376 3440 526 3522 quomodo
551 3442 590 3502 iis
615 3438 760 3502 utendum
808 3439 1107 3525 vocabulirepetltio.
1130 3440 1511 3503 Sensuaautemestzflive

62 3527 106 3601 a't,
128 3533 353 3587 commonstrat
721 3565 729 3578 ·
808 3526 955 3588 habentes
977 3528 1107 3609 gratiam
1129 3528 1257 3608 alicujus
1278 3526 1438 3589 ministerii
1451 3528 1509 3589 Ee-

101 3614 179 3675 stoa
190 3614 395 3693 prophetiam
408 3612 583 3675 eruendam
597 3616 759 3676 rationem
809 3613 972 3675 clesiastici
988 3616 1020 3676 in
1035 3633 1222 3697 quocumque
1237 3614 1333 3695 gradu
1349 3622 1381 3675 et
1395 3612 1509 3691 urdine,

60 3696 143 3775 fidet
154 3698 340 3777 aaronem,
353 3698 470 3761 Graece
478 3691 655 3778 ἀναλογίαν,
669 3720 759 3782 quant
808 3708 844 3761 nt
857 3707 928 3760 sunt
941 3700 1055 3782 Episco
1078 3709 1161 3777 atus,
1174 3700 1419 3782 Presbyterium,
1433 3699 1507 3762 Dia-

60 3792 173 3847 rocant
199 3788 440 3869 proportionem
477 3785 618 3848 Ciceroni
648 3807 757 3850 conve·
809 3793 1022 3862 conatuesere
1053 3722 1232 3869 gnjusmodi
1245 3789 1372 3868 gratiam
1387 3790 1441 3868 qui
1455 3787 1508 3847 ha·

61 3872 180 3934 nlentia
193 3869 311 3935 dicitnr.
334 3871 528 3954 Prophetiam
547 3873 673 3956 quidam
689 3896 757 3957 pro·
806 3873 873 3948 bet,
895 3872 943 3934 illi
957 3872 1024 3937 dico
1033 3921 1041 3951 ,
1064 3896 1125 3936 non
1140 3872 1199 3936 sibi
1212 3874 1349 3955 placeat,
1371 3872 1426 3934 sed
1441 3892 1508 3933 cum

61 3960 127 4039 pria
146 3958 310 4039 accipiunt,
331 3978 392 4040 qna
410 3958 626 4040 praedicuntur
646 3962 758 4023 lutura.
807 3956 957 4021 modestia
980 3970 1012 4022 et
1033 3980 1105 4023 eura
1133 3961 1174 4022 ad
1199 3961 1325 4022 aliorum
1345 3960 1508 4020 utilitatem

60 4044 122 4108 Alii
147 4044 261 4107 donum
284 4045 504 4127 interpretandi
531 4056 563 4108 st
585 4048 759 4127 exponendi
808 4055 995 4128 exsequatur
1025 4048 1173 4110 creditum
1211 4047 1267 4108 sibi
1304 4046 1508 4119 ministerium,

60 4130 240 4215 Scripturas.
263 4132 434 4195 Verisimile
449 4142 505 4208 est,
520 4132 702 4213 generaliter
713 4136 757 4196 ln·
807 4134 907 4196 sciens
923 4154 957 4196 se
973 4144 1117 4196 vocatum
1142 4132 1182 4195 ad
1197 4153 1290 4215 opus,
1319 4153 1379 4194 non
1401 4130 1440 4193 nd
1455 4132 1507 4192 ho·

60 4218 160 4301 telllgi
190 4218 303 4281 donum
339 4219 535 4282 revelationis
562 4230 758 4297 secretorum,
806 4239 919 4282 norem.
955 4221 1086 4302 Quidam
1101 4221 1141 4283 ad
1156 4219 1299 4283 diaconos
1319 4220 1508 4299 restringunt

58 4316 166 4387 patena
188 4305 230 4368 ad
252 4315 416 4387 atrumque
434 4326 530 4387 genus
548 4308 614 4389 jam
634 4308 757 4370 dictum.
806 4316 931 4390 propter
946 4306 1095 4370 Graecam
1117 4328 1223 4371 vocem
1246 4299 1411 4367 διακονίαν.
1444 4303 1508 4367 Sed

60 4390 111 4455 sie
139 4393 222 4455 enim
252 4394 401 4474 accipitur
430 4399 447 4454 l
472 4392 540 4455 Cor.
570 4396 619 4455 lt.
643 4403 676 4457 et
700 4398 757 4471 14,
806 4394 881 4455 haec
895 4395 974 4455 ratio
989 4415 1049 4457 nun
1064 4404 1159 4476 urget
1185 4395 1305 4456 Passim
1322 4395 1401 4455 enim
1416 4412 1505 4473 gene-

58 4478 308 4561 qnmadnoinn
323 4479 383 4540 illis
404 4479 478 4543 locis
493 4480 676 4543 docebimus.
706 4482 759 4544 Sic
806 4478 912 4541 raliter
934 4484 1083 4564 accipitur
1105 4502 1142 4543 ea
1166 4501 1229 4543 vox
1251 4500 1306 4563 pro
1328 4479 1506 4541 ministerio.

58 4574 89 4629 et
106 4568 138 4629 in
159 4564 216 4629 illa
237 4568 392 4628 sententia
412 4567 555 4629 Proverb.
578 4569 647 4628 tit:
678 4569 758 4630 &sm
806 4566 849 4627 Et
864 4567 1036 4631 inecclesia
1047 4569 1219 4630 divisiones
1229 4569 1507 4647 ministrationum

52 4655 226 4733 propitatio
256 4652 423 4733 defecerit,
458 4654 667 4732 dissipabitur
692 4672 757 4732 po·
807 4672 860 4715 seu
873 4656 1127 4717 ministeriorum
1148 4655 1286 4736 agnoscit
1307 4653 1374 4734 ipso
1389 4653 1507 4715 Paulus

53 4740 160 4818 pales.
808 4746 824 4800 1
842 4736 980 4803 (lot-iniit
994 4747 1052 4820 tt,
1067 4738 1229 4824 dequibus
1244 4760 1281 4805 ae
1295 4738 1362 4802 loeo
1377 4739 1476 4823 plura.

1232 4837 1299 4880 tit!
