3254 5190
466 265 632 323 tentem
649 266 689 321 ao
707 263 855 322 1101111108.
891 264 975 321 ms
996 265 1104 319 lb-lb.
1442 271 1512 352 16¹2

63 463 118 521 per
133 442 287 521 spiritum,
301 461 392 523 quern
407 450 595 524 acceperunt,
610 442 710 503 Deum
726 443 767 502 in·
816 441 848 501 in
862 460 899 500 es
913 440 1064 520 relinquit,
1079 439 1123 501 uti
1138 439 1289 503 nonnullis
1305 438 1440 514 videtnr3
1463 439 1514 497 val

62 537 175 589 vocant
188 536 227 589 ut
240 537 366 608 patrans
389 530 432 591 Io
446 532 569 603 timore,
594 526 711 589 Graece
722 519 768 596 εἰς
816 529 922 607 potius,
935 542 966 588 et
976 529 1115 608 sequenti
1123 527 1203 607 parti
1212 527 1432 606 congruentius,
1443 526 1515 605 quia

63 607 178 690 φόβον,
203 613 245 675 acl
267 617 413 677 timorem.
440 617 630 695 Augustinus
654 615 705 676 lib.
730 613 768 674 ds
817 615 862 674 sic
882 612 956 675 tecit
977 612 1126 675 bominem
1150 612 1302 675 abstinere
1318 613 1357 675 ab
1373 611 1515 671 exteriori

65 702 174 782 spiritu
187 709 221 760 et
231 701 321 763 litera
332 723 398 782 cop.
411 703 461 763 32.
478 706 513 762 in
525 705 672 762 timorem
683 700 768 779 legit
817 711 846 762 et
856 699 1017 761 manifesta
1029 700 1108 779 legis
1116 701 1361 778 transgressione,
1374 706 1514 759 attamen

65 789 166 867 Igitur
187 787 328 866 spiritum
351 789 502 849 servitutis
525 790 556 849 in
578 788 693 860 timore,
716 785 768 848 vel
817 787 959 855 latentem
975 787 1005 845 in
1024 788 1124 849 animo
1146 783 1294 865 peccandi
1318 783 1515 864 cupiditatem

64 873 101 934 ad
115 875 271 946 timorem,
293 875 374 935 idem
390 875 518 954 August.
534 876 565 935 in
581 874 769 954 expositione
816 893 875 934 non
887 882 981 933 sanet.
1004 873 1134 952 bpiritus
1147 891 1219 951 ergo
1236 871 1401 945 servitutis,
1417 868 1449 929 id
1460 877 1515 949 est,

65 981 185 1042 propos
202 962 255 1022 52.
277 979 345 1021 eum
367 961 505 1040 spiritum
529 959 684 1040 intelligit,
713 961 768 1037 put
817 978 979 1031 servorum,
991 979 1043 1019 seu
1053 959 1151 1039 qualis
1163 959 1306 1020 convenit
1314 957 1418 1018 servis.
1435 955 1535 1025 Nan,

65 1047 201 1108 lubebat
215 1051 329 1121 mortis
343 1050 523 1124 imperium,
539 1048 573 1106 id
584 1055 639 1124 cst,
655 1045 767 1106 diobo-
818 1066 853 1107 eo
867 1045 955 1106 modo
967 1046 1064 1124 jussis
1086 1064 1201 1126 parere,
1225 1052 1255 1103 et
1269 1064 1289 1103 a
1303 1043 1407 1111 vetitis
1423 1042 1513 1102 absti-

65 1135 141 1209 taur,
165 1141 204 1193 ut
228 1131 339 1194 dicitur
358 1132 436 1195 Heb.
459 1138 486 1195 2.
509 1132 573 1196 Sub
596 1154 657 1214 quo
678 1129 769 1207 (sicut
816 1152 896 1205 nere,
912 1151 1065 1192 servorum
1081 1140 1135 1204 est,
1152 1133 1332 1210 quitantum
1344 1128 1382 1188 od
1395 1128 1513 1189 oculum

66 1219 180 1282 ibidem
204 1216 358 1299 sequitur)
381 1222 494 1282 timore
516 1223 626 1282 mortis
642 1236 703 1296 per
717 1226 767 1280 to·
817 1217 945 1281 dominis
960 1226 1076 1297 parent,
1099 1226 1130 1278 et
1150 1219 1297 1298 imperata
1312 1216 1435 1277 iaciunt.
1458 1213 1512 1274 At·

65 1315 128 1367 tum
144 1309 252 1368 vim
268 1307 398 1368 obooett
413 1314 506 1368 eram
524 1309 670 1368 seruituti
685 1312 767 1367 vete·
816 1325 875 1386 que
896 1303 953 1365 hoc
976 1323 1119 1365 vocamus
1141 1304 1293 1364 serviliter
1309 1312 1341 1362 et
1355 1322 1415 1362 non
1437 1301 1512 1362 libe·

64 1395 101 1454 ris
115 1393 295 1453 tastamenti
304 1392 370 1453 filii.
395 1392 617 1456 Probatautem
632 1392 765 1453 huncin-
815 1393 918 1453 taliter
934 1392 1055 1451 servire.
1086 1390 1157 1450 Non
1180 1397 1280 1450 tanim
1303 1389 1396 1468 hujus
1419 1386 1512 1450 illibe-

64 1478 230 1551 tallsctum,
252 1481 327 1560 quia
341 1481 463 1559 spiritui
476 1481 629 1540 servitutis
645 1477 767 1560 opponit
815 1479 886 1538 ralis
902 1477 1054 1536 servitutis
1069 1485 1154 1537 autor
1170 1487 1216 1537 est
1231 1477 1360 1556 Spiritus
1377 1485 1509 1547 sanctus,

64 1565 231 1647 Apostolus
247 1567 388 1646 spiritum
404 1566 584 1645 adoptionis,
608 1565 679 1627 dum
695 1584 764 1625 con·
814 1564 870 1626 sed
892 1565 1013 1635 timoris,
1037 1565 1226 1643 conjunctam
1249 1561 1386 1623 habentis
1408 1561 1508 1641 bnjus·

65 1656 145 1714 tinno
160 1651 337 1732 subjungit:
360 1654 413 1715 scd
435 1657 597 1730 accepistis
616 1654 765 1731 spiritum
814 1650 894 1712 modi
909 1651 1091 1710 servitutem.
1115 1649 1207 1730 Quod
1221 1648 1367 1729 significat
1379 1651 1508 1729 Aposto-

65 1740 260 1816 sdopts'osrt's.
284 1740 346 1822 Qui
361 1760 427 1801 curn
441 1739 628 1818 intelligetur
637 1739 765 1820 Spiritus
813 1736 860 1797 lus
876 1736 996 1798 dicens:
1012 1737 1055 1797 cd
1070 1740 1228 1810 timorem,
1245 1735 1361 1797 scilicet
1375 1743 1409 1796 ut
1423 1735 1507 1795 effec—

65 1835 198 1901 sanatns,
214 1846 277 1887 non
291 1828 401 1907 poterit
414 1827 536 1907 spiritus
551 1827 705 1888 servitutis
720 1824 765 1885 illi
812 1835 875 1884 turn
890 1831 920 1883 et
934 1821 1044 1884 donum
1066 1824 1194 1904 spiritua
1216 1822 1304 1883 Unde
1326 1822 1420 1901 magis
1441 1842 1508 1903 pro-

66 1914 233 1974 contnrina
256 1912 399 1993 intelligi,
429 1913 488 1973 nisi
512 1913 635 1994 spiritus
658 1911 764 1985 malus,
814 1911 877 1990 prie
891 1910 1027 1989 spiritum
1041 1911 1162 1978 timoris,
1185 1928 1276 1988 quarn
1298 1911 1432 1989 spiritum
1448 1929 1508 1968 ser·

65 1998 166 2071 idest,
190 1998 341 2061 diabolus.
812 1997 916 2057 vitatis
931 1996 988 2059 boo
1002 1996 1061 2057 Dei
1078 1997 1188 2057 donum
1202 1995 1412 2076 appellaveris,
1436 2002 1507 2054 tam-

102 2085 224 2147 Varum
238 2105 313 2147 sans
327 2086 424 2164 magis
435 2105 598 2147 consonum
608 2092 656 2146 est
670 2084 763 2146 histo
813 2084 870 2143 atsi
892 2084 1026 2145 timorem
1049 2083 1189 2144 servilem
1216 2101 1282 2142 esse
1304 2082 1366 2142 Dei
1389 2081 1508 2154 donum,

66 2174 124 2232 risa
140 2191 262 2244 saone,
284 2171 324 2233 sd
339 2191 430 2252 qnam
445 2173 569 2252 respicit
583 2171 708 2244 Paulus,
731 2178 765 2230 ut
813 2168 950 2231 absolute
965 2168 1026 2229 dici
1046 2176 1164 2250 potest3
1187 2167 1336 2248 quomodo
1359 2167 1448 2228 fidem
1463 2168 1507 2228 in·

65 2256 251 2338 intelligatur
276 2260 398 2338 spiritns
423 2259 500 2334 Dei3
523 2259 567 2319 sic
590 2267 705 2329 umen,
730 2265 765 2317 ut
812 2255 936 2319 formem
951 2274 1018 2317 esse
1033 2256 1093 2317 Dei
1108 2254 1227 2327 donum,
1251 2253 1388 2315 absolute
1404 2272 1505 2315 conce·

63 2344 151 2422 juxta
177 2345 350 2424 scripturae
373 2343 618 2413 consuetudinem
641 2343 764 2424 spiritus
812 2341 886 2402 dunt
897 2349 927 2402 et
937 2340 1046 2404 docent
1054 2341 1221 2421 Theologi3
1234 2359 1341 2422 nempe
1353 2341 1507 2422 quotides,

64 2430 236 2512 recipiatur
257 2431 458 2511 metonymice
480 2451 535 2511 pro
562 2431 650 2503 dono,
677 2430 763 2509 cnjus
812 2449 872 2492 non
886 2437 983 2489 autern
999 2435 1148 2510 quatenus
1163 2426 1294 2488 informis
1310 2435 1365 2488 est

65 2526 152 2578 sutor
171 2525 221 2577 est
243 2519 377 2598 spiritus.
400 2516 479 2577 Nom
501 2518 600 2579 Exod.
617 2518 668 2577 20.
691 2515 765 2576 dicit
854 2516 904 2577 llx
917 2514 963 2577 bis
976 2515 1065 2578 etiarn
1080 2514 1207 2577 solvitur
1218 2522 1432 2593 argomemum,
1448 2532 1506 2593 quo

65 2604 164 2666 Ποσει
184 2602 227 2663 sd
249 2605 403 2684 populum,
425 2603 529 2665 andita
543 2605 611 2685 lege
625 2603 764 2683 perterri-
811 2602 988 2673 movebatur
1002 2601 1196 2682 Augustinus,
1211 2608 1246 2661 ut
1260 2601 1398 2681 spiritum
1414 2599 1505 2661 servi·

65 2700 126 2752 tum
140 2710 179 2751 ac
194 2709 310 2769 pavore
330 2703 524 2752 concussum:
554 2693 593 2752 Ut
611 2690 764 2767 probaret
811 2689 885 2749 tutis
900 2690 930 2750 in
942 2691 1050 2757 timore
1062 2687 1214 2751 diabolum
1226 2687 1411 2768 intelligeret
1426 2686 1506 2748 Nam

66 2796 129 2852 oos,
154 2779 246 2839 versit
259 2779 357 2852 Deras,
373 2785 403 2837 et
417 2784 453 2838 ut
468 2785 572 2839 terror
586 2777 674 2838 illius
689 2783 764 2837 essct
810 2777 888 2837 inter
900 2773 979 2854 dona
990 2781 1091 2856 potegt
1101 2793 1168 2838 esso
1179 2773 1327 2855 quaedam
1339 2773 1506 2847 antithesis,

66 2868 98 2925 iss
120 2863 222 2925 uobis.
243 2863 287 2924 Et
306 2863 394 2926 Dans
416 2861 456 2924 ad
477 2864 586 2924 Mosen
606 2864 700 2924 Dent
716 2867 761 2924 bc
810 2871 845 2924 ut
865 2862 944 2923 inter
965 2864 1101 2943 timorem
1117 2869 1299 2936 etamorem,
1321 2881 1447 2943 quorum
1462 2868 1505 2920 ts·

66 2954 141 3030 Quia
156 2950 222 3025 det,
247 2950 343 3010 talem
357 2970 409 3011 cos
429 2951 542 3011 bobcrc
557 2958 704 3025 merstem,
726 2956 763 3009 ut
810 2969 878 3010 men
898 2967 976 3011 unus
997 2948 1138 3031 idemque
1159 2946 1286 3027 Spiritus
1307 2949 1346 3010 sit
1368 2956 1455 3010 autor
1477 2956 1506 3009 et

65 3041 201 3099 mut
215 3037 290 3096 noc?
312 3036 499 3117 Quisautarn
512 3036 572 3111 slat,
588 3034 762 3098 nisiDeus?
810 3035 1068 3117 dstor,nt11pgo
1091 3035 1265 3113 Victorinus
1285 3036 1452 3106 annotavit,
1475 3043 1506 3095 et

103 3124 235 3186 Baetim
261 3124 351 3203 igitur
379 3122 457 3184 idem
483 3125 550 3204 ipse
574 3124 763 3203 Augustinus
811 3123 950 3202 agnoscit
959 3122 1296 3201 ipseAugustinsernr.
1306 3121 1504 3203 supracitato.

64 3230 152 3273 sam.
172 3214 224 3273 13.
240 3208 279 3270 de
296 3208 396 3273 verbis
411 3210 560 3290 Apostoli,
583 3217 614 3271 et
628 3209 681 3270 alii
695 3217 764 3289 post
811 3209 881 3289 Quo
897 3218 999 3271 autam
1014 3229 1104 3271 sensu
1119 3209 1273 3269 servitutis
1288 3209 1408 3289 spiritus
1424 3206 1502 3268 dica·

64 3308 156 3369 surn,¹
171 3317 230 3378 per
257 3298 393 3377 spiritum
417 3298 572 3358 servitutis
598 3298 629 3358 in
651 3297 763 3367 timore,
798 3305 874 3385 atur,
901 3316 966 3356 curn
992 3316 1052 3356 non
1078 3297 1116 3356 sit
1141 3303 1227 3355 antor
1251 3295 1419 3370 servitutis,
1440 3295 1504 3374 jorn

64 3384 331 3465 spiritumtimoris
341 3384 502 3463 accipiunt,
518 3383 550 3447 id
561 3392 615 3457 est,
629 3383 763 3444 timorem
811 3382 1004 3445 ostendimus.
1026 3383 1076 3455 An
1094 3401 1167 3442 vero
1189 3381 1310 3462 spiritus
1333 3383 1390 3443 iste
1412 3382 1504 3442 servi·

64 3471 210 3533 divinitus
232 3470 395 3544 incussum,
422 3489 482 3549 quo
503 3472 590 3532 Deus
609 3480 643 3531 ut
661 3470 763 3550 justus
810 3471 884 3530 tntis
901 3471 931 3529 in
944 3470 1050 3531 timore
1064 3470 1105 3531 sit
1119 3468 1197 3530 idem
1220 3488 1286 3529 oum
1303 3469 1408 3549 spirito
1423 3469 1505 3539 tioro-

63 3567 260 3640 pscratornm
280 3556 394 3620 vindex
414 3557 456 3617 its
475 3559 607 3632 timetur,
628 3563 713 3617 uteo
728 3556 764 3616 ti·
811 3559 861 3632 ris,
884 3555 922 3618 de
938 3576 998 3636 qno
1013 3555 1146 3637 loquitur
1160 3554 1324 3635 Apostolus
1339 3558 1358 3616 2
1375 3556 1454 3617 Tim.
1470 3560 1505 3628 1.,

63 3664 147 3708 mora
161 3644 293 3725 correpti
315 3643 449 3705 homines
469 3645 642 3705 abstineant
658 3640 698 3703 ab
714 3662 763 3703 ox·
812 3664 849 3704 eo
864 3642 929 3704 loco
945 3641 1157 3724 expendemus.

63 3741 152 3795 tuno
171 3749 268 3812 opere
288 3732 415 3811 peccati,
435 3730 518 3811 qnod
539 3731 608 3810 lage
621 3729 683 3792 Dei
698 3749 765 3810 pro·
855 3730 935 3804 Jam,
958 3729 1040 3810 quod
1055 3729 1103 3789 bic
1119 3727 1215 3801 addit,
1237 3731 1364 3806 terum,
1387 3729 1508 3809 respicit

63 3819 196 3883 bibitum
218 3836 287 3879 asse
308 3819 416 3879 sciunt
438 3817 519 3879 Nam
542 3826 575 3878 at
595 3817 644 3877 hic
670 3816 764 3890 timor,
811 3815 894 3877 haud
910 3815 1006 3889 dubie,
1022 3816 1097 3876 sicut
1114 3823 1184 3876 ante
1199 3809 1329 3888 dixisse
1344 3815 1507 3895 legislatio·

65 3905 121 3968 ani
133 3904 216 3969 filios
229 3904 291 3967 Dei
304 3923 365 3966 non
379 3903 480 3979 iaciat,
504 3901 705 3965 numerandus
719 3913 763 3964 ta·
813 3923 881 3966 uem
902 3902 1013 3965 iactam
1034 3902 1065 3965 in
1087 3911 1187 3964 monte
1207 3902 1300 3977 Sinai,
1322 3901 1443 3982 quando
1463 3903 1505 3961 in·

64 4012 135 4055 man
149 4000 200 4056 ast
213 3991 293 4054 inter
303 3990 384 4052 dona
396 3991 465 4066 Dei,
480 3992 539 4052 imo
557 3999 586 4052 et
601 3985 639 4067 (si
655 3990 697 4049 ita
712 4010 763 4071 ep·
812 4010 887 4070 gens
902 3991 990 4050 timor
1007 3996 1038 4051 et
1052 3998 1146 4053 terror
1157 3989 1269 4070 populo
1287 3990 1438 4049 immissus
1454 3997 1507 4062 est,

64 4072 291 4161 pellarsvoles)
299 4077 429 4160 Spiritus
441 4078 550 4152 sancti3
573 4077 763 4157 nonquidem
812 4075 909 4139 Exod.
934 4081 982 4140 19.
1000 4086 1030 4137 et
1046 4077 1103 4149 20,
1128 4077 1212 4154 cnjus
1235 4095 1352 4136 rursum
1375 4075 1509 4136 meminit

66 4165 283 4229 ustuanti·
298 4163 448 4227 bominem
471 4158 531 4240 (est
546 4165 624 4225 enim
640 4164 765 4226 effectus
813 4163 893 4225 Heb.
906 4165 955 4224 12.
978 4163 1090 4225 Sensus
1101 4163 1192 4242 igitur
1203 4171 1260 4222 est:
1273 4162 1342 4222 Non
1354 4162 1432 4222 enim
1444 4180 1508 4233 vos,

65 4253 141 4335 legis
156 4273 196 4314 aa
207 4254 380 4313 tastamenti
395 4251 514 4325 veteris,
529 4271 588 4312 non
601 4247 694 4327 novi),
710 4250 764 4312 sod
813 4251 909 4312 renati
922 4270 977 4331 per
988 4248 1141 4312 Christum
1158 4251 1189 4309 in
1206 4248 1361 4327 baptismo,
1377 4247 1509 4328 accepis·

67 4350 168 4404 tamen
183 4338 362 4412 cohibentis,
383 4359 423 4400 ne
437 4341 469 4398 in
483 4346 616 4418 opertam
632 4358 764 4418 prorum·
813 4341 851 4398 tis
866 4337 977 4398 donum
997 4338 1111 4399 timoris
1133 4335 1259 4409 servilis,
1285 4334 1365 4415 quod
1385 4354 1508 4414 accepe-

67 4436 120 4509 pat
133 4427 213 4507 legis
232 4427 515 4506 transgressionem.
813 4433 887 4498 runt,
903 4424 1011 4506 quibus
1027 4425 1097 4486 olim
1112 4422 1162 4484 lex
1177 4422 1248 4484 data
1264 4433 1312 4485 est
1325 4443 1380 4504 per
1395 4423 1509 4483 Mosen.

105 4515 203 4577 Porro
219 4513 377 4575 servitutis
400 4514 523 4592 spiritns
544 4515 632 4573 timor
647 4511 700 4574 ille
714 4532 765 4572 vo·
814 4514 907 4573 Forte
920 4512 1009 4573 etism
1022 4511 1125 4575 dicens
1137 4515 1254 4572 ttcmm
1269 4508 1399 4573 attendit
1409 4516 1510 4590 patres

65 4610 159 4676 asur,
173 4601 206 4664 id
217 4609 271 4676 ast,
284 4601 373 4662 timor
385 4600 513 4673 servilis,
528 4599 578 4659 vel
590 4601 662 4681 quie
675 4621 693 4660 a
706 4617 764 4660 ser·
815 4620 927 4672 eorum,
939 4598 977 4658 nd
990 4619 1067 4681 quos
1083 4599 1195 4671 scribit,
1210 4597 1302 4672 idest,
1314 4595 1509 4658 Judaeorum.

65 4692 162 4754 vituts
183 4690 302 4772 pemati
324 4686 473 4749 bominem
495 4707 556 4757 non
572 4686 690 4759 liberat,
712 4686 765 4748 sed
815 4685 962 4751 scribitur
982 4688 1059 4748 enim
1076 4686 1151 4747 baec
1173 4685 1308 4766 epistola,
1332 4687 1412 4747 sicut
1426 4684 1510 4747 initio
