3254 5190
136 276 156 342 6
649 268 882 325 eomrnvrrnms
900 268 932 322 nv
950 268 1016 322 cnr.
1035 269 1053 322 1.

135 449 221 513 sicut
248 449 406 535 scripturn
435 455 504 515 est:
541 449 658 516 Justus
693 457 803 516 autern
833 468 874 513 ex
900 447 964 514 lide
993 449 1076 516 vivit
1090 440 1125 532 ¹).
1183 453 1240 517 18.
1274 449 1457 517 Revelatur
1493 451 1581 516 enim

134 553 184 618 ira
210 552 276 619 Dei
304 552 344 618 de
373 554 485 638 coelo,
520 573 619 639 super
647 574 775 619 omnem
802 554 1008 638 impietatem
1038 559 1072 619 et
1099 554 1294 640 injustitiam
1321 554 1489 621 homiuum
1518 575 1580 620 eo-

134 676 206 722 rum
218 646 264 742 ²),
306 658 360 745 qui
388 658 565 723 veritatem
593 659 658 724 Dei
685 660 718 724 in
745 657 907 744 injustitia
935 656 1103 723 detinent:
1143 660 1200 724 19.
1236 659 1311 746 quia
1347 656 1436 746 quod
1462 665 1581 725 notum

137 765 187 826 est
212 760 288 845 Dei,
316 761 525 827 manifestum
555 768 606 827 est
633 763 665 828 in
693 762 767 828 illis.
822 761 914 827 Deus
943 762 1027 826 enim
1056 763 1120 828 illis
1147 761 1381 828 manifestavit.
1431 763 1491 828 20.
1520 762 1581 827 In·

135 863 280 930 visibilia
309 866 393 931 enim
415 866 517 951 ipsius
540 886 559 931 a
583 874 737 934 creatura
759 864 872 932 mundi
894 885 954 950 per
978 885 1028 951 ea,
1057 865 1253 954 quaefacta
1281 870 1365 950 sunt,
1393 866 1581 950 intellecta,

136 969 383 1055 conspiciuntur
396 959 441 1050 3);
471 971 673 1056 sempiterna
701 990 830 1057 quoque
860 971 930 1054 eJus
957 971 1081 1055 virtus,
1111 978 1144 1035 et
1171 970 1346 1036 divinitas:
1374 971 1423 1035 ita
1449 976 1486 1035 ut
1514 971 1583 1035 sint

136 1071 379 1139 inexcusabiles
392 1069 429 1155 ⁴).
485 1075 544 1140 21.
583 1072 669 1158 Quia
704 1093 778 1141 cum
813 1075 1054 1160 cognovissent
1082 1074 1211 1161 Deum,
1247 1094 1312 1139 non
1348 1073 1434 1139 sicut
1469 1073 1582 1139 Deum

135 1176 421 1263 glorificaverunt,
462 1184 520 1243 aut
555 1178 682 1264 gratias
715 1182 873 1262 egerunt:
914 1174 974 1242 sed
1010 1182 1215 1243 evanuerunt
1249 1179 1283 1242 in
1318 1176 1583 1262 cogitationibus

137 1282 222 1366 suis,
260 1288 294 1346 et
321 1279 532 1347 obscuratum
571 1287 622 1347 est
649 1282 806 1367 insipiens
841 1301 897 1347 cor
931 1271 1099 1363 eorum⁵):
1142 1282 1200 1346 22.
1239 1279 1389 1346 dicentes
1423 1281 1510 1346 enim
1545 1301 1582 1347 se

137 1405 208 1451 esse
237 1386 421 1471 sapientes,
459 1386 552 1451 stulti
585 1384 666 1450 iacti
698 1374 824 1467 sunt⁶).
880 1385 939 1450 23.
972 1385 1016 1449 Et
1048 1390 1261 1451 mutaverunt
1293 1386 1432 1470 gloriam
1466 1387 1582 1450 incor-

136 1487 303 1575 ruptibilis
324 1490 390 1555 Dei
417 1492 450 1555 in
473 1489 720 1556 similitudinem
740 1490 893 1575 imaginis
916 1488 1141 1575 corruptibilis
1163 1489 1314 1574 hominis,
1344 1494 1377 1555 et
1396 1490 1582 1575 volucrum,

135 1600 168 1659 et
197 1592 458 1682 quadrupedum,
487 1598 522 1658 et
549 1595 750 1679 serpentium
765 1583 801 1674 ⁷).
845 1593 904 1657 24.
932 1593 1075 1679 Propter
1104 1593 1192 1680 quod
1219 1592 1357 1658 tradidit
1384 1593 1460 1659 illos
1485 1593 1582 1660 Deus

133 1698 166 1762 in
195 1696 362 1764 desideria
390 1696 500 1762 cordis
528 1717 652 1783 eorum,
681 1699 714 1763 in
742 1696 1001 1764 immunditiam:
1029 1702 1067 1763 ut
1089 1697 1298 1763 contumeliis
1326 1695 1472 1762 afficiant
1501 1717 1579 1762 cor·

131 1820 215 1888 pora
243 1820 302 1867 sua
329 1804 362 1866 in
390 1801 578 1887 semetipsis
591 1792 633 1883 ⁸):
663 1803 721 1868 25.
751 1803 806 1890 qui
829 1806 1116 1867 commutaverunt
1141 1801 1316 1866 veritatem
1340 1801 1405 1867 Dei
1426 1802 1460 1866 in
1482 1820 1580 1866 men·

133 1903 280 1970 dacium:
310 1912 343 1970 et
371 1904 562 1990 coluerunt,
592 1912 626 1970 et
654 1907 839 1972 servierunt
866 1911 1039 1971 creaturae
1066 1906 1177 1991 potius
1204 1925 1302 1993 quam
1331 1902 1494 1989 Creatori,
1524 1905 1581 1993 qui

133 2015 184 2075 est
211 2007 408 2074 benedictus
435 2010 469 2073 in
497 2009 641 2095 saecula,
670 2010 789 2095 Amen.
845 2011 904 2075 26.
941 2010 1127 2095 Propterea
1155 2008 1294 2074 tradidit
1321 2009 1396 2074 illos
1422 2009 1517 2075 Deus
1546 2010 1581 2074 in

33 2188 37 2193 ,
130 2114 302 2200 passiones
328 2113 539 2198 ignominiae.
577 2114 661 2178 Nam
684 2113 826 2179 feminae
848 2132 960 2179 eorum
984 2113 1242 2178 immutaverunt
1263 2112 1448 2178 naturalem
1482 2132 1579 2178 usum

130 2217 164 2283 in
192 2235 267 2283 euru
293 2237 399 2302 usum,
428 2218 483 2305 qui
512 2223 563 2282 est
591 2222 707 2283 contra
732 2223 896 2283 naturam.
951 2218 1011 2282 27.
1039 2215 1199 2282 Similiter
1227 2221 1337 2283 autern
1365 2221 1400 2282 et
1427 2217 1578 2300 masculi,

129 2321 248 2387 relicto
283 2321 427 2387 naturali
462 2341 523 2388 usu
557 2320 716 2406 feminae,
754 2328 949 2387 exarserunt
984 2322 1018 2386 in
1055 2318 1229 2386 desideriis
1263 2321 1330 2386 suis
1363 2320 1397 2385 in
1423 2321 1579 2406 invicem,

129 2424 267 2490 masculi
291 2428 324 2491 in
346 2425 510 2491 masculos
532 2424 769 2512 turpitudinem
794 2431 980 2511 operantes,
1011 2429 1045 2490 ei
1066 2423 1264 2509 mercedem,
1292 2444 1390 2511 quam
1418 2426 1579 2510 oportuit,

129 2529 251 2596 erroris
291 2530 341 2596 sui
381 2530 415 2595 in
455 2531 641 2615 semetipsis
681 2531 892 2616 recipientes.
949 2531 1008 2595 28.
1049 2528 1094 2593 Et
1127 2529 1213 2594 sicut
1249 2548 1314 2593 non
1349 2525 1581 2613 probaverunt

127 2633 237 2699 Deum
270 2631 395 2699 habere
432 2633 466 2698 in
498 2634 637 2699 notitia:
674 2633 814 2699 tradidit
850 2632 926 2698 illos
951 2632 1045 2699 Deus
1079 2633 1111 2698 in
1147 2630 1327 2717 reprobum
1354 2651 1505 2715 sensum,
1540 2639 1579 2698 ut

128 2736 253 2803 faciant
287 2757 439 2825 eaquae
468 2757 533 2803 non
561 2740 781 2821 conveniunt,
819 2736 878 2801 29.
915 2738 1062 2822 repletos
1090 2737 1177 2801 omni
1205 2736 1400 2823 iniquitate,
1436 2736 1577 2821 malitia,

128 2840 356 2925 fornicatione,
381 2843 533 2927 avaritia,
555 2842 715 2928 nequitia,
734 2842 851 2927 plenos
865 2839 1001 2925 invidia,
1025 2838 1214 2924 homicidio,
1240 2841 1464 2926 contentione,
1487 2837 1578 2925 dolo,

127 2945 355 3030 malignitate,
390 2964 602 3030 susurrones,
639 2945 698 3011 30.
734 2945 961 3029 detractores,
997 2945 1072 3010 Deo
1110 2942 1270 3028 odibiles,
1307 2944 1577 3027 contumeliosos,

127 3047 306 3135 superbos,
335 3051 462 3133 elatos,
498 3051 688 3115 inventores
714 3051 893 3133 malorum,
929 3046 1126 3134 parentibus
1161 3069 1228 3114 uon
1263 3046 1476 3132 obedientes,
1515 3049 1576 3113 31.

127 3154 333 3240 insipientes,
361 3155 609 3239 incompositos,
638 3154 707 3220 sine
737 3154 922 3236 allectione,
953 3151 1078 3241 absque
1107 3151 1254 3237 foedere,
1284 3154 1355 3219 sine
1382 3153 1575 3217 misericor·

129 3259 194 3324 dia.
233 3258 292 3323 32.
323 3257 387 3342 Qui
416 3277 488 3323 eum
512 3258 676 3344 Justitiam
700 3258 765 3324 Ilei
788 3258 1032 3343 cognovissent,
1059 3278 1124 3322 non
1144 3256 1391 3342 intellexerunt,
1420 3259 1577 3343 quoniam

129 3363 184 3450 qui
213 3362 293 3427 talia
321 3369 441 3447 agunt,
479 3361 569 3448 digni
598 3367 673 3427 sunt
700 3368 825 3428 morte:
861 3367 896 3427 et
928 3382 992 3427 non
1028 3363 1134 3427 solum
1172 3363 1228 3447 qui
1263 3379 1303 3426 ea
1339 3361 1483 3445 iaciunt,
1517 3360 1578 3425 sed

130 3467 230 3534 etiam
259 3466 314 3553 qui
342 3466 554 3533 consentiunt
580 3465 791 3532 iacientibus.

610 3757 813 3826 Silllllllllllll
835 3758 962 3826 eitius
984 3757 1091 3824 iiiiii.

129 3883 223 3937 Paulus
248 3884 300 3935 lieo
323 3884 422 3945 gratius
447 3881 500 3944 ogit
524 3893 571 3944 pro
598 3879 649 3933 ilde
673 3880 860 3932 Romanorum:
887 3879 1001 3930 declarat
1025 3890 1099 3930 suam
1124 3879 1350 3942 promptitudinem
1379 3879 1577 3940 evangelizandi

199 3953 332 4014 omnibus,
357 3951 434 4003 etiam
452 3950 580 4002 Romanis.
615 3950 651 4000 iix
670 3948 720 4001 ilde
739 3948 868 4012 evangeiii
889 3946 995 4011 justitia.
1032 3948 1152 4011 arguitur
1175 3948 1333 4010 ingratitudo
1352 3947 1493 4010 sophorum
1511 3961 1577 4010 sen·

198 4021 295 4084 tilium,
321 4021 364 4086 qui
381 4020 462 4071 noum
482 4030 513 4071 ex
533 4017 656 4069 creaturis
683 4016 812 4080 cognitum
831 4029 884 4068 nou
902 4016 1115 4080 glorificaverint:
1141 4029 1171 4068 er
1192 4028 1242 4080 que
1262 4018 1287 4069 iu
1306 4016 1491 4078 idololatrium,
1514 4029 1577 4070 ruer

200 4091 224 4142 in
244 4091 427 4155 ignominiosus
446 4088 578 4150 libidines,
597 4088 706 4152 denique
724 4088 750 4139 in
769 4086 819 4137 ulia
837 4088 936 4139 scelera
954 4086 1066 4149 prolapsi
1085 4087 1144 4137 siut.

174 4200 293 4257 Penius.
324 4197 441 4257 Nomen
464 4215 549 4277 suurn
573 4195 721 4274 epistolae
743 4214 828 4274 prae·
877 4194 996 4269 Christi,
1020 4192 1216 4253 conditionem
1234 4212 1316 4253 auam
1336 4202 1424 4274 atque
1448 4196 1577 4257 officium

130 4287 196 4366 figit
217 4285 379 4364 Apostolus
406 4303 487 4342 more
518 4281 597 4340 illius
621 4282 746 4355 saeculi,
777 4301 829 4360 po·
879 4282 977 4340 statim
999 4282 1031 4340 iu
1053 4279 1150 4339 fronte
1173 4280 1319 4359 epistolae
1336 4281 1516 4360 praetendat
1541 4285 1577 4344 iis

131 4372 273 4432 tissimum
302 4371 452 4431 Romano:
483 4379 544 4428 turn
573 4377 606 4427 ut
635 4367 744 4427 additia
767 4368 828 4447 epi·
878 4369 917 4429 ad
950 4387 1026 4447 quos
1060 4366 1169 4426 scribit.
1214 4367 1304 4427 Hnuc
1334 4375 1434 4427 autem
1464 4389 1576 4429 morem

133 4459 231 4532 thetis,
244 4442 412 4535 bujusmodi
423 4466 500 4529 suut,
514 4474 617 4515 servus
629 4454 830 4534 etApostolus
878 4455 1019 4516 observat
1036 4462 1067 4514 et
1084 4455 1259 4514 incaeteris
1283 4454 1425 4534 epistolis,
1449 4465 1577 4536 excepta

238 4634 425 4703 1)Ηθ1).2,4.
462 4634 486 4703 2)
506 4638 544 4691 Ci.
564 4649 586 4687 v.
604 4638 646 4688 23.
664 4649 701 4699 sq.
737 4632 761 4701 8)
780 4638 832 4688 Art.
855 4638 894 4702 ii,
917 4639 954 4689 iii.
990 4634 1015 4703 ⁴)
1033 4637 1104 4690 Vers.
1124 4639 1165 4689 32.
1190 4636 1249 4699 cap.
1269 4639 1293 4700 2,
1315 4639 1353 4689 ii.
1370 4649 1424 4701 seq.
1460 4633 1484 4701 ξ·)
1504 4639 1577 4690 vers.

134 4706 174 4761 it.
209 4703 347 4774 ⁶)icor.
369 4706 390 4769 i,
409 4708 450 4760 20.
488 4703 619 4772 'lineola
638 4706 663 4769 ii,
685 4706 723 4758 iii.
759 4700 784 4769 8)
803 4706 873 4758 vers.
892 4708 933 4758 26.
952 4719 1005 4773 seq.
