3254 5190
148 276 225 345 alo
662 271 1085 331 commensuretur.

146 464 281 523 eamque
294 447 435 509 miseror.
456 446 613 528 Leguntur
626 448 703 510 haee
718 449 844 513 totidem
935 449 1030 511 Porro
1045 449 1136 529 hujus
1151 449 1211 512 loni
1226 451 1329 513 varias
1342 459 1416 516 sunt
1430 454 1586 532 expositio·

147 533 248 593 verbis
264 533 344 614 apud
363 534 477 611 Lxx,
497 555 517 596 a
538 535 648 616 quibus
671 555 708 596 ea
730 537 843 601 Paulus
892 557 945 597 nes
964 536 1047 614 apud
1068 546 1195 600 veteres.
1218 538 1302 613 Una,
1328 559 1390 620 qua
1405 538 1520 600 dictum
1533 541 1587 601 hoo

146 621 276 701 aceepit.
298 620 377 681 Nam
403 623 435 682 in
459 622 603 684 Hebraeo
626 624 728 684 omnia
749 623 842 684 futuri
891 625 1035 702 accipitur
1050 644 1090 684 ex
1104 644 1235 705 persona
1246 623 1421 699 adversarii,
1432 625 1586 689 velutrsn

145 708 286 786 temporis
298 716 368 768 sunt
378 708 480 770 verba.
491 708 679 771 Sententiam
686 730 757 772 vero
769 711 842 771 Hie·
891 708 1053 771 absurdam
1068 712 1225 773 inferentis
1240 731 1280 772 ex
1294 713 1437 791 Apostoli
1450 713 1585 794 disputa·
1621 748 1625 781 s

145 813 288 873 ronymus
297 795 840 875 interprositarsddiditzdlisereber,
890 799 989 870 tione,
1012 805 1155 878 tanquam
1182 798 1254 859 indo
1282 808 1443 880 sequatur,
1470 802 1586 863 manem

144 883 196 940 eui
212 882 360 956 voluero,
385 891 414 943 et
436 884 571 945 elnaem
593 903 664 958 aro,
686 887 724 946 in
746 902 840 961 quem
890 903 957 945 esse
979 904 1096 949 omnem
1118 893 1252 947 nostrum
1275 889 1585 962 consumsimus
1617 920 1623 959 1

143 968 222 1026 mihi
233 969 404 1044 placuerit.
421 970 621 1050 Quaen-ereio
635 970 723 1031 nobis
739 979 785 1033 est
799 972 841 1032 lo·
890 973 1053 1042 miseretur,
1070 973 1437 1052 cujuscumquovolusrit.
1461 972 1584 1052 Quass-
1615 1008 1626 1051 t

144 1073 179 1114 oo
203 1059 414 1118 commentarii.
437 1057 595 1138 Signifiost
616 1058 712 1133 enim,
739 1059 841 1119 Deum
890 1057 972 1118 tione
987 1059 1078 1118 etiam
1094 1061 1252 1141 sequentia
1266 1059 1425 1139 usquead
1446 1060 1583 1123 illud:0
1614 1098 1624 1137 2

142 1143 286 1216 misereri,
298 1144 538 1225 quibuscumque
548 1144 687 1218 soluerit,
699 1143 840 1224 eligendo
889 1145 997 1218 homo,
1014 1153 1050 1205 tu
1064 1150 1135 1222 qais
1150 1165 1198 1221 es,
1213 1149 1269 1222 qui
1283 1147 1481 1223 respondeas
1495 1149 1584 1209 Deo?
1620 1201 1627 1216 ,

143 1247 197 1288 eus
213 1228 252 1288 ad
267 1229 397 1292 salutem
412 1253 452 1293 ex
466 1231 531 1295 solo
556 1230 745 1313 beneplacito
768 1250 841 1293 suaa
890 1232 1062 1293 existimant
1074 1253 1175 1314 aeque
1194 1232 1275 1293 diota
1290 1252 1356 1295 esse
1370 1254 1389 1293 a
1398 1233 1515 1309 Paulo,
1528 1254 1582 1295 non
1612 1274 1620 1313 Ι

141 1314 318 1378 voluntatis.
889 1318 921 1377 in
944 1337 1013 1390 aua,
1041 1319 1095 1380 sod
1116 1318 1349 1382 oontrsdioentis
1374 1340 1518 1400 persons.
1538 1320 1582 1383 Its
1612 1342 1619 1399 ,·

185 1403 322 1485 Utroque
341 1413 442 1465 sutem
461 1406 596 1467 membro
614 1425 737 1486 prorsus
757 1404 840 1465 idem
888 1403 1130 1483 chrysostomus,
1142 1415 1173 1469 et
1187 1407 1270 1486 apud
1280 1405 1497 1469 ceoumenium
1511 1408 1582 1469 Phe

143 1489 342 1570 significatur,
368 1512 408 1552 ne
438 1494 506 1573 quis
532 1492 645 1555 irustrs
666 1492 786 1555 laboret
809 1493 839 1552 in
887 1492 945 1550 tius
961 1494 992 1551 in
1007 1491 1096 1572 hujus
1111 1494 1170 1555 loei
1182 1495 1407 1569 commentario,
1422 1514 1581 1557 aarursum
1624 1563 1627 1566 ,

142 1578 314 1658 quaerendo
329 1578 500 1641 discrimine
514 1581 593 1642 inter
606 1579 729 1641 verbum
747 1579 839 1659 priori
888 1577 1042 1657 chrysost.
1055 1581 1134 1643 hom.
1152 1583 1201 1642 12.
1216 1582 1247 1641 iu
1259 1582 1345 1660 epist
1358 1579 1399 1643 ad
1409 1581 1493 1643 Hsb.
1508 1582 1580 1643 Item

142 1672 174 1723 et
186 1668 342 1744 posteriori
356 1666 423 1726 looo
437 1668 568 1748 positum
589 1670 622 1728 in
648 1685 838 1748 quecumque
887 1665 1010 1726 Hieron.
1027 1679 1143 1747 quaest
1161 1669 1209 1729 10.
1225 1667 1266 1728 ad
1280 1666 1454 1735 Hedibiana
1478 1668 1577 1731 Mami·

140 1751 251 1830 liugua,
266 1753 428 1834 quodiaeit
436 1753 611 1832 cajetanus,
620 1755 787 1836 priorilooo
795 1755 837 1814 iu·
886 1754 932 1813 uit
946 1754 1037 1815 etiam
1049 1756 1211 1835 Augustin.
1223 1754 1274 1815 lib.
1282 1753 1578 1835 depraedaturos
1615 1815 1627 1828 ,

140 1840 282 1920 telligens
296 1841 530 1902 misericordiam
545 1842 747 1904 conferentem
759 1844 838 1904 bons
886 1860 953 1919 osp.
970 1844 998 1900 7.
1014 1842 1127 1903 Verum
1142 1849 1212 1923 post
1223 1849 1357 1903 uxorum
1368 1841 1577 1905 munsture
1604 1888 1613 1927 ι

140 1929 279 2006 gratuita,
294 1929 452 2009 posteriori
466 1929 649 1991 auferentem
662 1931 751 1991 mals.
777 1928 837 1991 Sed
885 1928 975 2008 legii,
991 1930 1039 1989 oui
1054 1929 1237 2007 patrocinari
1251 1928 1414 1991 videbatur
1436 1927 1576 2008 emundi
1620 2001 1627 2008 q

139 2013 196 2074 hoo
210 2014 322 2076 frustra
337 2023 369 2076 et
383 2018 447 2077 sins
460 2015 665 2078 fundamento.
689 2018 756 2079 Neo
780 2016 838 2077 sibi
885 2016 1088 2093 interpretatio
1109 2011 1189 2093 (nam
1212 2023 1243 2075 et
1263 2017 1329 2096 ipse
1349 2014 1497 2095 Pelagius
1517 2035 1575 2079 asu
1603 2064 1611 2100 ,

11 2108 15 2123 '
140 2109 266 2176 nonant
281 2122 374 2183 quum
389 2104 421 2162 in
434 2101 576 2164 Exodum
590 2104 739 2179 scribens,
754 2105 837 2184 prius
885 2104 947 2164 suis
963 2104 1184 2163 commentariis
1199 2098 1349 2179 inseruit),
1363 2104 1477 2164 morito
1490 2103 1575 2182 rsjse
1607 2165 1627 2174 -

139 2186 264 2248 verbum
279 2198 411 2269 exponat
425 2190 464 2252 ds
479 2193 619 2252 interiore
632 2191 837 2252 miserationis
884 2198 916 2251 ta
931 2197 977 2249 ost
992 2195 1023 2247 et
1037 2189 1219 2268 improbata3
1246 2191 1423 2269 praesertim
1445 2210 1513 2251 oum
1532 2207 1574 2251 nee

138 2273 262 2350 affeetu,
277 2278 426 2356 posterius
442 2278 481 2339 de
497 2297 587 2358 opere
601 2279 750 2339 exteriori
774 2277 835 2337 No·
884 2295 944 2357 qus
959 2277 1113 2337 eontextni
1127 2275 1286 2335 verborum
1298 2276 1446 2355 Apostoli,
1462 2273 1574 2341 nisistl·
1600 2350 1605 2359 ¹

136 2357 185 2420 bis
197 2360 295 2422 dioere
305 2363 515 2438 suffioiatesss
526 2366 731 2444 repetitionem
742 2364 836 2425 inaul-
883 2361 1004 2425 modum
1017 2362 1158 2434 violente,
1173 2363 1272 2440 possit
1286 2362 1433 2441 adaptari,
1449 2381 1572 2425 nauseo
1606 2425 1627 2440 fl

138 2448 237 2508 erutis
252 2468 314 2509 rem
329 2449 468 2528 eandsm,
486 2470 541 2530 pro
555 2452 671 2529 majora
686 2452 753 2529 ejus
768 2471 836 2512 oon·
883 2470 923 2530 po
937 2448 1051 2513 serviat
1065 2448 1264 2527 Apostolioae
1278 2448 1508 2528 disputationis,
1528 2445 1573 2510 sed
1599 2496 1607 2511 .

136 2532 312 2595 firmatione.
328 2535 419 2616 Quod
436 2542 469 2600 in
480 2538 635 2618 seripturis
646 2536 836 2618 Prophetieis
883 2536 981 2616 magis
994 2544 1151 2614 repugnet.
1616 2599 1627 2614 ¹

137 2627 185 2680 est
197 2619 352 2700 frequens.
924 2620 1572 2701 Estigituralteroemmentsrius,quoses'e

178 2705 351 2768 Notandum
366 2717 414 2770 est
427 2717 538 2784 autem,
551 2709 663 2783 Duum,
677 2709 754 2770 hsso
767 2727 835 2773 ver·
882 2709 1002 2789 piuntur
1017 2707 1137 2785 quidem
1151 2708 1227 2768 hese
1242 2706 1336 2769 verba
1349 2705 1435 2769 diota
1456 2726 1497 2769 ex
1515 2725 1573 2788 per

136 2789 178 2852 ba
188 2790 337 2854 dicentem
351 2794 390 2855 sd
404 2795 524 2870 Mosen,
539 2797 709 2875 exprimere
723 2794 833 2859 voluis·
882 2813 956 2855 sons
968 2793 1124 2872 Apostoli,
1152 2793 1206 2854 sed
1220 2813 1289 2853 oum
1304 2793 1484 2857 exclusione
1496 2791 1573 2857 hut

136 2896 171 2937 so
185 2896 269 2939 anam
284 2880 436 2960 quandam
450 2883 601 2962 insignem
612 2883 834 2963 proprietatem,
881 2881 962 2943 laeta
975 2880 1008 2948 in
1027 2878 1145 2957 duobus
1168 2880 1320 2960 prioribus
1341 2879 1498 2957 membris,
1522 2881 1572 2941 hoo

135 2963 218 3044 quod
241 2967 381 3029 nimirum
405 2969 552 3047 gramitus
576 2970 618 3029 sit
641 2967 833 3040 benefactor,
880 2966 987 3029 modo:
1010 2965 1102 3046 Quod
1128 2967 1197 3045 quis
1211 2966 1324 3027 boum
1337 2966 1412 3029 velit
1427 2975 1461 3028 ot
1475 2984 1572 3047 opere

135 3051 187 3131 qui
203 3053 285 3113 nulla
299 3051 368 3133 loge
382 3053 423 3115 ad
436 3053 619 3135 praestruis
632 3053 782 3117 benefioia
795 3055 834 3115 sit
881 3062 944 3127 tur,
959 3074 1021 3115 non
1036 3062 1083 3115 est
1097 3052 1228 3117 volentis
1242 3059 1375 3127 tantum¹
1398 3072 1500 3134 neque
1514 3073 1572 3115 aar

134 3135 303 3214 adstrictus,
319 3139 374 3201 sad
389 3160 489 3222 aspro
502 3141 625 3204 arbitrio
637 3141 758 3216 tribuat,
769 3140 834 3221 qui·
880 3141 973 3205 rantis
987 3147 1111 3212 tantum,
1125 3139 1240 3201 seilicet
1254 3138 1394 3214 hominis,
1419 3139 1478 3201 sod
1492 3141 1575 3203 ausu

134 3221 190 3284 bus
206 3224 345 3287 voluerit
365 3227 515 3304 Proinde,
538 3229 592 3309 qni
613 3229 644 3289 in
667 3228 724 3289 hso
746 3234 833 3308 parte
879 3226 942 3287 Dei
956 3227 1131 3287 miserentis.
1146 3224 1377 3306 Huuuquoque
1390 3244 1517 3289 sensum
1529 3223 1575 3289 sd·

135 3311 318 3388 exponenda
331 3313 458 3375 miseere
467 3315 688 3394 praevisionem
699 3332 832 3396 opernm,
881 3312 963 3375 duoit
977 3312 1133 3393 chrysost
1157 3311 1234 3373 louis
1248 3312 1436 3387 memoratis,
1461 3333 1500 3375 so
1511 3319 1578 3395 ped

136 3406 221 3457 -ut
232 3407 448 3461 commentator
454 3401 559 3463 Amhr.
568 3401 758 3481 stPelsgius,
767 3410 798 3463 st
806 3399 833 3461 si
882 3419 951 3460 eum
966 3397 1087 3461 Oeeum
1102 3397 1220 3459 Indioat
1234 3399 1326 3460 stiam
1339 3398 1466 3463 Hieron.
1481 3398 1535 3463 lib.
1550 3402 1577 3459 1.

136 3485 189 3563 qui
199 3484 258 3558 alii,
270 3481 508 3549 iacientes'huno
518 3507 655 3551 sensum:
666 3487 833 3549 liiserebor
881 3485 952 3547 dial.
967 3484 1037 3547 adv.
1053 3484 1159 3565 Pelag.
1180 3505 1246 3565 cap
1263 3485 1302 3560 2.,
1317 3492 1348 3545 ot
1362 3483 1446 3547 olsro
1459 3502 1578 3567 expres

135 3570 211 3648 ejus,
227 3591 316 3652 quem
328 3571 453 3652 dignum
467 3574 533 3638 sors
547 3593 616 3635 mea
627 3572 832 3636 misericordis
880 3573 921 3633 sit
936 3569 1027 3652 Greg.
1042 3571 1169 3635 Nsaiau.
1184 3571 1317 3633 oratione
1332 3574 1384 3633 81.
1399 3571 1449 3634 his
1462 3572 1578 3637 sorbis:

133 3657 329 3735 praevidere,
349 3668 457 3741 utpote
472 3669 645 3723 secuturum
665 3680 765 3722 meam
780 3678 831 3720 vo·
880 3660 954 3719 Non
969 3660 1115 3733 volentis,
1131 3659 1165 3719 id
1180 3666 1235 3734 est,
1251 3675 1320 3718 non
1339 3658 1446 3720 solam
1464 3661 1576 3723 uolass-

134 3745 292 3811 estionem.
307 3746 395 3828 eique
406 3768 606 3824 assensurum,
617 3778 658 3789 -
670 3749 692 3809 ii
702 3746 832 3810 Paulum
880 3747 929 3820 tis,
945 3763 1004 3805 nec
1019 3748 1176 3806 canentis
1190 3744 1476 3819 calamitatium
1485 3749 1578 3809 mise

132 3850 193 3891 non
208 3832 305 3893 solum
319 3843 442 3913 praeter
455 3836 552 3916 ipsius
566 3842 698 3896 mentem
713 3841 744 3895 et
765 3853 830 3896 soo-
879 3834 978 3892 rrntis
997 3835 1069 3894 Dei.
1092 3831 1238 3894 Similiter
1260 3839 1330 3892 ants
1350 3832 1407 3894 hos
1430 3831 1578 3915 Origenes

131 3937 219 3998 pum,
234 3918 288 3980 sed
304 3922 395 3981 etiam
409 3931 647 3984 eontrasensum
662 3921 829 3994 vorborum,
878 3918 929 3978 lib.
945 3919 976 3979 3·
991 3917 1030 3979 de
1045 3918 1199 3999 principiis
1214 3938 1279 3997 oap.
1298 3923 1325 3978 1.

131 4023 222 4084 quem
236 4005 352 4086 liquido
368 4009 549 4089 praeierunt,
563 4010 807 4089 interpretantur.
921 4005 983 4085 Qui
998 4024 1104 4066 sensns
1119 4007 1177 4067 etsi
1199 4024 1291 4066 verus
1313 4006 1371 4077 sit,
1392 4025 1456 4067 nou
1476 4016 1577 4073 umen

176 4093 225 4153 16.
236 4094 417 4170 Ipitaraon
428 4097 573 4173 volentis,
586 4115 687 4172 neque
695 4112 829 4155 carrea·
877 4091 946 4153 huio
957 4088 1024 4154 loeo
1036 4095 1187 4153 convenit
1198 4092 1270 4153 Non
1281 4093 1361 4154 enim
1368 4092 1505 4173 explicat
1516 4092 1577 4154 ullo

130 4181 179 4253 tis,
196 4180 250 4240 sed
264 4183 441 4243 miserentis
456 4191 500 4244 est
514 4186 585 4245 Dei.
607 4181 697 4244 Velle
718 4181 829 4263 signiti-
875 4179 964 4240 modu
977 4178 1024 4253 id,
1047 4178 1129 4259 quod
1144 4178 1314 4258 Apostolus
1334 4177 1476 4241 intendit.
1498 4178 1577 4241 Nam

130 4274 179 4326 eat
193 4276 296 4327 actum
310 4268 468 4331 internum.
491 4270 530 4330 In
551 4268 701 4330 vocabulo
724 4287 828 4331 sursus
876 4266 966 4327 simili
981 4265 1189 4346 supplemento
1201 4266 1338 4327 converti
1348 4274 1454 4344 posset
1463 4286 1577 4328 sermo:

128 4353 390 4431 metaphoram,
414 4377 477 4436 qua
499 4357 683 4436 significatur
698 4356 828 4417 exterior
875 4351 944 4413 Non
961 4360 1007 4412 est
1021 4353 1188 4413 miserentis
1207 4353 1285 4426 Dei,
1311 4352 1365 4413 sed
1388 4350 1524 4415 solentis
1545 4359 1576 4415 st

128 4441 208 4498 aetio
224 4459 279 4500 sen
293 4444 489 4516 conversatio,
504 4464 572 4504 oum
583 4441 684 4504 studio
699 4451 730 4503 et
742 4441 827 4502 sedu-
875 4440 1021 4501 ourrsntis
1036 4439 1164 4500 hominis
1174 4461 1182 4515 3
1193 4441 1265 4519 quia
1279 4439 1419 4501 nimirum
1433 4460 1515 4520 opus
1524 4442 1575 4502 ho·

127 4523 213 4586 litate
228 4528 397 4607 conjuncta
420 4528 512 4590 Unde
527 4530 572 4591 sit
596 4535 613 4590 1
630 4530 697 4591 cor.
715 4531 758 4590 e:
776 4531 828 4590 sic
874 4546 944 4588 num
959 4546 1019 4587 non
1033 4526 1126 4586 solius
1142 4534 1188 4587 est
1201 4525 1269 4600 Dei,
1296 4524 1350 4587 sed
1364 4528 1459 4591 etiam
1472 4528 1574 4589 huma·

127 4631 241 4690 sano,
268 4634 336 4677 non
350 4619 443 4692 qaam
458 4619 495 4679 in
509 4619 676 4679 insertam.
698 4617 741 4676 Et
755 4613 825 4676 Gal.
873 4633 932 4674 nae
946 4611 1117 4675 voluntatis.
1133 4612 1203 4692 Quo
1219 4611 1374 4673 interulis
1396 4623 1575 4695 argumento

66 4748 69 4753 .
129 4699 174 4761 A:
189 4703 280 4767 aare
294 4702 475 4766 waimis
869 4700 953 4777 juste
973 4701 1076 4779 rsjieit
1096 4699 1176 4762 hano
1197 4700 1421 4781 expositionem
1439 4704 1575 4785 August·
