3254 5190
474 281 644 339 EPISTULA!
659 282 700 339 hl)
716 279 866 339 ntum
901 283 987 339 md
1005 284 1030 337 1.
1047 284 1072 336 t.
1427 288 1500 357 199

55 456 440 540 mbnmvidnmqnn
449 461 758 538 meaaaparatio,seu
804 457 875 519 dnm
903 459 1029 519 munitur
1056 457 1252 538 praeteritum
1280 455 1502 537 imperfectum,

56 546 200 605 alienatio
214 565 236 607 a
250 542 382 618 Christo,
396 566 457 607 nou
470 553 523 618 est,
549 565 606 607 nec
620 564 689 607 asae
702 566 755 626 po·
804 546 896 606 mam
920 564 982 605 non
1005 542 1110 606 addita
1136 552 1282 605 consueta
1307 541 1416 604 vocula
1442 532 1479 601 ds
1488 584 1500 615 ‚

56 640 110 694 tort
130 630 307 695 ordinabile
323 630 457 693 medium
475 630 514 692 ed
536 631 665 695 sulutem
682 632 755 694 alio·
803 651 893 712 qnam
903 630 953 693 hic
964 630 1195 710 subintelligunt
1205 637 1326 705 autores
1335 628 1500 691 memorati

56 739 131 790 ιιι,
154 717 294 798 ideoque
315 737 373 781 nee
393 717 518 781 adeum
532 718 623 781 finem
637 719 753 799 optabi·
802 718 909 797 Neque
920 718 1000 779 enim
1010 717 1060 777 hic
1070 716 1225 781 commode
1236 715 1306 777 addi
1318 717 1428 796 potnit3
1440 735 1502 775 non

56 805 161 865 haret.
803 803 927 884 quidem
951 811 1022 863 ante
1048 804 1173 866 verbum
1204 803 1290 865 initio
1320 802 1502 874 sententiae,

91 891 192 951 Porro
206 890 239 951 S.
253 890 432 970 flieronyn
446 890 478 951 in
503 892 589 970 epist
605 889 645 951 ad
659 889 752 966 Alga-
803 910 870 951 curn
884 889 924 949 eit
938 892 1142 970 postpositiva
1155 887 1321 969 pinnicula,
1337 890 1415 949 sicut
1430 880 1501 964 γὰρ,

55 980 126 1039 dam
152 984 275 1057 quaest
303 979 350 1049 9.,
376 985 407 1037 et
431 977 462 1037 in
485 985 639 1038 comment.
662 996 755 1057 snper
803 978 903 1051 enim,
927 995 1028 1055 neque
1047 984 1117 1056 post
1131 976 1258 1038 verbum
1272 974 1310 1035 ob
1325 994 1502 1036 concursum

54 1065 178 1125 zecha
197 1067 249 1125 14.
263 1063 425 1125 matham
444 1063 654 1143 interpretatur
676 1083 754 1139 enm,
802 1063 927 1139 alterius
943 1061 1048 1124 similis
1063 1062 1238 1208 particulae,
1261 1060 1411 1142 siquidem
1426 1060 1501 1121 dure

53 1153 102 1233 qui
115 1169 176 1231 per
190 1156 320 1211 mortem
333 1148 516 1229 corporalem
537 1158 693 1229 separatur
714 1151 753 1211 ab
803 1157 892 1211 sonat
906 1139 1042 1226 ηὐχόμην
1089 1139 1196 1226 νγὰρ,·
1212 1147 1323 1209 idcirco
1340 1147 1435 1209 omitti
1449 1145 1500 1207 de·

53 1239 206 1300 hominnm
221 1237 392 1311 tamenim
407 1236 556 1315 quomodo
572 1243 603 1296 et
615 1235 755 1297 Christus
802 1236 876 1297 buit.
910 1235 981 1296 Non
1007 1234 1157 1297 dissimilis
1182 1242 1229 1296 est
1250 1253 1323 1295 usus
1344 1234 1502 1313 praeteriti

55 1326 158 1385 licitur
183 1322 284 1383 fadus
304 1321 511 1397 maledictum,
533 1323 607 1403 quia
628 1323 752 1403 ἰςιιοιιιί-
803 1321 974 1401 imperfecti,
990 1322 1008 1381 2
1026 1319 1095 1382 Cor.
1113 1326 1179 1382 11.:
1194 1312 1306 1397 ’ὄφελον
1324 1311 1501 1395 ἀνείχεσθε,

55 1413 135 1473 mora
148 1418 253 1471 morte
267 1409 400 1488 eorporis
421 1409 547 1469 edecus.
565 1416 619 1469 est.
643 1409 755 1489 Itaque
801 1412 931 1471 atinam
945 1409 1153 1483 sustinebatis,
1169 1427 1223 1486 pro
1235 1409 1438 1469 sustineretis.
1450 1405 1501 1466 Sic

56 1499 161 1570 sentit,
176 1493 363 1575 Apostolum
376 1493 489 1569 dicere,
505 1493 588 1576 qnod
603 1497 754 1574 optaverit
803 1504 834 1554 et
848 1496 951 1555 Latini
966 1494 1131 1571 interdum;
1153 1503 1189 1555 ut
1209 1495 1398 1573 Augustinus
1414 1499 1500 1553 tract.

57 1584 232 1663 smguinem
247 1601 334 1642 snum
356 1578 483 1643 fundere
499 1591 529 1642 et
548 1582 678 1642 animam
700 1602 752 1661 po·
802 1583 844 1641 50
859 1600 950 1660 snper
964 1581 1128 1642 Joannem:
1149 1581 1286 1661 Quando
1303 1582 1430 1641 Lazaro
1447 1581 1501 1639 in-

58 1690 122 1731 sere
150 1690 210 1750 pro
237 1668 339 1735 salute
360 1668 500 1744 fratrnm3
526 1666 753 1750 quodquidam
801 1668 952 1746 ferebatis
966 1687 1089 1744 necem,
1105 1668 1264 1746 namquid
1279 1669 1422 1728 Domino
1438 1685 1500 1727 an-

58 1758 202 1819 naximee
225 1755 360 1817 cerinis
381 1753 522 1817 indicium
544 1763 605 1825 eet,
631 1754 754 1815 dicente
800 1755 952 1832 ferebatis
961 1757 1174 1831 potestatem?
1186 1775 1240 1835 pro
1252 1755 1425 1832 inferretis,
1438 1771 1500 1813 aa·

60 1844 200 1904 llunino:
222 1843 383 1916 Maiorem
405 1843 463 1903 ltaa
477 1843 678 1903 dilectionem
693 1860 753 1902 ne·
801 1842 937 1919 ferretis.

61 1950 102 1992 no
114 1930 213 1991 tcta
219 1974 232 2004 ‚
248 1935 286 1989 nt
300 1930 446 1989 animam
461 1948 552 1990 neom
563 1935 669 2005 ponat
683 1932 754 2006 qais
845 1925 917 1989 Jam
931 1935 965 1987 ut
980 1927 1090 1989 clarius
1104 1927 1164 2002 fiat
1180 1926 1253 2009 qnid
1268 1927 1350 2006 apud
1365 1925 1497 1985 Paulum

59 2014 502 2093 remunerandorum.
802 2015 842 2073 sit
855 2014 1029 2087 anathema,
1051 2035 1109 2077 nou
1125 2015 1182 2075 hoc
1205 2022 1322 2074 tantum
1344 2012 1428 2084 loco,
1447 2011 1501 2072 sed

92 2102 154 2164 Sed
168 2103 245 2163 huic
261 2101 430 2163 intellectui
445 2103 556 2163 resistit
569 2101 674 2163 addita
687 2121 754 2181 par·
802 2110 832 2160 et
847 2099 920 2160 alibi
935 2096 1016 2176 (nam
1032 2109 1060 2160 et
1076 2100 1150 2161 alias
1165 2107 1306 2183 usurpat,
1329 2107 1365 2158 nt
1386 2103 1402 2158 1
1431 2096 1499 2158 (lor.

61 2189 158 2263 fitnla,
183 2209 206 2251 a
228 2190 362 2251 canan.
393 2186 455 2267 Qui
477 2189 556 2249 euim
576 2189 754 2267 martyrium
804 2186 1501 2265 1t.et16.,et(tct1.‚significationem

61 2276 129 2337 ubit
142 2272 387 2356 proiratrihns,
411 2295 472 2335 non
493 2275 528 2334 fit
550 2275 713 2336 anathema
734 2294 755 2334 a
800 2270 925 2348 mutata)
941 2272 1104 2346 sciendum,
1119 2274 1151 2335 id
1171 2295 1190 2333 a
1204 2273 1305 2333 LXX.
1328 2272 1497 2350 interpreti·
1587 2324 1593 2338 ,

62 2362 190 2435 dhrim
204 2361 262 2423 sed
283 2361 381 2439 magis
397 2363 426 2422 ei
442 2363 650 2441 conjungitur,
661 2361 755 2439 juxta
801 2358 857 2425 bus
872 2369 905 2423 et
926 2368 1145 2442 consequenter
1160 2358 1371 2438 ahApostolis,
1387 2357 1499 2419 dictum

60 2449 123 2511 llud
138 2447 281 2527 ejusdem
296 2447 451 2526 Apostoli:
479 2449 581 2525 (lupia
605 2447 752 2521 dissolvi,
803 2464 870 2508 esse
899 2447 1077 2519 anathema,
1112 2446 1196 2528 qnod
1223 2445 1358 2508 Hebraei
1387 2452 1499 2506 vocant

61 2543 156 2597 nerse
172 2553 248 2596 enm
262 2536 397 2609 Christo,
416 2533 496 2595 Phil.
515 2538 542 2593 1.
558 2533 679 2595 Deinde
694 2554 755 2596 non
802 2543 936 2611 rimu
949 2533 1110 2608 hhormah3
1125 2533 1207 2614 qnod
1215 2542 1246 2595 et
1254 2534 1460 2611 Hieronymus
1468 2532 1498 2591 in

10 2616 12 2691 ζ
61 2621 166 2685 dicuat
188 2621 362 2698 aptabam,
389 2621 443 2683 sed
465 2630 550 2701 opt03
575 2620 753 2699 praesertim
800 2638 855 2678 sua
868 2622 1006 2681 versione
1023 2621 1118 2681 semel
1133 2630 1164 2682 et
1175 2622 1280 2681 iterum
1293 2619 1411 2681 Graeca
1422 2636 1498 2678 voce

10 2702 12 2713 '
60 2711 122 2788 quic
144 2729 209 2770 non
223 2709 488 2787 tempraeteritum
500 2708 647 2781 affectum,
662 2727 754 2787 quam
801 2706 1080 2786 exposuitdicens:
1102 2709 1228 2783 horma,
1243 2708 1278 2767 id
1293 2714 1346 2782 est,
1362 2706 1497 2766 anathe-

59 2803 243 2875 praaaentem
269 2792 425 2859 declarare
447 2793 583 2869 volebat,
608 2803 638 2853 et
665 2793 754 2855 ardor
800 2793 1341 2868 mc,utNum.t1.etJudicum1.
1364 2793 1497 2853 Descen-

59 2881 201 2943 snleundi
215 2882 353 2960 martyrii
366 2902 420 2961 pro
436 2880 579 2942 iratribus
593 2901 653 2942 non
667 2882 699 2940 in
715 2901 751 2942 eo
802 2881 846 2941 dit
859 2889 959 2942 annm
975 2901 995 2940 a
1008 2880 1112 2943 radice
1126 2891 1231 2959 mn
1247 2880 1381 2953 hharam,
1396 2878 1427 2938 id
1443 2887 1499 2953 est,

58 2967 352 3048 mirixentqnando
364 2966 753 3041 haecmribchatsedcum
802 2968 932 3042 oceidit,
960 2968 1093 3043 delevit,
1130 2969 1362 3028 exterminavit.
1399 2965 1498 3044 Igitur

58 3057 177 3117 cature
190 3056 291 3134 magis
306 3055 337 3113 in
354 3054 419 3117 dies
434 3061 540 3116 anctus
560 3053 667 3115 fuerat.
690 3053 751 3114 De·
799 3054 952 3116 Hebraeis
973 3053 1119 3115 hhormah
1147 3052 1306 3114 dicebatur
1330 3052 1380 3113 vel
1399 3052 1498 3125 homo,

57 3144 141 3222 nune
155 3142 237 3205 nihil
250 3141 403 3221 singulare
419 3142 509 3219 juxte
529 3140 611 3202 hunc
632 3159 752 3203 nusum
800 3140 1096 3222 valresqnaepiam,
1112 3160 1272 3221 quaecum
1288 3139 1498 3201 exsecratione

57 3227 165 3291 diceret
187 3227 319 3301 Paulus,
334 3229 385 3307 qni
413 3248 468 3308 pro
493 3225 628 3289 omnium
654 3225 752 3287 salute
800 3228 844 3287 ita
857 3226 994 3289 imiditns
1011 3227 1176 3300 delebatur,
1191 3236 1225 3287 nt
1239 3225 1341 3307 quoad
1352 3226 1418 3287 fieri
1428 3244 1495 3306 pos·

56 3324 176 3379 mrtem
191 3316 297 3377 subire
311 3322 376 3377 etat
386 3315 602 3394 paratissimus.
626 3311 694 3392 Quo
706 3333 751 3375 ar·
801 3322 862 3389 set,
877 3314 952 3375 nihil
967 3314 1035 3392 ejus
1049 3314 1198 3393 reliquum
1209 3321 1358 3389 maneret3
1373 3331 1496 3392 quomo·

56 3412 193 3480 mento
205 3401 441 3479 chrysostomus
454 3421 521 3463 eam
532 3401 752 3481 expositionem
801 3399 839 3462 do
850 3402 937 3480 jussu
951 3401 1013 3463 Dei
1027 3399 1179 3462 dmhucta
1194 3410 1225 3461 et
1239 3400 1338 3461 deleta
1352 3399 1410 3460 fnit
1424 3400 1495 3460 civi·

56 3497 219 3569 oppugnat
235 3488 298 3549 Alii
313 3487 391 3551 alios
404 3506 512 3551 senam
527 3488 587 3550 huc
601 3485 752 3561 adierunt,
800 3496 847 3549 tas
863 3488 1002 3563 iericho,
1017 3487 1117 3550 Jorue
1133 3491 1178 3561 6.,
1199 3496 1229 3549 et
1251 3489 1328 3547 aliae
1349 3485 1497 3567 quaedam

56 3595 128 3656 quos
140 3575 309 3639 videreaat
323 3573 405 3655 apud
419 3575 573 3637 Toletum.
799 3574 889 3637 urbes
906 3572 1168 3649 Ohanenaeornm
1193 3593 1214 3633 a
1232 3573 1302 3635 filiis
1317 3573 1414 3634 Israel
1429 3593 1497 3635 cum

92 3661 193 3725 liubin
206 3662 342 3725 maxime
363 3662 509 3740 probatur
529 3680 633 3725 eorum
657 3680 749 3741 expo·
798 3669 871 3722 voto
885 3660 1054 3741 hujusmodi
1069 3661 1323 3723 exteminationis
1345 3678 1497 3741 expugua-

56 3750 136 3823 ddo,
150 3750 207 3830 qui
221 3748 303 3811 hune
317 3746 587 3819 semumtaciunt:
609 3744 752 3828 Optarem
799 3755 864 3822 tae,
886 3747 976 3811 Num.
999 3750 1050 3809 21.
1072 3748 1111 3809 Id
1127 3749 1219 3828 igitur
1232 3748 1331 3811 LXX.
1346 3753 1492 3812 vocarunt

56 3854 106 3915 ago
120 3838 200 3917 ipse,
215 3836 244 3896 ei
258 3835 373 3910 liceret,
398 3836 469 3897 etsi
482 3835 544 3898 heri
558 3842 669 3915 posset,
684 3854 752 3897 esse
800 3834 968 3898 anathema.
1002 3833 1092 3897 Unde
1116 3834 1198 3914 apud
1226 3835 1348 3897 eosdem
1369 3834 1497 3897 verbum

56 3923 216 3985 ntum
227 3941 251 3983 a
263 3920 401 3996 enan,
422 3920 456 3983 id
476 3928 524 3985 est
546 3929 702 4002 seperatus
721 3928 752 3982 et
802 3913 1046 3999 ἀναθεματίζειν,
1057 3922 1318 3994 maffiemadnnra
1330 3919 1364 3980 id
1370 3930 1425 3995 eat,
1435 3941 1498 3981 rem

57 4009 170 4073 ιῑίωιιι
183 4029 205 4070 a
219 4005 359 4082 Christo,
378 4029 434 4089 pro
448 4007 592 4071 fratribus
606 4009 682 4069 meis
697 4005 752 4070 Ju-
800 4016 854 4071 aut
875 4028 1033 4089 personam
1055 4009 1216 4070 mathema
1243 4008 1358 4081 iacere,
1385 4007 1498 4087 disper-

57 4094 146 4159 tenc
168 4096 260 4159 Haeo
272 4095 369 4175 ipsius
384 4093 593 4176 Chrysoatomi
602 4096 753 4157 mutantia
801 4095 882 4168 dere,
893 4097 1012 4175 penitus
1024 4094 1155 4169 abolere,
1167 4104 1202 4154 nt
1213 4095 1395 4157 eodemloco
1408 4094 1499 4155 Num.

58 4191 108 4255 tet
119 4201 215 4264 qnam
227 4181 483 4262 Theophylaotns,
498 4190 529 4243 et
539 4182 640 4242 Photii
651 4181 753 4244 verbis
801 4190 833 4244 et
847 4185 868 4244 4
882 4183 1023 4262 nepus.
1039 4183 1116 4243 Item
1133 4186 1150 4243 1
1164 4180 1319 4244 Macchab.
1333 4181 1372 4255 5.,
1387 4180 1441 4242 uhi
1452 4199 1500 4241 res

59 4267 256 4333 ocumanius
271 4270 345 4331 sah'e
362 4268 442 4331 clare
453 4269 615 4349 explicant,
630 4288 711 4349 quae
722 4277 753 4329 et
801 4267 970 4350 explicetm
983 4269 1032 4333 hia
1046 4270 1165 4330 verbis:
1180 4270 1225 4331 Et
1241 4270 1499 4331 anathematiza-

58 4354 236 4419 aiismnltis
249 4356 404 4437 pxobatur.
412 4354 586 4419 Secundum
598 4376 675 4436 qnos
686 4376 752 4417 ver·
800 4357 850 4418 vit
864 4374 932 4431 eos,
959 4364 988 4417 et
1009 4357 1153 4419 intendit
1175 4364 1278 4418 turres
1300 4375 1410 4418 eoram
1430 4357 1500 4432 iani

60 4441 122 4505 lam
135 4444 303 4521 optabam,
318 4442 401 4522 qnod
415 4441 533 4505 Graece
544 4451 589 4503 eat
605 4433 753 4520 ηὐχόμην,
801 4462 873 4504 cum
887 4443 1043 4521 omnihus,
1059 4445 1165 4521 quiin
1180 4447 1223 4505 eie
1237 4451 1339 4506 erant.

60 4548 114 4591 ron
125 4529 168 4591 ad
181 4531 377 4611 punctatim
391 4538 509 4610 tempus
531 4530 676 4603 refertur,
698 4528 753 4589 sed
845 4530 927 4604 Dixi,
942 4530 1018 4611 qnid
1033 4531 1072 4592 sit
1082 4529 1259 4605 anathema,
1275 4533 1301 4592 si
1315 4528 1393 4592 nihil
1408 4490 1498 4589 odda¹

61 4619 183 4694 paritum
195 4625 247 4687 art
256 4614 319 4700 pro‘
328 4624 485 4694 aptarem,
501 4625 537 4677 nt
549 4618 590 4677 sit
601 4616 753 4697 potentia·
801 4625 866 4692 tnr;
887 4637 956 4679 nam
971 4637 1038 4679 cum
1053 4615 1174 4683 additur
1187 4617 1303 4701 aliquid
1316 4614 1501 4697 hujusmodi,

62 4702 308 4787 lavebumffic
321 4705 402 4773 eun
414 4703 496 4786 apud
511 4703 647 4769 erana
665 4705 753 4769 inm
802 4725 822 4766 a
843 4703 972 4788 populo,
987 4704 1028 4769 ab
1043 4704 1188 4782 wasia,
1203 4724 1226 4767 a
1242 4707 1384 4785 Christo,
1399 4705 1502 4769 stricte
