3254 5190
92 268 168 341 Μ
598 258 964 317 conumrmrosuorr.
983 259 1024 314 rr.

89 439 212 513 transit,
243 439 274 498 iu
297 438 350 497 illa
371 446 457 518 parte
479 436 594 499 Psalmi
619 440 712 499 etiam
737 438 788 499 hic
830 436 945 517 judicio
953 438 1073 519 privati,
1085 438 1446 515 claramacprsesentem
1456 434 1535 495 veri*

92 528 196 586 citata:
220 532 249 584 et
257 526 386 586 dorsum
395 544 503 585 eorum
512 529 787 602 comperissemus.
833 532 927 586 tatem
942 546 1004 587 non
1019 532 1193 604 agnoscant

134 610 657 691 Mensamintelligovelecripturam
665 632 787 686 sacram,
877 616 921 674 Et
945 614 1076 674 dorsum
1102 629 1212 672 corson
1237 626 1362 684 semper
1386 609 1534 668 incurva.

90 697 139 758 vel
155 697 409 776 praedicationem
424 698 594 777 Evangelii.
628 699 706 759 Nam
720 718 786 758 ver·
835 697 1027 780 Quamquam
1052 697 1110 758 hoc
1134 695 1173 755 ad
1198 695 1319 756 literam
1342 715 1362 755 a
1383 693 1538 773 propheta

90 784 160 843 hum
175 783 236 843 Dei
253 783 336 842 cibus
352 792 399 843 est
414 785 531 844 animae
550 803 641 863 quam
660 786 789 846 maxime
835 784 947 847 dictum
968 783 1064 845 rideri
1083 784 1181 864 possit
1206 781 1245 843 de
1261 782 1339 862 jugo
1367 780 1537 854 servitutis,

91 869 238 930 salutaris.
277 868 408 948 Quidam
438 869 575 932 referunt
603 869 641 930 ad
667 870 788 950 epulum
836 891 896 951 quc
911 871 1010 952 pressi
1023 879 1093 930 sunt
1108 867 1223 930 sudrei
1239 888 1258 928 a
1273 875 1411 946 tempore
1426 865 1537 928 excidii

90 958 161 1035 agni
183 955 347 1035 paschalis,
369 976 406 1016 eo
431 955 513 1035 quod
536 955 666 1030 Judaei,
695 976 788 1036 quum
835 951 1217 1039 Jerosolymitani(quibus
1230 954 1538 1033 enimmagnaoneru

90 1052 225 1121 tempore
247 1043 380 1120 paschae
402 1046 616 1103 convenissent
631 1042 787 1123 Jeresoly·
835 1045 1043 1124 imponuntur,
1072 1051 1105 1104 ut
1132 1042 1227 1115 servi,
1260 1042 1420 1100 incurvato
1447 1038 1536 1101 dorso

89 1127 227 1188 mamad
250 1128 464 1188 comedendum
486 1130 595 1208 phase,
623 1149 726 1190 omnes
748 1129 787 1189 ab
835 1126 997 1207 incedunt),
1019 1137 1155 1189 attamen
1170 1148 1208 1188 ex
1225 1133 1326 1187 mente
1341 1125 1434 1187 Pauli
1447 1126 1536 1207 spiri·

91 1215 224 1275 exercitu
235 1213 371 1274 Romano
380 1215 514 1275 conclusi
523 1235 559 1276 ac
567 1215 664 1276 veluti
675 1215 787 1296 laqueo
835 1219 924 1278 tualis
950 1236 1051 1297 poena
1073 1216 1174 1295 potius
1195 1211 1396 1292 intelligenda
1418 1221 1480 1286 est,
1502 1221 1538 1273 ut

90 1301 311 1380 comprehensi,
334 1302 442 1361 misere
455 1303 612 1381 perierint,
635 1310 670 1361 ut
686 1302 788 1363 scribit
835 1304 873 1365 sit
900 1323 1021 1364 seusus:
1054 1301 1139 1361 Nihil
1164 1299 1295 1361 coeleste
1320 1300 1459 1380 sapiant,
1483 1297 1536 1360 ssd

90 1387 114 1448 J
117 1387 246 1466 orephus
261 1386 312 1447 lib.
339 1391 366 1448 7.
382 1385 421 1446 de
443 1387 523 1447 bello
546 1388 619 1448 Jud.
642 1408 709 1468 cap.
729 1391 787 1463 17,
835 1391 933 1450 animo
953 1409 990 1450 ac
1005 1388 1157 1449 desiderio
1176 1405 1297 1465 semper
1317 1394 1432 1446 terram
1450 1405 1533 1466 spes·

90 1481 235 1553 tanquam
251 1475 281 1535 iu
297 1474 358 1533 illis
373 1481 445 1533 tunc
460 1473 614 1555 impletum
629 1476 682 1549 sit,
705 1474 788 1556 quod
835 1484 911 1551 tent,
926 1496 974 1537 res
985 1484 1119 1536 terrenas
1133 1478 1282 1553 quaerant
1296 1491 1334 1532 aa
1345 1471 1535 1547 desiderem

90 1560 148 1620 hoc
162 1579 253 1620 versu
268 1561 461 1639 praedicitur.
780 1594 782 1599 ·
835 1571 1040 1643 contraquam
1055 1562 1120 1622 veri
1137 1558 1308 1632 Christiani,
1320 1578 1452 1639 quorum
1466 1579 1533 1620 cou-

132 1646 245 1705 Verum
258 1654 375 1707 constat
389 1646 565 1727 Apostolum
581 1648 715 1708 hocloco
727 1667 787 1707 nou
835 1652 964 1711 versatio
976 1651 1007 1709 in
1022 1647 1114 1709 coelis
1129 1654 1189 1719 est,
1213 1644 1285 1705 dum
1301 1665 1353 1720 ee,
1375 1664 1459 1726 quae
1473 1665 1535 1708 sur·

90 1732 129 1793 de
153 1752 189 1793 ea
204 1752 313 1813 poena,
336 1753 394 1794 nec
414 1734 452 1794 de
475 1754 510 1795 eo
532 1741 666 1814 tempore
688 1734 788 1815 loqui;
836 1758 908 1810 sum,
924 1733 1254 1817 quaeruntacsapiunt,
1270 1753 1330 1793 non
1342 1750 1426 1812 quae
1441 1752 1533 1814 super

90 1818 145 1880 sed
161 1818 199 1878 de
213 1818 361 1898 spirituali
382 1839 483 1899 poena
504 1822 657 1880 caecitatis
680 1828 711 1882 et
725 1839 787 1881 sur·
834 1831 959 1896 terram,
981 1820 1061 1882 Phil.
1079 1824 1107 1882 3.
1124 1818 1188 1879 Col.
1205 1819 1234 1877 3.
1258 1818 1355 1878 Simili
1369 1827 1460 1899 tropo
1475 1838 1535 1879 scr

90 1905 195 1965 ditatis
217 1905 418 1979 Judaeorum,
447 1926 484 1968 sc
504 1906 543 1968 de
564 1914 628 1967 toto
644 1915 787 1987 ternpore,
834 1911 932 1971 monis
947 1909 1060 1969 dictum
1084 1914 1130 1966 est
1146 1913 1285 1985 aposta:
1321 1906 1484 1966 Ocurocc
1499 1908 1535 1966 ia

91 1991 171 2073 quod
185 1989 297 2052 Christi
313 1992 475 2053 adrentum
492 1995 636 2074 sequitur.
835 2000 930 2057 terris
937 1997 1066 2056 artimus
1075 2001 1104 2054 st
1112 1993 1422 2054 coelestiums‘ncma
1437 1992 1537 2072 Quam

133 2078 243 2157 Itaque
273 2098 379 2140 sensus
410 2086 470 2142 est:
501 2078 548 2140 Ob
577 2078 789 2160 praecedentia
835 2104 908 2145 vere
933 2092 1036 2142 autem
1056 2080 1115 2140 hoc
1140 2080 1172 2139 in
1197 2078 1384 2139 dedecorum
1411 2086 1537 2158 gentem

90 2173 231 2245 peccata,
254 2167 283 2226 in
300 2164 449 2227 Christum
465 2169 637 2239 commissa,
661 2185 741 2247 quae
756 2165 788 2225 in
836 2177 1001 2250 competat,
1032 2167 1162 2226 avaritia
1184 2173 1215 2226 et
1238 2165 1338 2225 usuris
1359 2165 1537 2227 exercendis

92 2250 198 2312 eodem
213 2253 335 2312 Psalmo
356 2262 425 2314 aute
448 2253 528 2313 hunc
550 2273 671 2314 versum
685 2271 787 2312 recen·
835 2257 993 2326 infamem,
1016 2255 1107 2313 etiam
1122 2251 1215 2331 vulgo
1232 2258 1336 2312 uotum
1352 2259 1409 2312 est

91 2349 210 2412 santur,
238 2340 344 2400 merite
371 2339 428 2400 hoc
454 2342 618 2420 patientur,
646 2341 789 2417 exigente
880 2347 929 2404 11.
953 2344 1033 2402 Dico
1058 2357 1148 2415 erqo:
1177 2338 1341 2415 Numquid
1363 2340 1409 2399 sic
1433 2339 1536 2417 offers·

90 2425 151 2485 Dei
160 2425 295 2503 justitia,
318 2434 353 2484 ut
374 2447 479 2487 mensa
494 2426 579 2487 verbi
593 2427 668 2500 Dei,
696 2444 787 2505 quam
836 2432 971 2503 derunt,
994 2435 1031 2488 ut
1053 2425 1224 2486 caderent?
1260 2424 1359 2486 Absit.
1382 2425 1476 2485 Redit
1498 2424 1536 2486 sd

90 2513 151 2573 illis
159 2512 244 2572 Deus
256 2513 382 2591 paravit,
393 2522 529 2574 vertatur
542 2516 585 2574 eis
596 2514 625 2573 iu
636 2512 788 2592 laqueum,
835 2516 875 2590 id,
898 2514 979 2595 quod
995 2514 1079 2574 initio
1096 2511 1184 2590 hujus
1199 2512 1307 2590 capitis
1320 2512 1460 2586 instituit,
1474 2533 1537 2573 mo·

93 2618 152 2678 quo
169 2599 325 2676 capiantur
341 2609 372 2659 et
386 2599 692 2679 comprehendantur,
715 2607 745 2658 et
757 2598 789 2656 in
836 2611 949 2683 vstque
965 2620 1080 2670 eorum,
1103 2617 1183 2678 quae
1206 2598 1343 2676 proxime
1357 2597 1442 2659 dicta
1458 2606 1536 2672 suut,

92 2683 313 2756 offendiculum,
329 2686 597 2765 inquodgraviter
611 2687 789 2764 impingant,
835 2689 991 2751 occasione
1013 2685 1144 2746 similem
1164 2685 1369 2765 quaestionem
1398 2704 1470 2744 curn
1493 2703 1538 2758 ea,

92 2770 199 2842 idest,
222 2779 358 2832 ver-tatur
373 2774 416 2832 eis
432 2773 462 2833 in
482 2773 660 2851 perniciem,
684 2780 715 2831 et
728 2772 788 2831 rui·
836 2796 925 2858 quam
940 2773 1001 2834 illic
1024 2773 1081 2833 sihi
1103 2771 1229 2832 iecerat:
1251 2771 1334 2831 Num
1355 2771 1399 2831 ita
1414 2771 1476 2831 Dei
1487 2772 1537 2850 ju·

92 2876 178 2931 nam,
202 2863 234 2916 et
247 2858 305 2917 hoc
320 2865 414 2918 totum
430 2860 583 2938 contingat
599 2861 642 2918 cis
659 2859 689 2917 iu
705 2859 787 2917 retri-
837 2863 916 2924 dicio
938 2862 997 2920 sint
1023 2860 1175 2920 excaecati
1189 2856 1317 2930 Judaei,
1351 2866 1386 2916 ut
1410 2877 1538 2937 prorsus

92 2943 262 3017 bationem,
285 2963 341 3019 seu
349 2946 464 3023 justam
480 2945 651 3018 vindictam,
666 2951 789 3024 propter
836 2958 935 3010 actum
950 2948 992 3006 sit
1006 2946 1045 3006 de
1067 2954 1129 3004 tots
1152 2945 1290 3017 natione,
1312 2964 1370 3004 uec
1384 2943 1538 3024 sperauds

92 3032 223 3111 ipsorum
238 3039 381 3110 peccata.
836 3039 875 3097 sit
885 3034 949 3095 ulla
960 3033 1118 3094 restitutio.
1140 3031 1315 3111 Respondet
1326 3037 1433 3091 autem
1445 3051 1536 3111 nega·

135 3117 295 3176 Fitautem
306 3119 455 3197 scriptura
468 3138 553 3178 sacra
564 3118 593 3178 in
606 3119 746 3199 laqueum
758 3126 791 3179 ct
837 3125 907 3195 tive,
919 3118 1169 3201 quemadmodum
1184 3137 1283 3198 supra,
1294 3116 1413 3177 dicens:
1438 3118 1537 3179 Aous

92 3202 265 3264 scandalum
288 3206 424 3265 omnibus
447 3204 520 3278 illis,
552 3207 605 3285 qui
620 3213 789 3285 contempto
835 3206 988 3269 Particula
1010 3211 1053 3268 sic
1075 3207 1107 3265 in
1130 3205 1247 3266 Graeco
1269 3213 1302 3266 et
1322 3202 1454 3282 Syrisce
1478 3225 1539 3265 uon

93 3288 240 3350 ecclesiae
260 3293 436 3371 magisterio
456 3293 605 3372 privatum
621 3311 705 3352 suum
722 3312 788 3352 sen·
837 3295 972 3356 habetur.
994 3295 1038 3355 Et
1053 3291 1138 3364 illud,
1160 3298 1197 3351 ut
1211 3292 1373 3367 caderent,
1398 3290 1537 3352 bifarium

91 3375 211 3436 eumad
227 3397 295 3436 eam
311 3377 459 3438 adferunt.
482 3378 541 3438 His
557 3380 636 3439 eninr
652 3379 789 3440 omuibus
837 3381 967 3461 intelligi
983 3388 1089 3461 potest,
1111 3379 1161 3439 vel
1176 3387 1210 3437 ut
1224 3397 1317 3438 causa
1331 3377 1434 3438 finalis
1448 3377 1539 3456 signi·

92 3470 191 3522 certus
206 3464 301 3523 instat
313 3465 458 3525 interitus.
481 3464 596 3544 Quales
618 3486 679 3526 non
694 3466 789 3527 solum
837 3469 955 3539 ficetur,
978 3467 1030 3527 vel
1045 3474 1078 3526 ut
1097 3471 1232 3526 eventus

92 3547 222 3624 Judaci,
259 3570 363 3611 verum
390 3554 480 3612 etism
506 3571 608 3612 omues
634 3552 788 3614 haeretici.
880 3552 976 3617 Simul
992 3550 1181 3615 observanda
1194 3549 1368 3631 metaphora
1389 3552 1421 3611 in
1438 3549 1539 3612 verbis

91 3634 152 3696 Sed
175 3642 207 3694 et
227 3637 388 3717 Evangelii
411 3637 599 3717 praedicatio
625 3639 708 3699 iacta
731 3638 790 3700 luit
837 3640 988 3702 offendere
1000 3642 1067 3700 sive
1077 3639 1260 3718 impingere,
1276 3646 1307 3697 et
1319 3637 1448 3713 cadere,
1464 3655 1537 3717 quo·

91 3720 218 3782 Judaeis
234 3723 266 3782 in
281 3723 470 3798 scandalum,
493 3726 565 3805 quia
584 3728 616 3786 in
637 3725 788 3786 hominem
836 3749 901 3788 rum
917 3726 993 3788 illud
1007 3728 1106 3787 levius
1121 3734 1169 3785 est
1182 3728 1248 3785 isto.
1278 3723 1349 3786 Non
1365 3724 1463 3798 enim,
1485 3724 1540 3803 qui

92 3809 268 3868 crucifixum
284 3810 415 3884 credere,
428 3821 457 3871 et
473 3812 510 3872 ab
527 3831 562 3870 co
578 3810 707 3872 salutem
718 3831 787 3891 sps·
836 3814 982 3895 impingit,
1001 3815 1142 3874 continuo
1158 3810 1248 3872 cadit
1270 3811 1422 3890 Intelligit
1436 3819 1539 3871 autam

91 3915 173 3967 rare,
196 3915 275 3974 quae
291 3917 406 3957 summa
421 3908 470 3958 eat
485 3899 684 3977 evangelicae
699 3918 787 3978 prae·
837 3903 1002 3981 Apostolus
1026 3899 1219 3960 offensionem
1240 3904 1272 3957 ct
1296 3917 1400 3959 casum
1424 3918 1485 3957 non
1506 3897 1539 3956 iu

92 3982 268 4055 dicationis,
294 3983 449 4063 indignum
475 3985 658 4063 judicarunt.
697 3984 789 4064 Quod
836 3989 1003 4050 levioribus
1029 3994 1061 4046 et
1085 3985 1275 4065 gravioribus
1301 3986 1450 4065 peccatis,
1483 3981 1538 4043 ssd

91 4069 231 4130 hocloco
247 4069 402 4150 Chrysost.
418 4079 449 4130 et
464 4072 528 4149 ejus
548 4090 694 4151 sequaces
708 4092 788 4134 meu·
839 4075 1033 4136 offensionem
1041 4071 1298 4152 quideminparte
1305 4071 1420 4151 populi,
1435 4088 1538 4131 asan

91 4175 155 4215 sam
185 4156 209 4217 J
211 4156 373 4218 udaeorum
401 4159 636 4238 interpretantur
665 4156 789 4219 delicias
837 4170 937 4223 autem
952 4163 983 4222 in
1005 4167 1085 4235 toto,
1108 4179 1145 4219 ac
1165 4160 1232 4219 sine
1253 4177 1308 4239 spe
1330 4157 1539 4237 reparationis

93 4261 204 4315 eorum,
219 4243 290 4302 milri
306 4244 426 4304 videtur
440 4246 575 4305 instituto
591 4243 681 4305 Pauli
695 4245 789 4306 nihilo
838 4249 987 4310 Censetur
1001 4247 1080 4307 enim
1095 4246 1229 4326 populus
1242 4244 1402 4306 offendisse
1413 4251 1538 4317 tantun,

92 4329 189 4406 magis
211 4332 388 4404 convenire,
411 4351 509 4411 quam.
523 4331 605 4410 quod
628 4331 667 4392 de
687 4351 790 4393 mensa
838 4337 937 4396 sinon
950 4343 1033 4395 totus
1049 4333 1173 4409 cecidit3
1194 4333 1325 4393 maxime
1340 4332 1367 4392 si
1389 4350 1484 4393 casus
1499 4330 1540 4391 sit

93 4416 164 4494 agni
179 4416 329 4494 paschalis
344 4419 383 4479 ab
399 4417 466 4478 aliis
482 4416 684 4479 adserebatur.
836 4422 1022 4502 reparabilis.

139 4503 187 4562 10.
212 4504 427 4566 obscurentur
442 4504 526 4566 oculi
540 4524 661 4581 eorum,
684 4525 724 4567 ns
739 4508 790 4566 oi-
879 4509 978 4588 Igitur
991 4510 1082 4588 priori
1097 4505 1185 4568 modo
1198 4525 1304 4567 sensus
1321 4513 1383 4566 est:
1399 4503 1538 4565 dudaeas

93 4589 199 4650 dsunt.
220 4588 257 4650 Id
279 4599 341 4663 est,
363 4610 447 4652 mens
469 4611 571 4652 eorum
585 4593 790 4653 subtractione
837 4618 897 4657 non
912 4595 1024 4656 idcirco
1038 4596 1200 4675 permissos
1222 4594 1390 4672 impingere
1404 4611 1461 4671 per
1475 4591 1538 4665 hoe,

93 4677 138 4737 tui
162 4675 282 4738 luminis
307 4678 606 4754 iunbtanebrornr,
630 4686 685 4754 ut,
707 4687 789 4743 recto
837 4681 920 4766 quod
934 4682 1019 4746 multi
1034 4701 1073 4744 ex
1089 4683 1136 4744 eis
1148 4679 1298 4743 Christum
1314 4681 1446 4742 aversati
1461 4683 1537 4754 suut,
