3254 5190
92 244 164 359 lt!
376 250 378 255 ’
592 281 959 338 courmrrsmsmerr.
978 284 1017 338 n.

88 480 203 541 perere.
227 460 385 533 Estenim
400 467 519 520 utente
534 456 606 531 dixi,
621 458 784 540 fictioper·
834 462 914 521 enim
943 460 1098 541 postulare
1128 457 1289 521 videbatur
1315 476 1417 538 conset

89 566 229 609 sonarum
245 550 275 606 in
290 556 416 628 peccato
439 555 471 605 et
488 547 617 625 justitie,
639 545 711 607 dum
734 546 785 607 vel
834 551 987 608 sermonis.
1011 546 1184 627 Respondet
1198 546 1381 620 haereticas,
1395 565 1417 605 a

89 634 180 713 hnjas
202 633 252 694 rel
276 634 358 693 illins
382 634 459 694 servi
478 631 622 693 dieantur
641 632 786 706 homines,
838 653 924 695 omne
931 634 1103 712 justificetis
1115 633 1282 706 detrahens,
1295 632 1375 692 hene
1387 651 1417 692 es

90 720 172 800 qnod
188 721 240 794 eis,
263 718 391 798 perinde
406 728 440 778 nt
454 719 591 790 dominis,
615 722 727 781 servire
742 721 784 781 vi·
837 724 911 794 sam,
934 721 1005 801 quie
1019 722 1084 780 vita
1099 728 1223 781 aeterne
1238 727 1358 779 tantum
1375 728 1417 779 est

90 807 227 867 deantur.
837 807 907 881 Dei,
929 829 990 867 non
1005 809 1096 867 etiam
1111 824 1224 867 meroes
1239 805 1387 865 bonorum
1402 825 1417 864 o

133 894 197 952 Imo
212 914 293 966 vero,
315 895 388 973 qnia
402 892 566 971 Apostolus
589 892 667 953 hanc
690 895 785 953 servi·
879 892 992 954 Verum
1007 895 1041 953 B.
1059 893 1247 972 Augustinus
1268 892 1375 952 maltis
1391 890 1417 951 lo

88 988 182 1039 tatem
198 983 229 1039 in
245 979 417 1040 obedientie
432 979 594 1052 constituit,
616 988 651 1038 at
666 980 786 1057 exejus
835 989 881 1039 ter
891 990 922 1040 et
933 981 1078 1040 catholice
1089 977 1258 1059 respondet,
1271 979 1417 1039 vitumeet

89 1066 189 1126 verbis
204 1074 250 1126 est
263 1064 466 1140 manifestum,
490 1064 664 1126 obedientie
685 1075 786 1126 eutem
835 1069 975 1146 quemvis
989 1088 1044 1146 pro
1059 1067 1145 1127 bonis
1161 1066 1303 1145 operibus
1315 1067 1399 1143 justo
1415 1116 1417 1124 .

89 1154 208 1233 proprie
234 1174 293 1213 non
318 1162 364 1212 est
385 1152 443 1212 nisi
468 1151 584 1213 liberae
609 1151 785 1224 voluntatis,
836 1152 913 1213 dicio
935 1151 1121 1214 reddendam
1148 1148 1239 1228 (sicut
1260 1154 1302 1211 sit
1321 1154 1387 1232 ipse
1410 1151 1417 1210 l

88 1238 178 1319 plene
193 1259 231 1300 ex
247 1239 384 1300 hocloco
406 1238 559 1298 diversam
575 1240 719 1317 seqnitur,
741 1240 785 1298 vi·
835 1259 974 1300 coronam
992 1240 1128 1319 justitiae
1150 1257 1216 1298 eam
1239 1239 1412 1319 appellans,

89 1325 202 1386 delicet
224 1336 285 1387 tem
309 1336 492 1406 peccatores,
515 1345 607 1404 quem
626 1328 727 1406 justos
751 1323 785 1384 li·
835 1327 945 1386 reddet
964 1329 1057 1397 mibi,
1082 1327 1194 1406 inquit,
1216 1328 1253 1387 irs
1273 1326 1332 1385 ilia
1355 1326 1408 1385 die

88 1413 195 1473 berum
217 1414 332 1474 hebere
347 1413 500 1473 arbitrium
516 1412 555 1471 ad
579 1432 631 1473 ess
646 1414 786 1484 actiones,
830 1414 941 1489 judee,
959 1412 1121 1473 2Timoth.
1134 1408 1185 1488 4.),
1200 1413 1327 1490 gretiam
1342 1421 1417 1471 teme

89 1499 246 1579 inquibus
268 1500 315 1560 vel
337 1509 470 1579 peccato,
484 1499 544 1570 'th
560 1500 703 1578 justitiae
726 1517 785 1558 ser
835 1499 865 1559 id
878 1508 925 1560 est
935 1501 1096 1579 gratuitum
1107 1500 1168 1559 Dei
1177 1517 1295 1569 munus,
1312 1500 1417 1578 qnonie

90 1588 183 1645 siunt.
207 1585 288 1647 lllad
312 1588 427 1645 interim
451 1584 608 1645 discrimen
623 1604 786 1666 agnoscen-
835 1586 914 1647 bona
930 1606 1032 1666 opera,
1054 1606 1109 1665 pro
1126 1584 1234 1666 quibus
1249 1587 1315 1644 vita
1330 1594 1417 1645 aeter

91 1672 162 1733 dam
177 1675 256 1734 inter
270 1692 373 1732 servos
394 1674 512 1752 peccati
533 1682 563 1732 et
579 1692 681 1733 servos
699 1673 785 1751 justi·
836 1673 923 1747 ditur,
946 1675 1042 1754 grstia
1057 1681 1133 1744 sant,
1155 1670 1186 1732 id
1207 1681 1253 1731 est
1275 1674 1367 1751 gratis
1383 1670 1417 1732 ds

90 1762 160 1831 tiae,
182 1759 264 1839 quod
279 1760 309 1820 hi
326 1760 399 1821 solis
415 1760 529 1819 arbitrii
549 1759 663 1819 viribus
679 1759 786 1819 defleo·
836 1761 904 1820 dem
926 1759 1073 1839 Apostolo
1099 1759 1293 1833 testifioante,
1323 1758 1406 1838 qnod

90 1856 154 1907 tere
179 1848 296 1925 possint
317 1847 354 1906 ad
377 1856 551 1926 peccatam,
573 1846 616 1905 illi
640 1866 701 1906 non
726 1847 785 1905 nisi
835 1851 933 1907 creati
944 1847 1118 1908 ia-Cbrirto
1130 1850 1213 1909 Jesu
1224 1852 1260 1906 iu
1273 1847 1417 1922 operibus

90 1934 189 2013 gretie
204 1933 263 1992 Dei
280 1933 410 2011 adjutis
426 1935 571 1993 servitute
585 1935 704 2013 peccati
720 1951 787 1991 sese
834 1953 915 2010 puae
927 1936 1141 2011 praeparavit
1157 1934 1252 2009 Deus,
1276 1940 1312 1993 ut
1330 1937 1367 1993 m
1382 1934 1417 1991 ill

91 2020 233 2098 expedire
242 2019 319 2078 etad
331 2021 785 2099 justitiamtrsnsierreqneant3
836 2021 986 2095 bulemus,
1003 2020 1082 2098 Eph.
1101 2024 1128 2080 2.
1144 2019 1192 2079 Ad
1208 2020 1286 2079 hanc
1301 2022 1392 2100 igitur
1406 2041 1417 2100 g

91 2104 345 2185 quemadmodum
360 2106 447 2166 docet
458 2107 585 2184 August.
602 2104 653 2165 lib.
669 2111 695 2165 1.
708 2114 784 2165 cont
835 2105 1097 2167 commendandam
1108 2105 1248 2165 maluisse
1257 2106 1386 2166 Paulam
1397 2106 1417 2165 lr

92 2192 168 2251 duas
184 2194 270 2271 epist.
287 2192 393 2271 Pelag.
409 2213 475 2272 cap.
493 2197 521 2253 2.
834 2194 913 2252 hane
927 2191 1054 2266 modam,
1077 2200 1111 2251 at
1134 2189 1224 2251 vitium
1246 2201 1398 2252 setsmam

135 2278 184 2339 23.
217 2280 386 2354 Stipendia
413 2283 497 2339 euim
521 2283 660 2355 peceati:
690 2279 785 2338 Mors.
834 2282 961 2358 gratiam
973 2279 1040 2349 Dei,
1053 2298 1143 2358 qnam
1155 2279 1417 2359 atstipendiumjr

91 2365 246 2437 Declsret,
262 2365 345 2443 quod
357 2364 435 2425 dixit
445 2364 483 2424 de
496 2365 557 2425 fine
570 2374 599 2424 et
614 2367 697 2425 exitu
713 2366 783 2422 utri·
834 2364 913 2445 quod
927 2365 1041 2444 alioqui
1055 2383 1128 2424 vere
1143 2364 1244 2425 dicere
1258 2373 1385 2444 poterat

90 2470 187 2530 nsque
216 2453 379 2512 servitutis.
417 2452 530 2512 Sensus
560 2452 650 2529 hujus
676 2451 785 2531 partis:
876 2452 925 2510 Ita
941 2451 1030 2512 docet
1044 2454 1168 2529 August.
1187 2454 1217 2510 in
1229 2453 1314 2530 epist.
1330 2454 1417 2513 105..

91 2539 219 2597 Merces.
249 2556 340 2616 qnam
362 2546 517 2616 peceatum
540 2539 634 2598 servis
657 2540 718 2597 sais
739 2557 784 2597 re·
833 2545 912 2611 tnm3
934 2536 985 2597 lib.
1003 2537 1040 2597 de
1056 2538 1153 2615 gratie
1169 2547 1200 2596 et
1219 2538 1267 2597 lib.
1285 2539 1346 2597 arb.
1364 2558 1417 2617 cap

91 2622 205 2703 pendit,
227 2644 306 2683 mors
321 2634 374 2683 est.
399 2624 506 2683 Adhuc
526 2626 606 2683 enim
621 2623 712 2684 daret
725 2643 785 2682 me·
832 2622 927 2683 tribas
942 2644 1004 2703 seq.
1018 2623 1056 2683 de
1068 2632 1193 2702 corrept.
1206 2634 1236 2682 et
1248 2632 1324 2703 grat.
1338 2645 1404 2704 cap.

90 2710 215 2789 tephore
237 2713 391 2770 servitutis
414 2718 445 2768 et
466 2710 597 2770 militiae.
620 2710 699 2769 Nem
714 2729 784 2769 eon·
835 2709 1101 2789 Encb.cep.107.
1134 2708 1204 2788 Quo
1226 2719 1376 2789 postremo
1401 2710 1417 2767 l

90 2796 203 2856 siderst
217 2797 381 2874 Apostolus
400 2806 555 2875 peceatum
578 2805 610 2855 ut
633 2796 783 2855 dominum
835 2798 888 2856 eit:
912 2797 1022 2872 Ipsam
1036 2799 1137 2855 uitam
1152 2803 1327 2870 aeternam,
1352 2815 1417 2874 qua

92 2905 127 2943 ec
142 2884 439 2961 imperatorempni
453 2903 513 2942 non
528 2882 626 2943 solum
640 2885 734 2943 servis
749 2899 785 2941 ec
834 2900 950 2942 merces
976 2890 1019 2942 eet
1042 2881 1198 2941 bonorum
1221 2901 1365 2959 operum,
1392 2902 1417 2958 φ.

91 2968 236 3029 militibus
260 2970 322 3028 suis
346 2971 477 3048 imperet,
500 2989 607 3028 verum
627 2972 718 3028 etism
734 2969 783 3027 sti·
835 2972 897 3030 Dei
929 2968 1075 3044 appellat
1105 2969 1284 3043 Apostolus.
1330 2972 1417 3045 Stipe

92 3053 205 3136 pendia
227 3054 333 3125 solvet,
356 3074 484 3134 eamque
507 3055 545 3115 ob
569 3075 690 3115 eausam
711 3074 785 3114 usus
834 3057 929 3128 euim,
946 3057 1062 3130 iuquit,
1079 3057 1204 3130 peccati
1218 3072 1317 3115 moro:
1342 3057 1417 3116 Grai

93 3149 140 3201 est
153 3141 295 3221 stipendii
316 3143 445 3201 nomine.
467 3141 517 3201 Sic
533 3140 785 3221 Theophylsctns
834 3149 896 3201 tem
920 3142 981 3200 Dei
1001 3144 1069 3200 vita
1091 3148 1224 3201 aeterua
1248 3144 1283 3200 irs
1307 3143 1417 3202 utrem

92 3235 123 3288 et
152 3225 211 3286 alii.
256 3228 359 3307 Atque
387 3229 458 3287 huic
494 3227 663 3288 intellectui
691 3226 785 3307 probe
835 3230 977 3289 Domino
992 3234 1108 3287 mostra.
1131 3228 1333 3302 Stipendium
1353 3246 1417 3303 pro

90 3313 253 3393 respondet
275 3313 401 3374 alterum
423 3315 589 3375 sententiae
610 3314 785 3384 membrum,
834 3315 968 3374 militiae
991 3313 1129 3374 debitum
1156 3313 1313 3388 redditur,
1337 3333 1406 3376 uou

94 3401 206 3462 Gratia
222 3402 284 3460 Dei
306 3408 361 3460 ete.
396 3401 454 3458 Est
475 3409 577 3460 eutem
592 3399 711 3460 Graece
732 3417 785 3479 pro
835 3408 889 3461 tur
894 3424 906 3476 ,-
938 3400 1010 3459 ideo
1040 3401 1140 3459 dicit:
1176 3400 1380 3476 Stipendium
1410 3426 1417 3478 ,¹

91 3485 250 3564 stipendiis
265 3477 391 3565 ὀψώνια,
415 3506 497 3565 quae
511 3507 572 3548 vox
587 3488 708 3566 proprie
726 3487 786 3564 sig·
835 3505 930 3561 mors,
952 3493 990 3546 ut
1003 3493 1137 3546 mortem
1153 3490 1276 3562 peceati
1291 3506 1359 3547 uon
1374 3491 1417 3547 im

90 3573 197 3633 nificat
218 3573 365 3635 cibarium
393 3593 429 3632 ac
455 3572 581 3652 vulgare
603 3572 786 3652 stipendium
835 3572 1182 3645 illatam,eeddebitam
1192 3573 1417 3633 demonstraret

91 3660 238 3738 gregariis
253 3660 400 3719 militibus
411 3679 465 3738 pro
481 3658 620 3719 mercede
636 3658 701 3719 deri
716 3659 785 3717 soli·
835 3663 884 3720 tia
898 3678 974 3720 vero
990 3661 1054 3719 aiei
1069 3661 1170 3734 pratis
1190 3662 1240 3733 sit,
1263 3663 1370 3733 pratia
1391 3680 1415 3719 u

91 3752 161 3804 tum.
183 3744 293 3825 Itaque
315 3745 463 3805 vocabulo
486 3749 553 3824 ipso
576 3745 692 3805 Paulas
714 3746 785 3805 insi·
836 3746 1141 3821 Intellipeadumest
1154 3748 1264 3819 ipitur,
1281 3749 1377 3806 etiam
1392 3750 1417 3823 ip

90 3839 172 3905 nnat,
195 3830 361 3910 cujusmodi
376 3831 561 3912 stipendium
577 3833 739 3892 conveniet
749 3833 787 3890 iis
835 3836 932 3893 minis
955 3833 1037 3892 borea
1063 3835 1178 3892 merita
1206 3850 1268 3892 erse
1289 3835 1351 3893 Dei
1378 3853 1417 3894 nu

89 3917 231 3997 persolvi,
254 3921 307 3998 qui
331 3918 386 3979 snb
408 3920 524 3998 peccati
544 3919 636 3996 signis
650 3917 786 3978 militent
836 3920 949 3996 quibus
964 3920 1118 3978 cumcito
1134 3925 1265 3978 aeterna
1280 3920 1417 3981 redditur

136 4006 249 4066 Gratia
271 4012 379 4065 autem
394 4008 475 4066 Deir
504 4007 577 4063 Vita
599 4011 731 4064 aeterna
751 4005 787 4064 irs
836 4009 902 4067 uisi
916 4008 1024 4081 pratia
1036 4023 1099 4080 pro
1114 4009 1222 4079 pratia
1237 4006 1409 4066 redditur?

91 4091 214 4152 Obrirto
236 4096 317 4155 Jesu
340 4094 481 4152 Domino
507 4099 625 4152 nostro.
662 4091 785 4166 Gratia,
879 4092 966 4151 Haec
987 4090 1151 4168 Augustini
1173 4093 1338 4170 responsio,
1361 4112 1417 4173 qur

90 4175 206 4238 Graece
222 4170 368 4255 χάρισμα,
387 4177 475 4239 idest
491 4177 601 4237 donum
614 4178 786 4256 gratuitam,
835 4176 908 4237 bant
923 4196 1027 4237 omnes
1044 4176 1209 4249 orthodoxi,
1231 4177 1349 4257 plenior
1364 4183 1417 4240 erit

90 4272 121 4322 ot
136 4284 243 4325 sensas
259 4276 317 4324 est:
340 4264 470 4337 Donum,
494 4264 576 4344 quod
588 4264 675 4324 Deus
691 4264 787 4324 servis
836 4264 968 4336 solutior,
991 4265 1016 4323 si
1032 4262 1173 4328 dicamus.
1196 4263 1304 4324 idcirco
1324 4266 1417 4326 vitam

90 4351 152 4410 sais
168 4350 303 4430 largitur,
326 4360 372 4411 est
385 4353 449 4412 vite
473 4360 597 4412 aeterna
611 4349 786 4429 accipienda
835 4371 903 4410 nem
918 4351 1021 4411 vocari
1036 4351 1172 4426 gratiam,
1193 4349 1275 4430 quod
1289 4352 1417 4429 praeder

89 4456 144 4515 per
157 4438 181 4497 J
183 4456 237 4497 esu
254 4436 367 4498 Christi
380 4439 501 4499 Domini
519 4439 611 4497 nostri
626 4437 742 4497 merita.
836 4456 896 4517 que
911 4435 950 4496 ed
974 4435 1100 4495 salntem
1117 4444 1147 4495 et
1162 4439 1252 4496 vitam
1277 4445 1417 4499 aeternae

133 4523 305 4603 Quaeritur,
322 4544 376 4584 cur
391 4546 451 4585 non
467 4523 583 4594 dixerit,
603 4522 785 4602 stipendium
835 4523 964 4582 ordinati
979 4540 1089 4594 snmus,
1105 4542 1227 4600 prorsus
1242 4525 1374 4601 gratuite
1390 4528 1416 4585 si

88 4618 142 4668 aut
164 4629 278 4670 merces
300 4612 440 4690 justitiae
462 4611 527 4670 vite
548 4617 687 4681 aeterna,
710 4611 786 4669 sicat
835 4611 915 4670 omni
929 4610 1121 4687 praevisione
1132 4611 1302 4670 meritorum
1317 4609 1417 4691 indepr

88 4692 221 4757 dixerat:
251 4699 447 4774 stipendium
471 4699 592 4772 peceati
619 4714 713 4757 marr.
747 4696 785 4758 Id
835 4694 912 4756 Cam
927 4696 1004 4756 enim
1026 4693 1260 4777 praedestinatio
1275 4697 1335 4757 Dei
1349 4716 1417 4778 resp
