3270 5182
150 257 221 324 112
679 248 913 304 COMMENTARIUS
926 249 958 303 lli
970 249 1037 305 CAP.
1050 251 1078 305 l.

146 444 213 484 esse
228 422 395 496 causalem,
418 433 452 483 ut
474 425 511 484 sit
527 424 620 498 idem,
636 426 717 506 quod
732 434 843 503 quate·
892 447 958 506 cup.
986 448 1051 507 cap.
1081 429 1139 501 12,
1154 437 1316 508 propterea
1339 427 1511 503 Christum,
1536 427 1592 502 qui

145 515 458 589 nus,inquantuns',
475 517 690 588 quaestione.
718 511 846 573 Constat
891 516 958 574 sine
978 522 1107 590 peccato
1129 516 1262 592 futurus
1285 521 1369 589 erat,
1394 516 1463 573 aine
1483 514 1592 573 carnis

146 599 225 658 enim
246 598 421 679 Apostolum
445 598 575 659 Paulum
598 601 629 659 in
653 599 789 681 epistolis
813 608 843 658 ct
891 603 1144 676 concupiscentia
1159 603 1284 676 concipi
1299 601 1442 676 uoluisse,
1459 600 1586 658 uthina

144 685 257 744 Lucam
274 687 304 744 in
326 686 402 744 actis
418 685 620 747 indifferenter
636 689 679 746 uti
695 685 844 747 interdum
891 690 987 746 etiam
996 688 1120 747 doceret
1132 707 1268 763 ornnem,
1278 707 1359 765 quae
1371 688 1410 746 de
1421 686 1592 747 concubitu

145 770 241 830 tribus
252 771 334 832 hisce
346 774 614 851 praepositionibus
626 764 686 849 ἐπὶ,
700 764 731 830 ἐν
744 783 774 832 et
787 764 841 848 εἰς,
890 777 1043 849 nascitur,
1071 793 1200 835 earnem
1216 794 1276 834 esse
1287 777 1422 851 peccati,
1439 774 1590 850 quando·

144 877 199 937 pro
215 875 276 917 una
299 859 410 918 Latina
431 862 660 939 praepositione
682 864 726 920 in.
751 857 842 938 Quod
890 861 1018 938 quidem
1040 863 1127 936 sola,
1153 880 1235 939 quae
1258 879 1325 921 non
1345 854 1420 920 inde
1436 867 1520 920 nata
1536 867 1588 933 est,

145 953 176 1003 et
191 943 268 1003 alias
284 947 506 1005 annotavimus.
538 946 733 1026 Quamquam
749 948 842 1006 etiam
890 950 1039 1024 nonfuit
1054 966 1128 1008 caro
1142 951 1275 1025 peccati.

145 1029 195 1090 bic
210 1050 304 1090 causa
331 1031 537 1112 significatur,
565 1053 633 1093 cum
657 1033 783 1106 dicitur,
806 1036 841 1091 in
933 1032 1011 1093 Cum
1026 1045 1129 1094 autem
1144 1035 1221 1096 haec
1237 1046 1267 1095 et
1282 1033 1413 1113 plurima
1429 1032 1493 1093 alia
1505 1030 1590 1112 apud

145 1135 206 1194 quo
221 1116 328 1177 Adam.
360 1118 449 1179 Certe
460 1118 553 1197 paulo
569 1130 648 1198 post,
664 1120 717 1179 ubi
732 1141 787 1179 nos
799 1119 840 1178 le·
889 1120 1094 1201 Augustinum
1110 1121 1247 1201 aliosque
1271 1128 1393 1180 sanctos
1413 1119 1524 1181 Patres
1539 1138 1590 1179 ex·

143 1205 252 1282 gimus‚
278 1208 313 1264 in
329 1206 570 1266 similitudinem
584 1209 841 1283 praeuaricatio-
890 1216 970 1269 stent
985 1209 1175 1282 testimonia,
1203 1206 1314 1287 quibus
1340 1226 1400 1266 non
1424 1207 1524 1266 solum
1540 1224 1590 1265 ex·

143 1293 193 1349 nis
208 1292 308 1367 Adae,
325 1291 444 1352 Graece
459 1302 514 1365 cst,
529 1283 579 1351 ἐπὶ
595 1291 641 1377 τῷ
661 1285 840 1371 ὁμοιώματι,

144 1381 180 1436 in
196 1380 421 1455 similitudine,
439 1381 519 1439 sicut
533 1381 599 1453 bic,
614 1383 650 1439 in
666 1399 745 1458 quo,·
768 1381 842 1440 licet

143 1465 223 1525 alias
239 1464 340 1526 dicere
356 1466 454 1527 soleat
477 1456 507 1523 ἐν
531 1459 719 1544 ὁμοιώματι,
743 1477 780 1526 ut
793 1486 841 1526 su·

143 1571 198 1632 pra
214 1573 280 1631 cap.
300 1559 326 1613 1.
343 1563 374 1612 et
388 1552 468 1612 inira
485 1573 551 1632 cap.
568 1553 597 1611 8.
610 1564 642 1614 et
665 1551 705 1613 ad
727 1552 840 1632 Philip.

147 1643 175 1700 2.
191 1636 242 1698 Sic
263 1640 324 1699 Act
346 1644 393 1702 2.;
419 1642 610 1716 Baptizatur
625 1644 842 1716 unusquisque

142 1731 282 1786 uestrum
298 1730 335 1787 in
350 1730 479 1789 nomine
491 1730 519 1788 J
519 1747 571 1787 esu
585 1729 711 1802 Christi,
726 1725 842 1787 Graece

143 1803 192 1872 ἐπὶ
215 1810 263 1898 τῷ
285 1805 419 1892 ὀνόματι,
444 1813 526 1893 quod
542 1817 656 1893 passim
679 1814 792 1874 dicitur
810 1805 840 1870 ἐν

142 1898 191 1985 aqi
213 1891 353 1978 tripart,
379 1915 409 1961 et
431 1900 583 1960 interdum
606 1892 652 1968 εἷς
674 1893 709 1957 τὸ
733 1895 839 1978 ὄνομα,

142 2000 176 2048 ut
199 1988 308 2048 Matth.
328 1990 375 2048 10.
393 1998 424 2047 et
440 1989 489 2049 28.
513 1989 564 2049 Sic
587 1989 678 2046 etiam
700 1988 778 2047 Heb.
795 1989 840 2046 9.:

142 2078 178 2136 in
190 2076 263 2134 cibis
273 2083 301 2134 et
309 2075 447 2152 potibus,
461 2094 497 2134 ac
509 2093 642 2134 rursum:
656 2076 841 2133 Testamen-

147 2165 266 2221 tamin
280 2165 418 2222 mortuis
439 2160 664 2236 confirmatum
687 2169 738 2220 est.
754 2160 840 2220 Utro·

141 2249 236 2328 bique
252 2247 369 2309 Graece
384 2239 443 2306 int.
472 2245 561 2324 Quae
583 2247 650 2307 loca
673 2268 728 2308 nec
751 2249 840 2306 Eras-

141 2355 208 2394 mus
225 2335 315 2395 aliter
330 2337 433 2395 vertit.

180 2421 204 2482 J
205 2442 253 2482 am
267 2425 361 2482 etiam
373 2421 423 2481 hic
432 2424 539 2502 quaeri
547 2431 657 2501 potest,
667 2421 841 2479 utrumsine

142 2511 325 2587 exceptione
347 2528 451 2567 verum
478 2510 519 2566 sit
541 2509 683 2587 Apostoli
709 2506 840 2566 dictum:

57 2623 60 2629 >
141 2597 183 2656 In
210 2614 272 2671 quo
298 2613 408 2655 amoses
430 2601 653 2670 peccauerunt.
683 2592 731 2651 Ad
758 2591 841 2671 quod

142 2680 467 2760 breviterrospoudeo:
480 2683 505 2739 si
519 2683 700 2760 scripturam
713 2698 839 2751 sacram,

141 2768 167 2826 si
180 2777 275 2827 totam
287 2768 513 2828 ecclesiasticae
522 2766 694 2826 traditionis
707 2767 839 2845 antiqui·

143 2862 238 2913 tatem
254 2855 449 2925 consulimus,
464 2852 541 2912 nihil
557 2855 695 2924 inveniri,
709 2872 771 2930 quo
787 2854 839 2911 mi·

142 2959 198 2999 nus
225 2944 367 3002 universe
389 2959 493 2999 verum
517 2943 570 3013 sit,
594 2958 697 2999 omnes
720 2941 839 2998 omniuo

143 3025 294 3100 homines,
311 3030 364 3107 qui
379 3027 528 3086 communi
543 3026 611 3106 lege
624 3027 839 3105 generationis,

143 3112 175 3172 id
190 3123 247 3187 est,
262 3133 318 3192 per
330 3113 523 3174 concubitum
534 3115 626 3174 maris
639 3121 669 3171 et
682 3110 839 3184 foeminae,

141 3208 172 3259 et
208 3200 336 3278 proinde
366 3198 532 3260 secundum
562 3199 838 3276 concupiscentiam

141 3287 295 3346 carnalem
311 3306 349 3346 ex
365 3285 463 3346 Adam
479 3288 535 3345 orti
552 3297 623 3347 sunt
645 3294 700 3344 aut
722 3286 838 3357 orituri,

140 3374 172 3432 in
180 3371 279 3433 Adam
292 3393 447 3451 peccasse.
459 3373 563 3434 Solum
572 3372 726 3434 Christum
738 3371 838 3430 Deum

140 3467 171 3518 et
185 3458 351 3534 hominem,
379 3462 507 3539 quinon
523 3462 566 3519 sic
581 3467 671 3519 natus
696 3469 757 3529 est,
784 3457 838 3517 sed

140 3565 219 3605 nova
236 3568 271 3606 ac
287 3546 434 3624 singulari
448 3566 503 3625 per
513 3547 662 3624 virginem
674 3546 837 3605 nativitate

138 3634 266 3692 venitin
281 3631 434 3704 mundum,
450 3644 484 3692 ut
501 3631 583 3710 quod
600 3634 630 3691 in
645 3630 745 3691 Adam
761 3632 837 3690 ccci·

139 3717 194 3791 dit,
211 3722 242 3778 in
257 3720 320 3778 suis
337 3719 440 3779 electis
454 3721 520 3797 ipse
533 3720 663 3797 erigeret
675 3738 711 3777 ac
722 3727 838 3777 restau-

139 3816 228 3877 raret,
244 3807 405 3865 immunem
423 3806 461 3865 ab
478 3805 561 3865 illius
577 3807 716 3883 contagio
733 3803 837 3862 fuisse.

140 3894 191 3954 Sic
207 3896 292 3953 enirn
308 3893 363 3951 ille
377 3895 503 3969 primus
518 3894 610 3952 bomo
617 3936 626 3964 ,
645 3889 837 3969 quemadmo-

890 1296 1060 1374 ceptionem
1078 1294 1191 1354 nullam
1207 1293 1324 1354 iaciant
1340 1296 1370 1353 in
1394 1292 1470 1370 hac,
1497 1312 1590 1372 quam

889 1391 1073 1454 tractamus,
1089 1381 1230 1460 Apostoli
1251 1379 1342 1440 Pauli
1358 1380 1523 1454 sententia,
1538 1398 1589 1438 ve·

889 1489 955 1529 rum
977 1470 1069 1528 etiarn
1093 1470 1301 1547 exceptionem
1328 1487 1448 1527 omnem
1472 1467 1590 1547 apertis

890 1555 993 1616 verbis
1012 1554 1179 1615 excludant
1195 1563 1288 1634 atque
1302 1563 1494 1626 removeant,
1518 1551 1591 1613 mibi

890 1652 987 1714 certe,
1016 1643 1066 1701 cui
1088 1644 1279 1722 propositum
1295 1651 1341 1700 est
1357 1650 1532 1701 sanctorum
1547 1639 1590 1698 in·

890 1729 1013 1789 haerere
1022 1728 1160 1788 sensibus
1170 1728 1362 1801 etdoctrinis,
1375 1728 1590 1807 exceptionem

891 1815 1028 1894 aliquam
1044 1817 1074 1873 in
1091 1835 1126 1874 ea
1141 1815 1251 1888 facere,
1266 1814 1373 1894 religio
1389 1825 1446 1888 est,
1474 1823 1589 1874 utcum-

891 1922 952 1982 que
979 1903 1030 1962 alii
1058 1901 1198 1981 quidam,
1226 1922 1303 1981 quos
1324 1921 1384 1962 non
1403 1901 1591 1980 judicamus,

891 1989 980 2049 aliter
996 1989 1053 2048 hac
1065 1988 1103 2048 de
1119 2009 1150 2048 re
1166 1991 1295 2068 sapient.

936 2077 984 2134 13.
1014 2076 1114 2151 Usque
1138 2075 1181 2134 ad
1204 2076 1302 2150 leaena
1326 2078 1411 2136 enim
1425 2081 1592 2151 peccatum

891 2170 961 2222 erat
976 2167 1012 2221 in
1028 2163 1158 2221 mundo.
1182 2162 1230 2220 De
1253 2171 1380 2241 peceato
1404 2160 1591 2241 generaliter

890 2249 1034 2329 loquitur,
1050 2257 1085 2306 ut
1097 2250 1189 2310 etiam
1201 2248 1334 2309 actualia
1343 2244 1590 2326 comprehendat,

890 2356 1017 2416 quorum
1034 2336 1166 2395 omnium
1182 2334 1248 2394 lons
1265 2345 1296 2395 et
1311 2331 1404 2396 fomes
1429 2343 1477 2394 est
1503 2333 1590 2412 origi·

889 2423 959 2482 nale
973 2430 1148 2501 peecatum,
1164 2423 1230 2481 sive
1245 2440 1281 2480 ea
1297 2425 1359 2483 sint
1373 2420 1590 2501 transgressio·

889 2529 952 2581 nes,
968 2509 1031 2568 sive
1046 2528 1114 2567 non.
1140 2509 1290 2588 Quocirca
1305 2530 1366 2570 uon
1381 2517 1429 2568 est
1442 2509 1495 2568 hic
1510 2505 1590 2566 solli·

890 2598 984 2667 citus,
1009 2604 1043 2654 ut
1072 2593 1128 2653 hoc
1158 2602 1319 2673 peccatum
1349 2596 1388 2655 ab
1418 2591 1592 2654 actuabbus

889 2691 1042 2753 secernat,
1065 2700 1084 2738 a
1106 2680 1216 2759 quibus
1239 2681 1345 2761 utique
1368 2682 1398 2741 iu
1422 2679 1590 2741 edultisse

888 2778 1023 2847 paratum
1039 2786 1106 2826 esse
1121 2788 1180 2826 non
1195 2775 1306 2845 potest.
1323 2767 1424 2846 Igitur
1444 2786 1528 2826 nunc
1545 2786 1589 2825 os·

888 2854 986 2913 tendit
1009 2852 1188 2931 Apostolus,
1209 2862 1410 2932 posteaquam
1426 2860 1589 2931 peccatum

889 2941 981 3001 semel
999 2942 1167 3017 ingressum
1184 2948 1231 2999 est
1247 2940 1278 2997 in
1294 2941 1455 3013 mundum,
1472 2958 1591 3019 semper

889 3031 920 3088 in
935 3026 1046 3085 mundo
1062 3024 1155 3085 fuisse
1171 3034 1201 3085 et
1221 3046 1381 3104 regnasse,
1409 3025 1506 3086 etiam
1522 3034 1591 3087 ante

888 3116 1002 3192 legem,
1017 3111 1162 3171 videlicet
1178 3132 1259 3186 eam,
1279 3132 1359 3191 quae
1375 3111 1449 3173 data
1465 3122 1515 3172 est
1538 3131 1590 3192 per

887 3201 1024 3279 Moysen.

929 3287 1007 3346 Nam
1023 3285 1076 3363 qui
1092 3283 1191 3362 legem
1205 3285 1256 3343 hic
1272 3283 1450 3363 intelligunt
1466 3292 1584 3345 natura·

887 3372 960 3444 lem,
977 3380 1010 3430 ut
1026 3370 1191 3449 Origenes,
1208 3372 1281 3429 etsi
1298 3369 1480 3450 quisalius,
1506 3369 1587 3430 aber·

886 3469 955 3518 rant
971 3481 989 3518 a
1003 3465 1106 3517 mente
1121 3457 1218 3516 Pauli.
1232 3455 1329 3517 Plane
1346 3458 1427 3516 enim
1438 3456 1541 3537 liquet
1551 3475 1587 3516 ex

888 3543 1101 3624 sequentibus,
1126 3562 1194 3602 eum
1216 3543 1303 3621 loqui
1325 3542 1363 3603 de
1388 3542 1458 3623 lege
1474 3543 1587 3623 scripte

887 3641 982 3709 atque
997 3629 1142 3689 Moesica.
1164 3629 1230 3688 Nec
1247 3627 1470 3689 admittendum
1482 3627 1587 3710 Orige-

886 3719 934 3777 nis
950 3717 1203 3794 supplementum,
1219 3734 1319 3795 usque
1336 3716 1377 3775 ad
1397 3715 1500 3795 legem
1518 3734 1586 3797 pec·

887 3814 986 3863 catum
1004 3801 1096 3861 luisse
1110 3810 1259 3861 mortuum
1277 3803 1310 3861 in
1324 3800 1456 3873 mundo,
1485 3802 1518 3864 id
1534 3811 1589 3873 est,

887 3909 985 3969 usque
1002 3888 1040 3948 ad
1056 3897 1189 3948 aetatem
1204 3890 1322 3948 ratione
1344 3897 1501 3964 utentem,
1529 3908 1590 3968 qun

139 3979 211 4038 dum
227 3981 272 4039 ait
293 3981 485 4059 Augustinus
508 3976 662 4037 Euchirid.
687 3999 753 4056 cap.
772 3979 836 4048 te,
860 4016 863 4087 1
885 3977 936 4077 lex
945 3974 1093 4036 naturalis
1103 3977 1206 4054 insipit
1217 3977 1415 4047 innotescere,
1427 3982 1588 4055 peccatum

138 4069 269 4142 stirpem
295 4085 402 4140 mam,
434 4084 532 4142 quarn
555 4064 719 4140 peccando
745 4066 781 4122 in
807 4082 837 4121 se

139 4161 297 4228 tanquam
318 4155 354 4212 in
374 4152 482 4212 radice
512 4154 705 4225 vitiaverat,
730 4167 837 4225 poena

141 4242 253 4300 mortis
280 4247 308 4298 ct
334 4240 541 4300 damnatione
567 4238 752 4311 obstrinxit,
783 4243 835 4308 ut,

138 4325 296 4403 quidquid
307 4327 411 4402 prolis
434 4345 472 4386 es
494 4325 550 4384 illo
575 4332 603 4384 et
625 4321 720 4384 sirnul
743 4322 836 4382 dom·

138 4421 235 4486 nata,
262 4432 441 4490 perquam
463 4419 668 4489 peccaverat,
692 4416 835 4484 conjuge,

135 4518 195 4576 per
207 4501 373 4560 carnalem
386 4501 673 4576 concupiscentiam
688 4514 835 4556 nascere·

886 4085 916 4122 m
932 4064 1036 4142 pueris
1048 4070 1199 4121 mortuum
1220 4082 1301 4131 esse,
1322 4063 1365 4120 sic
1381 4073 1417 4121 ut
1432 4064 1477 4123 eis
1493 4065 1588 4143 impu·

886 4153 942 4209 tari
958 4169 1019 4208 non
1034 4149 1141 4226 possit.
1163 4148 1275 4208 Audax
1298 4150 1379 4208 enim
1403 4158 1436 4208 et
1451 4148 1590 4211 violenta

886 4245 929 4296 est
946 4235 1021 4294 haec
1037 4235 1160 4295 additio.
1186 4235 1290 4313 Quare
1305 4234 1343 4294 de
1359 4233 1429 4313 lege
1440 4235 1590 4307 Mosaios,

886 4343 966 4401 quae
982 4323 1115 4382 omnium
1137 4321 1201 4380 iere
1217 4322 1369 4400 expositio
1386 4333 1442 4394 est,
1455 4324 1588 4402 Aposto-

885 4409 947 4469 lum
963 4408 1048 4488 loqui
1063 4428 1122 4467 non
1138 4406 1322 4468 dubitemus.

927 4495 1119 4575 Augustinus
1131 4494 1254 4574 quidem
1270 4497 1313 4555 sic
1328 4496 1474 4574 exponit:
1490 4516 1591 4575 usque

139 4594 203 4662 tur,
221 4589 360 4646 traheret
376 4587 533 4662 originale
545 4593 721 4662 peecatum.
745 4582 835 4643 Unde
885 4583 929 4642 ad
945 4585 1053 4657 lacem,
1071 4581 1175 4652 idest,
1193 4583 1284 4640 etiam
1300 4581 1368 4661 lege
1382 4580 1467 4657 lata,
1483 4603 1592 4664 pecas-

136 4674 240 4735 scribit
256 4673 335 4733 idem
350 4673 430 4753 Aug.
454 4671 505 4734 lib.
520 4677 547 4733 1.
560 4672 599 4733 de
614 4681 698 4751 nupt.
715 4680 746 4731 et
765 4690 833 4731 con·
885 4681 949 4730 tum
960 4668 1135 4749 permansit.
1145 4667 1255 4748 Neque
1268 4669 1349 4728 enim
1361 4667 1413 4728 lex
1425 4668 1592 4751 profligare
