<?xml version="1.0" encoding="UTF-8"?>
<!DOCTYPE html PUBLIC "-//W3C//DTD XHTML 1.0 Transitional//EN"
    "http://www.w3.org/TR/xhtml1/DTD/xhtml1-transitional.dtd">
<html xmlns="http://www.w3.org/1999/xhtml" xml:lang="en" lang="en">
 <head>
  <title>
</title>
<meta http-equiv="Content-Type" content="text/html;charset=utf-8" />
  <meta name='ocr-system' content='tesseract 3.04.00' />
  <meta name='ocr-capabilities' content='ocr_page ocr_carea ocr_par ocr_line ocrx_word'/>
</head>
<body>
  <div class='ocr_page' id='page_1' title='image "./guilielmiestiii00estigoog/guilielmiestiii00estigoog_0505.png"; bbox 0 0 3254 5190; ppageno 0'>
   <div class='ocr_carea' id='block_1_1' title="bbox 97 304 1025 385">
    <p class='ocr_par' dir='ltr' id='par_1_1' title="bbox 97 304 1025 385">
     <span class='ocr_line' id='line_1_1' title="bbox 97 304 1025 385; baseline -0.029 0"><span class='ocrx_word' id='word_1_1' title='bbox 97 310 172 385; x_wconf 73' lang='grc'><strong>484</strong></span> <span class='ocrx_word' id='word_1_2' title='bbox 592 304 825 362; x_wconf 73' lang='lat' dir='ltr'><strong>summimus</strong></span> <span class='ocrx_word' id='word_1_3' title='bbox 842 305 873 361; x_wconf 80' lang='lat' dir='ltr'><strong>rs</strong></span> <span class='ocrx_word' id='word_1_4' title='bbox 891 305 957 361; x_wconf 72' lang='lat' dir='ltr'><strong>cir.</strong></span> <span class='ocrx_word' id='word_1_5' title='bbox 976 304 1025 359; x_wconf 82' lang='lat' dir='ltr'><strong>ur.</strong></span> 
     </span>
    </p>
   </div>
   <div class='ocr_carea' id='block_1_2' title="bbox 95 476 1531 565">
    <p class='ocr_par' dir='ltr' id='par_1_2' title="bbox 95 476 1531 565">
     <span class='ocr_line' id='line_1_2' title="bbox 95 476 1531 565; baseline -0.001 -20"><span class='ocrx_word' id='word_1_6' title='bbox 95 502 236 565; x_wconf 85' lang='lat' dir='ltr'><strong>perverse</strong></span> <span class='ocrx_word' id='word_1_7' title='bbox 255 483 354 544; x_wconf 90' lang='lat' dir='ltr'><strong>locum</strong></span> <span class='ocrx_word' id='word_1_8' title='bbox 373 476 462 545; x_wconf 76' lang='lat' dir='ltr'><strong>ist‘um</strong></span> <span class='ocrx_word' id='word_1_9' title='bbox 477 482 615 564; x_wconf 74' lang='lat' dir='ltr'><strong>Apostoli</strong></span> <span class='ocrx_word' id='word_1_10' title='bbox 636 480 791 563; x_wconf 82' lang='lat' dir='ltr'><strong>proferant</strong></span> <span class='ocrx_word' id='word_1_11' title='bbox 837 483 935 544; x_wconf 88' lang='lat' dir='ltr'><strong>Peulo</strong></span> <span class='ocrx_word' id='word_1_12' title='bbox 958 489 1051 557; x_wconf 89' lang='lat' dir='ltr'><strong>teste,</strong></span> <span class='ocrx_word' id='word_1_13' title='bbox 1078 482 1168 542; x_wconf 88' lang='lat' dir='ltr'><strong>etiam</strong></span> <span class='ocrx_word' id='word_1_14' title='bbox 1193 480 1275 542; x_wconf 86' lang='lat' dir='ltr'><strong>velle</strong></span> <span class='ocrx_word' id='word_1_15' title='bbox 1301 482 1419 544; x_wconf 89' lang='lat' dir='ltr'><strong>nubere</strong></span> <span class='ocrx_word' id='word_1_16' title='bbox 1443 484 1479 544; x_wconf 87' lang='lat' dir='ltr'><strong>sit</strong></span> <span class='ocrx_word' id='word_1_17' title='bbox 1499 484 1531 544; x_wconf 89' lang='lat' dir='ltr'><strong>iis</strong></span> 
     </span>
    </p>
   </div>
   <div class='ocr_carea' id='block_1_3' title="bbox 87 568 1531 4812">
    <p class='ocr_par' dir='ltr' id='par_1_3' title="bbox 87 568 1531 4812">
     <span class='ocr_line' id='line_1_3' title="bbox 96 568 1531 652; baseline 0.001 -21"><span class='ocrx_word' id='word_1_18' title='bbox 96 578 252 652; x_wconf 74' lang='lat' dir='ltr'><strong>apostatae</strong></span> <span class='ocrx_word' id='word_1_19' title='bbox 267 569 434 632; x_wconf 74' lang='lat' dir='ltr'><strong>sacerdotes</strong></span> <span class='ocrx_word' id='word_1_20' title='bbox 450 578 480 632; x_wconf 90' lang='lat' dir='ltr'><strong>et</strong></span> <span class='ocrx_word' id='word_1_21' title='bbox 492 569 646 643; x_wconf 76' lang='lat' dir='ltr'><strong>monachi,</strong></span> <span class='ocrx_word' id='word_1_22' title='bbox 666 588 724 649; x_wconf 92' lang='lat' dir='ltr'><strong>quo</strong></span> <span class='ocrx_word' id='word_1_23' title='bbox 741 587 787 628; x_wconf 82' lang='lat' dir='ltr'><strong>ss·</strong></span> <span class='ocrx_word' id='word_1_24' title='bbox 838 569 1008 630; x_wconf 77' lang='lat' dir='ltr'><strong>damnabile</strong></span> <span class='ocrx_word' id='word_1_25' title='bbox 1022 568 1133 628; x_wconf 78' lang='lat' dir='ltr'><strong>melum</strong></span> <span class='ocrx_word' id='word_1_26' title='bbox 1148 568 1464 650; x_wconf 73' lang='lat' dir='ltr'><strong>1T1m6.‚sdsoque</strong></span> <span class='ocrx_word' id='word_1_27' title='bbox 1479 570 1531 632; x_wconf 90' lang='lat' dir='ltr'><strong>illis</strong></span> 
     </span>
     <span class='ocr_line' id='line_1_4' title="bbox 95 655 1529 739; baseline 0 -21"><span class='ocrx_word' id='word_1_28' title='bbox 95 659 205 738; x_wconf 81' lang='lat' dir='ltr'><strong>crilege</strong></span> <span class='ocrx_word' id='word_1_29' title='bbox 234 676 289 719; x_wconf 83' lang='lat' dir='ltr'><strong>sue</strong></span> <span class='ocrx_word' id='word_1_30' title='bbox 319 658 466 719; x_wconf 78' lang='lat' dir='ltr'><strong>connubio</strong></span> <span class='ocrx_word' id='word_1_31' title='bbox 491 665 561 739; x_wconf 89' lang='lat' dir='ltr'><strong>post</strong></span> <span class='ocrx_word' id='word_1_32' title='bbox 587 655 788 717; x_wconf 76' lang='lat' dir='ltr'><strong>continentiae</strong></span> <span class='ocrx_word' id='word_1_33' title='bbox 837 659 936 737; x_wconf 88' lang='lat' dir='ltr'><strong>ipsum</strong></span> <span class='ocrx_word' id='word_1_34' title='bbox 951 656 1063 717; x_wconf 88' lang='lat' dir='ltr'><strong>nubere</strong></span> <span class='ocrx_word' id='word_1_35' title='bbox 1076 655 1391 736; x_wconf 59' lang='lat' dir='ltr'><strong>eitumidquemulto</strong></span> <span class='ocrx_word' id='word_1_36' title='bbox 1404 660 1529 738; x_wconf 78' lang='lat' dir='ltr'><strong>gravius,</strong></span> 
     </span>
     <span class='ocr_line' id='line_1_5' title="bbox 94 743 1530 825; baseline 0 -21"><span class='ocrx_word' id='word_1_37' title='bbox 94 753 196 804; x_wconf 83' lang='lat' dir='ltr'><strong>votum</strong></span> <span class='ocrx_word' id='word_1_38' title='bbox 218 752 367 805; x_wconf 74' lang='lat' dir='ltr'><strong>attentata</strong></span> <span class='ocrx_word' id='word_1_39' title='bbox 387 754 540 806; x_wconf 82' lang='lat' dir='ltr'><strong>excusent</strong></span> <span class='ocrx_word' id='word_1_40' title='bbox 585 743 667 804; x_wconf 86' lang='lat' dir='ltr'><strong>Vide</strong></span> <span class='ocrx_word' id='word_1_41' title='bbox 690 750 721 802; x_wconf 89' lang='lat' dir='ltr'><strong>et</strong></span> <span class='ocrx_word' id='word_1_42' title='bbox 744 760 788 815; x_wconf 86' lang='lat' dir='ltr'><strong>es,</strong></span> <span class='ocrx_word' id='word_1_43' title='bbox 837 763 928 823; x_wconf 93' lang='lat' dir='ltr'><strong>quam</strong></span> <span class='ocrx_word' id='word_1_44' title='bbox 955 745 980 806; x_wconf 91' lang='lat' dir='ltr'><strong>si</strong></span> <span class='ocrx_word' id='word_1_45' title='bbox 1010 744 1076 823; x_wconf 90' lang='lat' dir='ltr'><strong>quis</strong></span> <span class='ocrx_word' id='word_1_46' title='bbox 1105 751 1192 802; x_wconf 85' lang='lat' dir='ltr'><strong>extra</strong></span> <span class='ocrx_word' id='word_1_47' title='bbox 1218 743 1391 821; x_wconf 87' lang='lat' dir='ltr'><strong>hujusmodi</strong></span> <span class='ocrx_word' id='word_1_48' title='bbox 1419 745 1530 825; x_wconf 76' lang='lat' dir='ltr'><strong>nuptias</strong></span> 
     </span>
     <span class='ocr_line' id='line_1_6' title="bbox 94 829 1528 913; baseline 0.001 -23"><span class='ocrx_word' id='word_1_49' title='bbox 94 851 172 913; x_wconf 83' lang='lat' dir='ltr'><strong>quse</strong></span> <span class='ocrx_word' id='word_1_50' title='bbox 188 832 448 892; x_wconf 87' lang='lat' dir='ltr'><strong>commentabimur</strong></span> <span class='ocrx_word' id='word_1_51' title='bbox 462 831 501 893; x_wconf 89' lang='lat' dir='ltr'><strong>ad</strong></span> <span class='ocrx_word' id='word_1_52' title='bbox 515 830 569 892; x_wconf 85' lang='lat' dir='ltr'><strong>ills</strong></span> <span class='ocrx_word' id='word_1_53' title='bbox 584 829 687 905; x_wconf 84' lang='lat' dir='ltr'><strong>verba,</strong></span> <span class='ocrx_word' id='word_1_54' title='bbox 708 847 789 909; x_wconf 92' lang='lat' dir='ltr'><strong>quae</strong></span> <span class='ocrx_word' id='word_1_55' title='bbox 836 838 946 890; x_wconf 81' lang='lat' dir='ltr'><strong>uretur.</strong></span> <span class='ocrx_word' id='word_1_56' title='bbox 970 830 1048 889; x_wconf 83' lang='lat' dir='ltr'><strong>Nom</strong></span> <span class='ocrx_word' id='word_1_57' title='bbox 1063 830 1114 908; x_wconf 87' lang='lat' dir='ltr'><strong>qui</strong></span> <span class='ocrx_word' id='word_1_58' title='bbox 1130 837 1197 911; x_wconf 89' lang='lat' dir='ltr'><strong>post</strong></span> <span class='ocrx_word' id='word_1_59' title='bbox 1211 839 1315 890; x_wconf 80' lang='lat' dir='ltr'><strong>sotum</strong></span> <span class='ocrx_word' id='word_1_60' title='bbox 1327 833 1452 911; x_wconf 84' lang='lat' dir='ltr'><strong>nuptias</strong></span> <span class='ocrx_word' id='word_1_61' title='bbox 1467 851 1528 892; x_wconf 88' lang='lat' dir='ltr'><strong>oon·</strong></span> 
     </span>
     <span class='ocr_line' id='line_1_7' title="bbox 94 914 1528 999; baseline 0.001 -22"><span class='ocrx_word' id='word_1_62' title='bbox 94 927 164 978; x_wconf 86' lang='lat' dir='ltr'><strong>sunt</strong></span> <span class='ocrx_word' id='word_1_63' title='bbox 184 917 264 978; x_wconf 78' lang='lat' dir='ltr'><strong>inira</strong></span> <span class='ocrx_word' id='word_1_64' title='bbox 283 938 372 980; x_wconf 83' lang='lat' dir='ltr'><strong>versu</strong></span> <span class='ocrx_word' id='word_1_65' title='bbox 390 919 439 980; x_wconf 74' lang='lat'><strong>28.</strong></span> <span class='ocrx_word' id='word_1_66' title='bbox 462 920 497 981; x_wconf 77' lang='lat' dir='ltr'><strong>Si</strong></span> <span class='ocrx_word' id='word_1_67' title='bbox 517 919 664 994; x_wconf 75' lang='lat' dir='ltr'><strong>nupserit</strong></span> <span class='ocrx_word' id='word_1_68' title='bbox 685 918 786 991; x_wconf 74' lang='lat' dir='ltr'><strong>virqo,</strong></span> <span class='ocrx_word' id='word_1_69' title='bbox 836 917 942 990; x_wconf 88' lang='lat' dir='ltr'><strong>trabit,</strong></span> <span class='ocrx_word' id='word_1_70' title='bbox 973 925 1129 996; x_wconf 88' lang='lat' dir='ltr'><strong>peccatum</strong></span> <span class='ocrx_word' id='word_1_71' title='bbox 1157 914 1291 977; x_wconf 74' lang='lat' dir='ltr'><strong>libidinis</strong></span> <span class='ocrx_word' id='word_1_72' title='bbox 1320 926 1448 999; x_wconf 79' lang='lat' dir='ltr'><strong>peccato</strong></span> <span class='ocrx_word' id='word_1_73' title='bbox 1473 917 1528 978; x_wconf 82' lang='lat' dir='ltr'><strong>voti</strong></span> 
     </span>
     <span class='ocr_line' id='line_1_8' title="bbox 92 1003 1526 1085; baseline -0.001 -19"><span class='ocrx_word' id='word_1_74' title='bbox 92 1023 160 1066; x_wconf 77' lang='lat' dir='ltr'><strong>nors</strong></span> <span class='ocrx_word' id='word_1_75' title='bbox 173 1008 323 1081; x_wconf 85' lang='lat' dir='ltr'><strong>peccavit.</strong></span> <span class='ocrx_word' id='word_1_76' title='bbox 835 1003 941 1064; x_wconf 78' lang='lat' dir='ltr'><strong>violati</strong></span> <span class='ocrx_word' id='word_1_77' title='bbox 957 1003 1098 1064; x_wconf 83' lang='lat' dir='ltr'><strong>cumulat</strong></span> <span class='ocrx_word' id='word_1_78' title='bbox 1121 1004 1220 1083; x_wconf 81' lang='lat' dir='ltr'><strong>Igitur</strong></span> <span class='ocrx_word' id='word_1_79' title='bbox 1234 1004 1404 1065; x_wconf 88' lang='lat' dir='ltr'><strong>seeundum</strong></span> <span class='ocrx_word' id='word_1_80' title='bbox 1420 1004 1526 1085; x_wconf 87' lang='lat' dir='ltr'><strong>exposi·</strong></span> 
     </span>
     <span class='ocr_line' id='line_1_9' title="bbox 135 1090 1524 1172; baseline -0.001 -20"><span class='ocrx_word' id='word_1_81' title='bbox 135 1091 248 1153; x_wconf 80' lang='lat' dir='ltr'><strong>Melius</strong></span> <span class='ocrx_word' id='word_1_82' title='bbox 274 1100 318 1152; x_wconf 86' lang='lat' dir='ltr'><strong>est</strong></span> <span class='ocrx_word' id='word_1_83' title='bbox 342 1095 426 1152; x_wconf 80' lang='lat' dir='ltr'><strong>enim</strong></span> <span class='ocrx_word' id='word_1_84' title='bbox 453 1093 571 1159; x_wconf 77' lang='lat' dir='ltr'><strong>nubere</strong></span> <span class='ocrx_word' id='word_1_85' title='bbox 600 1109 698 1169; x_wconf 81' lang='lat' dir='ltr'><strong>quam</strong></span> <span class='ocrx_word' id='word_1_86' title='bbox 723 1090 785 1147; x_wconf 78' lang='lat' dir='ltr'><strong>uri.</strong></span> <span class='ocrx_word' id='word_1_87' title='bbox 836 1091 945 1150; x_wconf 91' lang='lat' dir='ltr'><strong>tionem</strong></span> <span class='ocrx_word' id='word_1_88' title='bbox 961 1097 1131 1150; x_wconf 82' lang='lat' dir='ltr'><strong>sanctorum</strong></span> <span class='ocrx_word' id='word_1_89' title='bbox 1146 1090 1282 1162; x_wconf 85' lang='lat' dir='ltr'><strong>Petrum,</strong></span> <span class='ocrx_word' id='word_1_90' title='bbox 1307 1111 1386 1172; x_wconf 90' lang='lat' dir='ltr'><strong>quos</strong></span> <span class='ocrx_word' id='word_1_91' title='bbox 1409 1099 1479 1152; x_wconf 88' lang='lat' dir='ltr'><strong>ente</strong></span> <span class='ocrx_word' id='word_1_92' title='bbox 1492 1091 1524 1151; x_wconf 89' lang='lat' dir='ltr'><strong>ci·</strong></span> 
     </span>
     <span class='ocr_line' id='line_1_10' title="bbox 93 1175 1523 1259; baseline -0.001 -20"><span class='ocrx_word' id='word_1_93' title='bbox 93 1179 216 1239; x_wconf 79' lang='lat' dir='ltr'><strong>Nubere</strong></span> <span class='ocrx_word' id='word_1_94' title='bbox 223 1224 233 1253; x_wconf 93' lang='lat'><strong>,</strong></span> <span class='ocrx_word' id='word_1_95' title='bbox 250 1177 369 1242; x_wconf 79' lang='lat' dir='ltr'><strong>Graece</strong></span> <span class='ocrx_word' id='word_1_96' title='bbox 384 1179 538 1259; x_wconf 75' lang='grc' dir='ltr'>γαμῆσαι,</span> <span class='ocrx_word' id='word_1_97' title='bbox 563 1176 593 1239; x_wconf 92' lang='lat' dir='ltr'><strong>id</strong></span> <span class='ocrx_word' id='word_1_98' title='bbox 610 1185 671 1248; x_wconf 90' lang='lat' dir='ltr'><strong>est,</strong></span> <span class='ocrx_word' id='word_1_99' title='bbox 691 1175 787 1250; x_wconf 71' lang='lat' dir='ltr'><strong>junci</strong></span> <span class='ocrx_word' id='word_1_100' title='bbox 836 1178 972 1249; x_wconf 88' lang='lat' dir='ltr'><strong>tavimus,</strong></span> <span class='ocrx_word' id='word_1_101' title='bbox 988 1176 1046 1235; x_wconf 90' lang='lat' dir='ltr'><strong>illis</strong></span> <span class='ocrx_word' id='word_1_102' title='bbox 1063 1177 1178 1237; x_wconf 90' lang='lat' dir='ltr'><strong>nubere</strong></span> <span class='ocrx_word' id='word_1_103' title='bbox 1194 1197 1286 1257; x_wconf 90' lang='lat' dir='ltr'><strong>quam</strong></span> <span class='ocrx_word' id='word_1_104' title='bbox 1301 1181 1347 1240; x_wconf 94' lang='lat' dir='ltr'><strong>uri</strong></span> <span class='ocrx_word' id='word_1_105' title='bbox 1359 1177 1465 1239; x_wconf 84' lang='lat' dir='ltr'><strong>melius</strong></span> <span class='ocrx_word' id='word_1_106' title='bbox 1479 1185 1523 1251; x_wconf 72' lang='lat' dir='ltr'><strong>est,</strong></span> 
     </span>
     <span class='ocr_line' id='line_1_11' title="bbox 91 1261 1522 1345; baseline -0.001 -19"><span class='ocrx_word' id='word_1_107' title='bbox 91 1268 305 1327; x_wconf 80' lang='lat' dir='ltr'><strong>matrimonio.</strong></span> <span class='ocrx_word' id='word_1_108' title='bbox 335 1267 424 1326; x_wconf 87' lang='lat' dir='ltr'><strong>Retio</strong></span> <span class='ocrx_word' id='word_1_109' title='bbox 440 1265 556 1327; x_wconf 89' lang='lat' dir='ltr'><strong>consilii</strong></span> <span class='ocrx_word' id='word_1_110' title='bbox 571 1283 676 1325; x_wconf 89' lang='lat' dir='ltr'><strong>nonse</strong></span> <span class='ocrx_word' id='word_1_111' title='bbox 692 1261 785 1322; x_wconf 90' lang='lat' dir='ltr'><strong>conti·</strong></span> <span class='ocrx_word' id='word_1_112' title='bbox 835 1265 887 1345; x_wconf 89' lang='lat' dir='ltr'><strong>qui</strong></span> <span class='ocrx_word' id='word_1_113' title='bbox 911 1263 1009 1324; x_wconf 89' lang='lat' dir='ltr'><strong>adhuc</strong></span> <span class='ocrx_word' id='word_1_114' title='bbox 1029 1263 1143 1323; x_wconf 90' lang='lat' dir='ltr'><strong>nubere</strong></span> <span class='ocrx_word' id='word_1_115' title='bbox 1165 1272 1297 1343; x_wconf 82' lang='lat' dir='ltr'><strong>possunt</strong></span> <span class='ocrx_word' id='word_1_116' title='bbox 1337 1263 1429 1327; x_wconf 85' lang='lat' dir='ltr'><strong>Unde</strong></span> <span class='ocrx_word' id='word_1_117' title='bbox 1452 1265 1522 1325; x_wconf 86' lang='lat' dir='ltr'><strong>etin</strong></span> 
     </span>
     <span class='ocr_line' id='line_1_12' title="bbox 91 1348 1520 1433; baseline -0.003 -19"><span class='ocrx_word' id='word_1_118' title='bbox 91 1353 230 1415; x_wconf 87' lang='lat' dir='ltr'><strong>uentibus</strong></span> <span class='ocrx_word' id='word_1_119' title='bbox 253 1353 330 1414; x_wconf 85' lang='lat' dir='ltr'><strong>dati:</strong></span> <span class='ocrx_word' id='word_1_120' title='bbox 361 1355 515 1433; x_wconf 86' lang='lat' dir='ltr'><strong>quoniam,</strong></span> <span class='ocrx_word' id='word_1_121' title='bbox 540 1353 654 1432; x_wconf 92' lang='lat' dir='ltr'><strong>inquit,</strong></span> <span class='ocrx_word' id='word_1_122' title='bbox 677 1349 785 1409; x_wconf 87' lang='lat' dir='ltr'><strong>melius</strong></span> <span class='ocrx_word' id='word_1_123' title='bbox 835 1352 969 1410; x_wconf 88' lang='lat' dir='ltr'><strong>oratione</strong></span> <span class='ocrx_word' id='word_1_124' title='bbox 991 1348 1120 1430; x_wconf 79' lang='lat' dir='ltr'><strong>quedam</strong></span> <span class='ocrx_word' id='word_1_125' title='bbox 1142 1349 1293 1430; x_wconf 77' lang='lat' dir='ltr'><strong>adscripto</strong></span> <span class='ocrx_word' id='word_1_126' title='bbox 1317 1353 1351 1411; x_wconf 91' lang='lat' dir='ltr'><strong>B.</strong></span> <span class='ocrx_word' id='word_1_127' title='bbox 1375 1351 1520 1412; x_wconf 81' lang='lat' dir='ltr'><strong>Ambrosio</strong></span> 
     </span>
     <span class='ocr_line' id='line_1_13' title="bbox 91 1436 1516 1521; baseline -0.001 -22"><span class='ocrx_word' id='word_1_128' title='bbox 91 1448 150 1514; x_wconf 92' lang='lat' dir='ltr'><strong>est,</strong></span> <span class='ocrx_word' id='word_1_129' title='bbox 176 1440 332 1521; x_wconf 78' lang='lat' dir='ltr'><strong>conjugem</strong></span> <span class='ocrx_word' id='word_1_130' title='bbox 347 1440 482 1520; x_wconf 87' lang='lat' dir='ltr'><strong>accipere</strong></span> <span class='ocrx_word' id='word_1_131' title='bbox 498 1449 528 1500; x_wconf 87' lang='lat' dir='ltr'><strong>et</strong></span> <span class='ocrx_word' id='word_1_132' title='bbox 549 1439 720 1519; x_wconf 81' lang='lat' dir='ltr'><strong>nuptiarum</strong></span> <span class='ocrx_word' id='word_1_133' title='bbox 740 1436 785 1494; x_wconf 89' lang='lat' dir='ltr'><strong>uti</strong></span> <span class='ocrx_word' id='word_1_134' title='bbox 834 1437 876 1497; x_wconf 89' lang='lat' dir='ltr'><strong>sic</strong></span> <span class='ocrx_word' id='word_1_135' title='bbox 906 1437 1031 1517; x_wconf 81' lang='lat' dir='ltr'><strong>legitur:</strong></span> <span class='ocrx_word' id='word_1_136' title='bbox 1063 1437 1242 1497; x_wconf 78' lang='lat' dir='ltr'><strong>Moeclscrsti</strong></span> <span class='ocrx_word' id='word_1_137' title='bbox 1271 1440 1308 1499; x_wconf 81' lang='lat' dir='ltr'><strong>in</strong></span> <span class='ocrx_word' id='word_1_138' title='bbox 1338 1439 1433 1500; x_wconf 82' lang='lat' dir='ltr'><strong>eorde</strong></span> <span class='ocrx_word' id='word_1_139' title='bbox 1461 1456 1516 1512; x_wconf 78' lang='lat' dir='ltr'><strong>sao,</strong></span> 
     </span>
     <span class='ocr_line' id='line_1_14' title="bbox 89 1525 1518 1607; baseline -0.001 -20"><span class='ocrx_word' id='word_1_140' title='bbox 89 1525 236 1601; x_wconf 88' lang='lat' dir='ltr'><strong>remedio,</strong></span> <span class='ocrx_word' id='word_1_141' title='bbox 253 1546 342 1607; x_wconf 86' lang='lat' dir='ltr'><strong>quem</strong></span> <span class='ocrx_word' id='word_1_142' title='bbox 359 1528 421 1602; x_wconf 91' lang='lat' dir='ltr'><strong>uri,</strong></span> <span class='ocrx_word' id='word_1_143' title='bbox 447 1527 478 1587; x_wconf 89' lang='lat' dir='ltr'><strong>id</strong></span> <span class='ocrx_word' id='word_1_144' title='bbox 495 1536 554 1600; x_wconf 89' lang='lat' dir='ltr'><strong>est,</strong></span> <span class='ocrx_word' id='word_1_145' title='bbox 577 1525 615 1585; x_wconf 86' lang='lat' dir='ltr'><strong>ob</strong></span> <span class='ocrx_word' id='word_1_146' title='bbox 631 1528 701 1606; x_wconf 83' lang='lat' dir='ltr'><strong>igne</strong></span> <span class='ocrx_word' id='word_1_147' title='bbox 716 1544 784 1582; x_wconf 88' lang='lat' dir='ltr'><strong>con·</strong></span> <span class='ocrx_word' id='word_1_148' title='bbox 833 1525 967 1585; x_wconf 78' lang='lat' dir='ltr'><strong>necdum</strong></span> <span class='ocrx_word' id='word_1_149' title='bbox 979 1527 1154 1585; x_wconf 78' lang='lat' dir='ltr'><strong>castitatem</strong></span> <span class='ocrx_word' id='word_1_150' title='bbox 1170 1525 1324 1601; x_wconf 75' lang='lat' dir='ltr'><strong>professo,</strong></span> <span class='ocrx_word' id='word_1_151' title='bbox 1336 1529 1518 1601; x_wconf 74' lang='lat' dir='ltr'><strong>jrsoetcripo·</strong></span> 
     </span>
     <span class='ocr_line' id='line_1_15' title="bbox 90 1610 1518 1694; baseline 0.001 -22"><span class='ocrx_word' id='word_1_152' title='bbox 90 1614 293 1693; x_wconf 87' lang='lat' dir='ltr'><strong>cupiscentiae</strong></span> <span class='ocrx_word' id='word_1_153' title='bbox 316 1612 395 1674; x_wconf 88' lang='lat' dir='ltr'><strong>laedi</strong></span> <span class='ocrx_word' id='word_1_154' title='bbox 410 1632 464 1694; x_wconf 87' lang='lat' dir='ltr'><strong>per</strong></span> <span class='ocrx_word' id='word_1_155' title='bbox 479 1621 579 1674; x_wconf 87' lang='lat' dir='ltr'><strong>actum</strong></span> <span class='ocrx_word' id='word_1_156' title='bbox 594 1612 645 1672; x_wconf 86' lang='lat' dir='ltr'><strong>vel</strong></span> <span class='ocrx_word' id='word_1_157' title='bbox 659 1629 782 1672; x_wconf 87' lang='lat' dir='ltr'><strong>consen·</strong></span> <span class='ocrx_word' id='word_1_158' title='bbox 832 1612 947 1672; x_wconf 80' lang='lat' dir='ltr'><strong>stolum</strong></span> <span class='ocrx_word' id='word_1_159' title='bbox 962 1612 1073 1671; x_wconf 81' lang='lat' dir='ltr'><strong>melius</strong></span> <span class='ocrx_word' id='word_1_160' title='bbox 1089 1618 1132 1671; x_wconf 82' lang='lat' dir='ltr'><strong>est</strong></span> <span class='ocrx_word' id='word_1_161' title='bbox 1146 1613 1265 1673; x_wconf 81' lang='lat' dir='ltr'><strong>nubere</strong></span> <span class='ocrx_word' id='word_1_162' title='bbox 1276 1632 1376 1690; x_wconf 80' lang='lat' dir='ltr'><strong>quom</strong></span> <span class='ocrx_word' id='word_1_163' title='bbox 1387 1616 1448 1674; x_wconf 64' lang='grc' dir='ltr'><strong><em>«ιη’.</em></strong></span> <span class='ocrx_word' id='word_1_164' title='bbox 1469 1610 1518 1673; x_wconf 72' lang='lat' dir='ltr'><strong>set</strong></span> 
     </span>
     <span class='ocr_line' id='line_1_16' title="bbox 91 1700 1518 1780; baseline 0 -22"><span class='ocrx_word' id='word_1_165' title='bbox 91 1719 157 1759; x_wconf 88' lang='lat' dir='ltr'><strong>sum</strong></span> <span class='ocrx_word' id='word_1_166' title='bbox 172 1701 302 1779; x_wconf 73' lang='lat' dir='ltr'><strong>peccati:</strong></span> <span class='ocrx_word' id='word_1_167' title='bbox 319 1700 362 1758; x_wconf 84' lang='lat' dir='ltr'><strong>ite</strong></span> <span class='ocrx_word' id='word_1_168' title='bbox 376 1700 439 1780; x_wconf 84' lang='lat' dir='ltr'><strong>pati</strong></span> <span class='ocrx_word' id='word_1_169' title='bbox 453 1700 587 1760; x_wconf 89' lang='lat' dir='ltr'><strong>libidinis</strong></span> <span class='ocrx_word' id='word_1_170' title='bbox 602 1707 729 1773; x_wconf 86' lang='lat' dir='ltr'><strong>aestum,</strong></span> <span class='ocrx_word' id='word_1_171' title='bbox 751 1704 786 1756; x_wconf 90' lang='lat' dir='ltr'><strong>nt</strong></span> <span class='ocrx_word' id='word_1_172' title='bbox 833 1700 964 1760; x_wconf 42' lang='lat' dir='ltr'><strong>obsecro*</strong></span> <span class='ocrx_word' id='word_1_173' title='bbox 980 1700 1135 1774; x_wconf 80' lang='lat' dir='ltr'><strong>Domine,</strong></span> <span class='ocrx_word' id='word_1_174' title='bbox 1157 1705 1194 1758; x_wconf 78' lang='lat' dir='ltr'><strong>ut</strong></span> <span class='ocrx_word' id='word_1_175' title='bbox 1216 1700 1268 1759; x_wconf 80' lang='lat' dir='ltr'><strong>oui</strong></span> <span class='ocrx_word' id='word_1_176' title='bbox 1286 1718 1356 1761; x_wconf 82' lang='lat' dir='ltr'><strong>non</strong></span> <span class='ocrx_word' id='word_1_177' title='bbox 1377 1701 1448 1761; x_wconf 79' lang='lat' dir='ltr'><strong>licet</strong></span> <span class='ocrx_word' id='word_1_178' title='bbox 1467 1717 1518 1759; x_wconf 80' lang='lat' dir='ltr'><strong>ao·</strong></span> 
     </span>
     <span class='ocr_line' id='line_1_17' title="bbox 90 1785 1518 1863; baseline 0 -17"><span class='ocrx_word' id='word_1_179' title='bbox 90 1786 240 1861; x_wconf 87' lang='lat' dir='ltr'><strong>edureris,</strong></span> <span class='ocrx_word' id='word_1_180' title='bbox 270 1795 320 1846; x_wconf 89' lang='lat' dir='ltr'><strong>aut</strong></span> <span class='ocrx_word' id='word_1_181' title='bbox 342 1789 433 1846; x_wconf 82' lang='lat' dir='ltr'><strong>etism</strong></span> <span class='ocrx_word' id='word_1_182' title='bbox 451 1785 643 1847; x_wconf 85' lang='lat' dir='ltr'><strong>comburaris.</strong></span> <span class='ocrx_word' id='word_1_183' title='bbox 679 1785 785 1846; x_wconf 86' lang='lat' dir='ltr'><strong>Uritur</strong></span> <span class='ocrx_word' id='word_1_184' title='bbox 833 1787 914 1861; x_wconf 82' lang='lat' dir='ltr'><strong>bere,</strong></span> <span class='ocrx_word' id='word_1_185' title='bbox 927 1785 1288 1863; x_wconf 71' lang='lat' dir='ltr'><strong>conconstnpcsadurs.</strong></span> <span class='ocrx_word' id='word_1_186' title='bbox 1301 1787 1518 1848; x_wconf 80' lang='lat' dir='ltr'><strong>Ecceorationis</strong></span> 
     </span>
     <span class='ocr_line' id='line_1_18' title="bbox 91 1871 1382 1953; baseline 0.002 -21"><span class='ocrx_word' id='word_1_187' title='bbox 91 1893 171 1953; x_wconf 80' lang='lat' dir='ltr'><strong>crgo,</strong></span> <span class='ocrx_word' id='word_1_188' title='bbox 187 1893 247 1933; x_wconf 92' lang='lat' dir='ltr'><strong>non</strong></span> <span class='ocrx_word' id='word_1_189' title='bbox 263 1875 315 1953; x_wconf 93' lang='lat' dir='ltr'><strong>qui</strong></span> <span class='ocrx_word' id='word_1_190' title='bbox 331 1881 460 1935; x_wconf 83' lang='lat' dir='ltr'><strong>tentatur</strong></span> <span class='ocrx_word' id='word_1_191' title='bbox 476 1873 630 1935; x_wconf 87' lang='lat' dir='ltr'><strong>incentivo</strong></span> <span class='ocrx_word' id='word_1_192' title='bbox 640 1872 783 1944; x_wconf 87' lang='lat' dir='ltr'><strong>libidinis,</strong></span> <span class='ocrx_word' id='word_1_193' title='bbox 832 1871 1014 1945; x_wconf 91' lang='lat' dir='ltr'><strong>remedium,</strong></span> <span class='ocrx_word' id='word_1_194' title='bbox 1030 1873 1081 1933; x_wconf 91' lang='lat' dir='ltr'><strong>nbi</strong></span> <span class='ocrx_word' id='word_1_195' title='bbox 1097 1872 1210 1933; x_wconf 89' lang='lat' dir='ltr'><strong>nubere</strong></span> <span class='ocrx_word' id='word_1_196' title='bbox 1224 1891 1285 1935; x_wconf 89' lang='lat' dir='ltr'><strong>non</strong></span> <span class='ocrx_word' id='word_1_197' title='bbox 1300 1873 1382 1934; x_wconf 84' lang='lat' dir='ltr'><strong>licet</strong></span> 
     </span>
     <span class='ocr_line' id='line_1_19' title="bbox 90 1958 1517 2042; baseline -0.002 -21"><span class='ocrx_word' id='word_1_198' title='bbox 90 1959 142 2021; x_wconf 89' lang='lat' dir='ltr'><strong>sed</strong></span> <span class='ocrx_word' id='word_1_199' title='bbox 158 1961 211 2041; x_wconf 87' lang='lat' dir='ltr'><strong>qui</strong></span> <span class='ocrx_word' id='word_1_200' title='bbox 227 1979 245 2019; x_wconf 83' lang='lat' dir='ltr'><strong>s</strong></span> <span class='ocrx_word' id='word_1_201' title='bbox 263 1962 428 2022; x_wconf 69' lang='lat' dir='ltr'><strong>tentatione</strong></span> <span class='ocrx_word' id='word_1_202' title='bbox 451 1969 624 2042; x_wconf 86' lang='lat' dir='ltr'><strong>superatur:</strong></span> <span class='ocrx_word' id='word_1_203' title='bbox 646 1979 707 2019; x_wconf 90' lang='lat' dir='ltr'><strong>uon</strong></span> <span class='ocrx_word' id='word_1_204' title='bbox 730 1958 783 2038; x_wconf 88' lang='lat' dir='ltr'><strong>qui</strong></span> <span class='ocrx_word' id='word_1_205' title='bbox 877 1958 1041 2039; x_wconf 76' lang='lat' dir='ltr'><strong>Quaeritur</strong></span> <span class='ocrx_word' id='word_1_206' title='bbox 1071 1968 1178 2033; x_wconf 88' lang='lat' dir='ltr'><strong>antem,</strong></span> <span class='ocrx_word' id='word_1_207' title='bbox 1208 1980 1268 2041; x_wconf 86' lang='lat' dir='ltr'><strong>qno</strong></span> <span class='ocrx_word' id='word_1_208' title='bbox 1298 1980 1389 2021; x_wconf 89' lang='lat' dir='ltr'><strong>sensu</strong></span> <span class='ocrx_word' id='word_1_209' title='bbox 1420 1959 1517 2020; x_wconf 86' lang='lat' dir='ltr'><strong>nubere</strong></span> 
     </span>
     <span class='ocr_line' id='line_1_20' title="bbox 90 2044 1519 2128; baseline -0.003 -21"><span class='ocrx_word' id='word_1_210' title='bbox 90 2046 254 2120; x_wconf 89' lang='lat' dir='ltr'><strong>sentit,sed</strong></span> <span class='ocrx_word' id='word_1_211' title='bbox 267 2049 498 2127; x_wconf 79' lang='lat' dir='ltr'><strong>quiconsentit3</strong></span> <span class='ocrx_word' id='word_1_212' title='bbox 513 2044 785 2128; x_wconf 90' lang='lat' dir='ltr'><strong>quomododicitur</strong></span> <span class='ocrx_word' id='word_1_213' title='bbox 833 2047 873 2105; x_wconf 90' lang='lat' dir='ltr'><strong>sit</strong></span> <span class='ocrx_word' id='word_1_214' title='bbox 902 2046 1008 2106; x_wconf 86' lang='lat' dir='ltr'><strong>melius</strong></span> <span class='ocrx_word' id='word_1_215' title='bbox 1038 2066 1129 2126; x_wconf 88' lang='lat' dir='ltr'><strong>quam</strong></span> <span class='ocrx_word' id='word_1_216' title='bbox 1166 2049 1228 2107; x_wconf 91' lang='lat' dir='ltr'><strong>uri:</strong></span> <span class='ocrx_word' id='word_1_217' title='bbox 1265 2068 1336 2108; x_wconf 90' lang='lat' dir='ltr'><strong>num</strong></span> <span class='ocrx_word' id='word_1_218' title='bbox 1371 2046 1519 2128; x_wconf 81' lang='lat' dir='ltr'><strong>improprie</strong></span> 
     </span>
     <span class='ocr_line' id='line_1_21' title="bbox 88 2131 1517 2214; baseline -0.001 -21"><span class='ocrx_word' id='word_1_219' title='bbox 88 2134 134 2193; x_wconf 88' lang='lat' dir='ltr'><strong>uri</strong></span> <span class='ocrx_word' id='word_1_220' title='bbox 148 2133 232 2213; x_wconf 73' lang='lat' dir='ltr'><strong>igne,</strong></span> <span class='ocrx_word' id='word_1_221' title='bbox 253 2154 312 2195; x_wconf 90' lang='lat' dir='ltr'><strong>non</strong></span> <span class='ocrx_word' id='word_1_222' title='bbox 335 2136 386 2214; x_wconf 89' lang='lat' dir='ltr'><strong>qui</strong></span> <span class='ocrx_word' id='word_1_223' title='bbox 407 2135 536 2194; x_wconf 86' lang='lat' dir='ltr'><strong>calorem</strong></span> <span class='ocrx_word' id='word_1_224' title='bbox 558 2134 622 2212; x_wconf 88' lang='lat' dir='ltr'><strong>ejus</strong></span> <span class='ocrx_word' id='word_1_225' title='bbox 644 2131 782 2213; x_wconf 75' lang='lat' dir='ltr'><strong>qualiter·</strong></span> <span class='ocrx_word' id='word_1_226' title='bbox 832 2135 1070 2212; x_wconf 79' lang='lat' dir='ltr'><strong>comparatione,</strong></span> <span class='ocrx_word' id='word_1_227' title='bbox 1101 2133 1214 2193; x_wconf 88' lang='lat' dir='ltr'><strong>seilicet</strong></span> <span class='ocrx_word' id='word_1_228' title='bbox 1243 2133 1317 2196; x_wconf 90' lang='lat' dir='ltr'><strong>boni</strong></span> <span class='ocrx_word' id='word_1_229' title='bbox 1346 2155 1416 2195; x_wconf 89' lang='lat' dir='ltr'><strong>cum</strong></span> <span class='ocrx_word' id='word_1_230' title='bbox 1442 2133 1517 2203; x_wconf 77' lang='lat' dir='ltr'><strong>mulo,</strong></span> 
     </span>
     <span class='ocr_line' id='line_1_22' title="bbox 89 2216 1519 2301; baseline -0.001 -22"><span class='ocrx_word' id='word_1_231' title='bbox 89 2239 217 2301; x_wconf 86' lang='lat' dir='ltr'><strong>cumque</strong></span> <span class='ocrx_word' id='word_1_232' title='bbox 230 2221 389 2281; x_wconf 89' lang='lat' dir='ltr'><strong>molestum</strong></span> <span class='ocrx_word' id='word_1_233' title='bbox 404 2221 461 2282; x_wconf 90' lang='lat' dir='ltr'><strong>sibi</strong></span> <span class='ocrx_word' id='word_1_234' title='bbox 476 2221 575 2291; x_wconf 89' lang='lat' dir='ltr'><strong>sentit,</strong></span> <span class='ocrx_word' id='word_1_235' title='bbox 591 2219 646 2280; x_wconf 89' lang='lat' dir='ltr'><strong>sed</strong></span> <span class='ocrx_word' id='word_1_236' title='bbox 662 2221 716 2301; x_wconf 88' lang='lat' dir='ltr'><strong>qui</strong></span> <span class='ocrx_word' id='word_1_237' title='bbox 731 2216 782 2278; x_wconf 88' lang='lat' dir='ltr'><strong>ed·</strong></span> <span class='ocrx_word' id='word_1_238' title='bbox 832 2221 930 2300; x_wconf 87' lang='lat' dir='ltr'><strong>quelis</strong></span> <span class='ocrx_word' id='word_1_239' title='bbox 960 2219 1012 2280; x_wconf 91' lang='lat' dir='ltr'><strong>illa</strong></span> <span class='ocrx_word' id='word_1_240' title='bbox 1045 2219 1245 2281; x_wconf 79' lang='lat' dir='ltr'><strong>Ecclesisstae</strong></span> <span class='ocrx_word' id='word_1_241' title='bbox 1276 2224 1304 2281; x_wconf 82' lang='lat'><strong>7.</strong></span> <span class='ocrx_word' id='word_1_242' title='bbox 1346 2222 1461 2283; x_wconf 71' lang='lat' dir='ltr'><strong>Melior</strong></span> <span class='ocrx_word' id='word_1_243' title='bbox 1484 2223 1519 2278; x_wconf 81' lang='lat' dir='ltr'><strong>set</strong></span> 
     </span>
     <span class='ocr_line' id='line_1_23' title="bbox 88 2303 1519 2390; baseline -0.001 -24"><span class='ocrx_word' id='word_1_244' title='bbox 88 2315 167 2366; x_wconf 82' lang='lat' dir='ltr'><strong>moto</strong></span> <span class='ocrx_word' id='word_1_245' title='bbox 188 2307 258 2386; x_wconf 82' lang='lat' dir='ltr'><strong>igne</strong></span> <span class='ocrx_word' id='word_1_246' title='bbox 280 2307 414 2369; x_wconf 89' lang='lat' dir='ltr'><strong>laeditur</strong></span> <span class='ocrx_word' id='word_1_247' title='bbox 436 2328 471 2368; x_wconf 87' lang='lat' dir='ltr'><strong>ec</strong></span> <span class='ocrx_word' id='word_1_248' title='bbox 493 2308 655 2368; x_wconf 79' lang='lat' dir='ltr'><strong>saucietur.</strong></span> <span class='ocrx_word' id='word_1_249' title='bbox 693 2303 784 2385; x_wconf 83' lang='lat' dir='ltr'><strong>Quod</strong></span> <span class='ocrx_word' id='word_1_250' title='bbox 828 2309 956 2382; x_wconf 78' lang='lat' dir='ltr'><strong>patiens</strong></span> <span class='ocrx_word' id='word_1_251' title='bbox 982 2313 1175 2383; x_wconf 71' lang='lat' dir='ltr'><strong>assequere,</strong></span> <span class='ocrx_word' id='word_1_252' title='bbox 1204 2326 1244 2366; x_wconf 83' lang='lat' dir='ltr'><strong>sn</strong></span> <span class='ocrx_word' id='word_1_253' title='bbox 1272 2327 1344 2369; x_wconf 85' lang='lat' dir='ltr'><strong>vero</strong></span> <span class='ocrx_word' id='word_1_254' title='bbox 1371 2307 1519 2390; x_wconf 81' lang='lat' dir='ltr'><strong>impropn&#39;s</strong></span> 
     </span>
     <span class='ocr_line' id='line_1_24' title="bbox 89 2391 1520 2473; baseline -0.001 -20"><span class='ocrx_word' id='word_1_255' title='bbox 89 2393 162 2453; x_wconf 89' lang='lat' dir='ltr'><strong>setis</strong></span> <span class='ocrx_word' id='word_1_256' title='bbox 184 2391 319 2454; x_wconf 78' lang='lat' dir='ltr'><strong>declarat</strong></span> <span class='ocrx_word' id='word_1_257' title='bbox 341 2393 488 2456; x_wconf 84' lang='lat' dir='ltr'><strong>Graecum</strong></span> <span class='ocrx_word' id='word_1_258' title='bbox 511 2393 636 2454; x_wconf 84' lang='lat' dir='ltr'><strong>verbum</strong></span> <span class='ocrx_word' id='word_1_259' title='bbox 659 2392 697 2452; x_wconf 87' lang='lat' dir='ltr'><strong>eb</strong></span> <span class='ocrx_word' id='word_1_260' title='bbox 714 2394 784 2473; x_wconf 80' lang='lat' dir='ltr'><strong>igne</strong></span> <span class='ocrx_word' id='word_1_261' title='bbox 831 2393 1007 2473; x_wconf 76' lang='lat' dir='ltr'><strong>acceptione</strong></span> <span class='ocrx_word' id='word_1_262' title='bbox 1036 2394 1184 2466; x_wconf 88' lang='lat' dir='ltr'><strong>melioris,</strong></span> <span class='ocrx_word' id='word_1_263' title='bbox 1214 2401 1248 2454; x_wconf 90' lang='lat' dir='ltr'><strong>ut</strong></span> <span class='ocrx_word' id='word_1_264' title='bbox 1273 2394 1379 2454; x_wconf 89' lang='lat' dir='ltr'><strong>melius</strong></span> <span class='ocrx_word' id='word_1_265' title='bbox 1407 2394 1520 2463; x_wconf 76' lang='lat' dir='ltr'><strong>dicetur,</strong></span> 
     </span>
     <span class='ocr_line' id='line_1_25' title="bbox 89 2478 1520 2560; baseline 0.001 -23"><span class='ocrx_word' id='word_1_266' title='bbox 89 2478 250 2539; x_wconf 88' lang='lat' dir='ltr'><strong>deductum</strong></span> <span class='ocrx_word' id='word_1_267' title='bbox 263 2478 442 2558; x_wconf 74' lang='grc' dir='ltr'>πυροῦσθαι,</span> <span class='ocrx_word' id='word_1_268' title='bbox 454 2482 553 2560; x_wconf 77' lang='lat' dir='ltr'><strong>igniri,</strong></span> <span class='ocrx_word' id='word_1_269' title='bbox 566 2478 693 2552; x_wconf 86' lang='lat' dir='ltr'><strong>incendi,</strong></span> <span class='ocrx_word' id='word_1_270' title='bbox 706 2497 783 2538; x_wconf 92' lang='lat' dir='ltr'><strong>com·</strong></span> <span class='ocrx_word' id='word_1_271' title='bbox 832 2478 1024 2559; x_wconf 88' lang='lat' dir='ltr'><strong>quodminus</strong></span> <span class='ocrx_word' id='word_1_272' title='bbox 1040 2479 1150 2538; x_wconf 87' lang='lat' dir='ltr'><strong>melum</strong></span> <span class='ocrx_word' id='word_1_273' title='bbox 1166 2487 1225 2552; x_wconf 85' lang='lat' dir='ltr'><strong>est,</strong></span> <span class='ocrx_word' id='word_1_274' title='bbox 1250 2480 1402 2560; x_wconf 89' lang='lat' dir='ltr'><strong>quomodo</strong></span> <span class='ocrx_word' id='word_1_275' title='bbox 1424 2479 1520 2541; x_wconf 81' lang='lat' dir='ltr'><strong>melius</strong></span> 
     </span>
     <span class='ocr_line' id='line_1_26' title="bbox 88 2564 1520 2646; baseline 0.001 -21"><span class='ocrx_word' id='word_1_276' title='bbox 88 2564 164 2626; x_wconf 89' lang='lat' dir='ltr'><strong>buri.</strong></span> <span class='ocrx_word' id='word_1_277' title='bbox 186 2565 266 2626; x_wconf 90' lang='lat' dir='ltr'><strong>Hinc</strong></span> <span class='ocrx_word' id='word_1_278' title='bbox 280 2568 465 2646; x_wconf 81' lang='lat' dir='ltr'><strong>Augustinus</strong></span> <span class='ocrx_word' id='word_1_279' title='bbox 480 2567 531 2627; x_wconf 90' lang='lat' dir='ltr'><strong>lib.</strong></span> <span class='ocrx_word' id='word_1_280' title='bbox 548 2564 586 2626; x_wconf 91' lang='lat' dir='ltr'><strong>dc</strong></span> <span class='ocrx_word' id='word_1_281' title='bbox 603 2574 709 2626; x_wconf 80' lang='lat' dir='ltr'><strong>sancte</strong></span> <span class='ocrx_word' id='word_1_282' title='bbox 724 2566 783 2625; x_wconf 84' lang='lat' dir='ltr'><strong>vir·</strong></span> <span class='ocrx_word' id='word_1_283' title='bbox 832 2567 901 2625; x_wconf 88' lang='lat' dir='ltr'><strong>clim</strong></span> <span class='ocrx_word' id='word_1_284' title='bbox 918 2567 1027 2626; x_wconf 86' lang='lat' dir='ltr'><strong>eratin</strong></span> <span class='ocrx_word' id='word_1_285' title='bbox 1043 2566 1170 2626; x_wconf 83' lang='lat' dir='ltr'><strong>excelsis</strong></span> <span class='ocrx_word' id='word_1_286' title='bbox 1186 2564 1253 2626; x_wconf 91' lang='lat' dir='ltr'><strong>Deo</strong></span> <span class='ocrx_word' id='word_1_287' title='bbox 1273 2586 1347 2626; x_wconf 82' lang='lat' dir='ltr'><strong>sero</strong></span> <span class='ocrx_word' id='word_1_288' title='bbox 1362 2567 1520 2629; x_wconf 65' lang='lat' dir='ltr'><strong>esuritione</strong></span> 
     </span>
     <span class='ocr_line' id='line_1_27' title="bbox 89 2651 1520 2733; baseline 0.002 -23"><span class='ocrx_word' id='word_1_289' title='bbox 89 2652 214 2730; x_wconf 84' lang='lat' dir='ltr'><strong>ginitate</strong></span> <span class='ocrx_word' id='word_1_290' title='bbox 230 2671 293 2732; x_wconf 78' lang='lat' dir='ltr'><strong>cap.</strong></span> <span class='ocrx_word' id='word_1_291' title='bbox 306 2653 356 2713; x_wconf 79' lang='lat'><strong>34.</strong></span> <span class='ocrx_word' id='word_1_292' title='bbox 387 2654 460 2727; x_wconf 79' lang='lat' dir='ltr'><strong>Uri,</strong></span> <span class='ocrx_word' id='word_1_293' title='bbox 476 2654 587 2733; x_wconf 89' lang='lat' dir='ltr'><strong>iuquit,</strong></span> <span class='ocrx_word' id='word_1_294' title='bbox 603 2659 646 2713; x_wconf 83' lang='lat' dir='ltr'><strong>est</strong></span> <span class='ocrx_word' id='word_1_295' title='bbox 661 2653 784 2712; x_wconf 78' lang='lat' dir='ltr'><strong>occulto</strong></span> <span class='ocrx_word' id='word_1_296' title='bbox 831 2672 920 2733; x_wconf 85' lang='lat' dir='ltr'><strong>quum</strong></span> <span class='ocrx_word' id='word_1_297' title='bbox 934 2651 1037 2712; x_wconf 89' lang='lat' dir='ltr'><strong>idolis:</strong></span> <span class='ocrx_word' id='word_1_298' title='bbox 1065 2661 1096 2712; x_wconf 90' lang='lat' dir='ltr'><strong>et</strong></span> <span class='ocrx_word' id='word_1_299' title='bbox 1112 2651 1261 2733; x_wconf 86' lang='lat' dir='ltr'><strong>quomodo</strong></span> <span class='ocrx_word' id='word_1_300' title='bbox 1276 2656 1391 2714; x_wconf 81' lang='lat' dir='ltr'><strong>melius</strong></span> <span class='ocrx_word' id='word_1_301' title='bbox 1406 2663 1450 2716; x_wconf 83' lang='lat' dir='ltr'><strong>est</strong></span> <span class='ocrx_word' id='word_1_302' title='bbox 1463 2669 1520 2715; x_wconf 76' lang='lat' dir='ltr'><strong>eon</strong></span> 
     </span>
     <span class='ocr_line' id='line_1_28' title="bbox 88 2738 1521 2818; baseline 0.003 -22"><span class='ocrx_word' id='word_1_303' title='bbox 88 2738 641 2816; x_wconf 73' lang='lat' dir='ltr'><strong>flommaocacupiscenttcsvostors‘.</strong></span> <span class='ocrx_word' id='word_1_304' title='bbox 664 2739 782 2798; x_wconf 92' lang='lat' dir='ltr'><strong>Ineun-</strong></span> <span class='ocrx_word' id='word_1_305' title='bbox 832 2756 1014 2814; x_wconf 76' lang='lat' dir='ltr'><strong>copncscere</strong></span> <span class='ocrx_word' id='word_1_306' title='bbox 1040 2741 1126 2799; x_wconf 77' lang='lat' dir='ltr'><strong>viam</strong></span> <span class='ocrx_word' id='word_1_307' title='bbox 1148 2742 1310 2815; x_wconf 72' lang='lat' dir='ltr'><strong>justitiae,</strong></span> <span class='ocrx_word' id='word_1_308' title='bbox 1341 2760 1439 2818; x_wconf 77' lang='lat' dir='ltr'><strong>quem</strong></span> <span class='ocrx_word' id='word_1_309' title='bbox 1459 2743 1521 2818; x_wconf 67' lang='lat' dir='ltr'><strong>ped</strong></span> 
     </span>
     <span class='ocr_line' id='line_1_29' title="bbox 90 2822 1520 2905; baseline 0 -22"><span class='ocrx_word' id='word_1_310' title='bbox 90 2822 157 2883; x_wconf 91' lang='lat' dir='ltr'><strong>dem</strong></span> <span class='ocrx_word' id='word_1_311' title='bbox 178 2843 297 2884; x_wconf 88' lang='lat' dir='ltr'><strong>sensum</strong></span> <span class='ocrx_word' id='word_1_312' title='bbox 320 2826 469 2886; x_wconf 90' lang='lat' dir='ltr'><strong>ustionem</strong></span> <span class='ocrx_word' id='word_1_313' title='bbox 491 2825 568 2884; x_wconf 80' lang='lat' dir='ltr'><strong>huno</strong></span> <span class='ocrx_word' id='word_1_314' title='bbox 589 2826 784 2905; x_wconf 84' lang='lat' dir='ltr'><strong>interpretan-</strong></span> <span class='ocrx_word' id='word_1_315' title='bbox 832 2828 1028 2902; x_wconf 68' lang='lat' dir='ltr'><strong>spretorem</strong></span> <span class='ocrx_word' id='word_1_316' title='bbox 1043 2833 1215 2886; x_wconf 76' lang='lat' dir='ltr'><strong>retrorsum</strong></span> <span class='ocrx_word' id='word_1_317' title='bbox 1231 2829 1368 2904; x_wconf 80' lang='lat' dir='ltr'><strong>reverti,</strong></span> <span class='ocrx_word' id='word_1_318' title='bbox 1388 2828 1482 2890; x_wconf 69' lang='lat'><strong>2120:</strong></span> <span class='ocrx_word' id='word_1_319' title='bbox 1496 2825 1520 2884; x_wconf 78' lang='lat' dir='ltr'><strong>i.</strong></span> 
     </span>
     <span class='ocr_line' id='line_1_30' title="bbox 88 2910 1521 2988; baseline 0.003 -20"><span class='ocrx_word' id='word_1_320' title='bbox 88 2918 138 2968; x_wconf 88' lang='lat' dir='ltr'><strong>tur</strong></span> <span class='ocrx_word' id='word_1_321' title='bbox 152 2919 290 2970; x_wconf 81' lang='lat' dir='ltr'><strong>veterum</strong></span> <span class='ocrx_word' id='word_1_322' title='bbox 305 2912 506 2972; x_wconf 67' lang='lat' dir='ltr'><strong>commentarii</strong></span> <span class='ocrx_word' id='word_1_323' title='bbox 520 2918 581 2970; x_wconf 84' lang='lat' dir='ltr'><strong>tem</strong></span> <span class='ocrx_word' id='word_1_324' title='bbox 601 2910 785 2973; x_wconf 79' lang='lat' dir='ltr'><strong>Graecorum</strong></span> <span class='ocrx_word' id='word_1_325' title='bbox 831 2912 918 2972; x_wconf 85' lang='lat' dir='ltr'><strong>Prior</strong></span> <span class='ocrx_word' id='word_1_326' title='bbox 929 2931 1036 2973; x_wconf 88' lang='lat' dir='ltr'><strong>sensus</strong></span> <span class='ocrx_word' id='word_1_327' title='bbox 1050 2914 1207 2973; x_wconf 69' lang='lat' dir='ltr'><strong>veritatem</strong></span> <span class='ocrx_word' id='word_1_328' title='bbox 1218 2911 1360 2988; x_wconf 88' lang='lat' dir='ltr'><strong>bsbebit,</strong></span> <span class='ocrx_word' id='word_1_329' title='bbox 1377 2915 1403 2974; x_wconf 85' lang='lat' dir='ltr'><strong>si</strong></span> <span class='ocrx_word' id='word_1_330' title='bbox 1418 2913 1521 2975; x_wconf 87' lang='lat' dir='ltr'><strong>nubere</strong></span> 
     </span>
     <span class='ocr_line' id='line_1_31' title="bbox 90 2996 1521 3076; baseline 0.003 -21"><span class='ocrx_word' id='word_1_331' title='bbox 90 3014 180 3076; x_wconf 86' lang='lat' dir='ltr'><strong>quem</strong></span> <span class='ocrx_word' id='word_1_332' title='bbox 191 2997 376 3058; x_wconf 87' lang='lat' dir='ltr'><strong>Latinorum.</strong></span> <span class='ocrx_word' id='word_1_333' title='bbox 396 2997 464 3058; x_wconf 84' lang='lat' dir='ltr'><strong>Neo</strong></span> <span class='ocrx_word' id='word_1_334' title='bbox 474 3017 561 3058; x_wconf 89' lang='lat' dir='ltr'><strong>secus</strong></span> <span class='ocrx_word' id='word_1_335' title='bbox 572 2998 784 3076; x_wconf 87' lang='lat' dir='ltr'><strong>Hieronymus,</strong></span> <span class='ocrx_word' id='word_1_336' title='bbox 832 3018 885 3076; x_wconf 88' lang='lat' dir='ltr'><strong>per</strong></span> <span class='ocrx_word' id='word_1_337' title='bbox 897 3017 930 3058; x_wconf 87' lang='lat' dir='ltr'><strong>se</strong></span> <span class='ocrx_word' id='word_1_338' title='bbox 941 2996 1148 3059; x_wconf 86' lang='lat' dir='ltr'><strong>consideretur</strong></span> <span class='ocrx_word' id='word_1_339' title='bbox 1159 3018 1194 3058; x_wconf 86' lang='lat' dir='ltr'><strong>sc</strong></span> <span class='ocrx_word' id='word_1_340' title='bbox 1207 3000 1272 3060; x_wconf 89' lang='lat' dir='ltr'><strong>sine</strong></span> <span class='ocrx_word' id='word_1_341' title='bbox 1283 3001 1521 3074; x_wconf 72' lang='lat' dir='ltr'><strong>circumstantiis,</strong></span> 
     </span>
     <span class='ocr_line' id='line_1_32' title="bbox 89 3082 1521 3168; baseline 0.003 -25"><span class='ocrx_word' id='word_1_342' title='bbox 89 3083 141 3163; x_wconf 85' lang='lat' dir='ltr'><strong>qui</strong></span> <span class='ocrx_word' id='word_1_343' title='bbox 158 3083 188 3143; x_wconf 90' lang='lat' dir='ltr'><strong>in</strong></span> <span class='ocrx_word' id='word_1_344' title='bbox 211 3084 351 3164; x_wconf 79' lang='lat' dir='ltr'><strong>apologie</strong></span> <span class='ocrx_word' id='word_1_345' title='bbox 373 3082 412 3143; x_wconf 87' lang='lat' dir='ltr'><strong>ed</strong></span> <span class='ocrx_word' id='word_1_346' title='bbox 435 3085 657 3164; x_wconf 81' lang='lat' dir='ltr'><strong>Psmmecbium</strong></span> <span class='ocrx_word' id='word_1_347' title='bbox 672 3103 736 3164; x_wconf 87' lang='lat' dir='ltr'><strong>cap.</strong></span> <span class='ocrx_word' id='word_1_348' title='bbox 756 3083 783 3141; x_wconf 84' lang='grc'><strong>7.</strong></span> <span class='ocrx_word' id='word_1_349' title='bbox 831 3082 1083 3164; x_wconf 89' lang='lat' dir='ltr'><strong>quemadmodum</strong></span> <span class='ocrx_word' id='word_1_350' title='bbox 1094 3084 1213 3165; x_wconf 87' lang='lat' dir='ltr'><strong>nuptias</strong></span> <span class='ocrx_word' id='word_1_351' title='bbox 1225 3085 1398 3148; x_wconf 80' lang='lat' dir='ltr'><strong>consideret</strong></span> <span class='ocrx_word' id='word_1_352' title='bbox 1405 3089 1521 3168; x_wconf 77' lang='lat' dir='ltr'><strong>August</strong></span> 
     </span>
     <span class='ocr_line' id='line_1_33' title="bbox 87 3169 1522 3252; baseline 0.003 -22"><span class='ocrx_word' id='word_1_353' title='bbox 87 3173 142 3230; x_wconf 73' lang='lat' dir='ltr'><strong>ers</strong></span> <span class='ocrx_word' id='word_1_354' title='bbox 164 3172 289 3250; x_wconf 83' lang='lat' dir='ltr'><strong>exponit</strong></span> <span class='ocrx_word' id='word_1_355' title='bbox 308 3172 485 3249; x_wconf 71' lang='lat' dir='ltr'><strong>fornicari:</strong></span> <span class='ocrx_word' id='word_1_356' title='bbox 514 3173 634 3232; x_wconf 88' lang='lat' dir='ltr'><strong>nomine</strong></span> <span class='ocrx_word' id='word_1_357' title='bbox 656 3169 784 3231; x_wconf 76' lang='lat' dir='ltr'><strong>fornica·</strong></span> <span class='ocrx_word' id='word_1_358' title='bbox 832 3171 882 3232; x_wconf 91' lang='lat' dir='ltr'><strong>lib.</strong></span> <span class='ocrx_word' id='word_1_359' title='bbox 904 3169 943 3232; x_wconf 93' lang='lat' dir='ltr'><strong>de</strong></span> <span class='ocrx_word' id='word_1_360' title='bbox 964 3171 1043 3232; x_wconf 91' lang='lat' dir='ltr'><strong>bono</strong></span> <span class='ocrx_word' id='word_1_361' title='bbox 1064 3172 1219 3252; x_wconf 83' lang='lat' dir='ltr'><strong>conjugsli</strong></span> <span class='ocrx_word' id='word_1_362' title='bbox 1241 3176 1392 3252; x_wconf 89' lang='lat' dir='ltr'><strong>csp.10.,</strong></span> <span class='ocrx_word' id='word_1_363' title='bbox 1419 3173 1522 3235; x_wconf 77' lang='lat' dir='ltr'><strong>docens</strong></span> 
     </span>
     <span class='ocr_line' id='line_1_34' title="bbox 89 3255 1522 3342; baseline 0.007 -29"><span class='ocrx_word' id='word_1_364' title='bbox 89 3255 182 3315; x_wconf 88' lang='lat' dir='ltr'><strong>tionis</strong></span> <span class='ocrx_word' id='word_1_365' title='bbox 201 3276 288 3317; x_wconf 92' lang='lat' dir='ltr'><strong>omne</strong></span> <span class='ocrx_word' id='word_1_366' title='bbox 309 3277 405 3338; x_wconf 79' lang='lat' dir='ltr'><strong>genus</strong></span> <span class='ocrx_word' id='word_1_367' title='bbox 426 3256 630 3338; x_wconf 85' lang='lat' dir='ltr'><strong>impudicitiae</strong></span> <span class='ocrx_word' id='word_1_368' title='bbox 653 3275 785 3336; x_wconf 88' lang='lat' dir='ltr'><strong>compre·</strong></span> <span class='ocrx_word' id='word_1_369' title='bbox 831 3278 888 3319; x_wconf 89' lang='lat' dir='ltr'><strong>nec</strong></span> <span class='ocrx_word' id='word_1_370' title='bbox 914 3258 988 3337; x_wconf 88' lang='lat' dir='ltr'><strong>ipsis</strong></span> <span class='ocrx_word' id='word_1_371' title='bbox 1016 3279 1076 3318; x_wconf 90' lang='lat' dir='ltr'><strong>non</strong></span> <span class='ocrx_word' id='word_1_372' title='bbox 1102 3277 1135 3319; x_wconf 91' lang='lat' dir='ltr'><strong>se</strong></span> <span class='ocrx_word' id='word_1_373' title='bbox 1162 3259 1387 3321; x_wconf 85' lang='lat' dir='ltr'><strong>continentibus</strong></span> <span class='ocrx_word' id='word_1_374' title='bbox 1412 3261 1522 3342; x_wconf 78' lang='lat' dir='ltr'><strong>nuptie</strong></span> 
     </span>
     <span class='ocr_line' id='line_1_35' title="bbox 89 3340 1522 3430; baseline 0.005 -30"><span class='ocrx_word' id='word_1_375' title='bbox 89 3340 240 3416; x_wconf 89' lang='lat' dir='ltr'><strong>hendens,</strong></span> <span class='ocrx_word' id='word_1_376' title='bbox 268 3344 298 3402; x_wconf 88' lang='lat' dir='ltr'><strong>in</strong></span> <span class='ocrx_word' id='word_1_377' title='bbox 313 3343 525 3425; x_wconf 86' lang='lat' dir='ltr'><strong>quodcumque</strong></span> <span class='ocrx_word' id='word_1_378' title='bbox 541 3343 672 3406; x_wconf 90' lang='lat' dir='ltr'><strong>incidere</strong></span> <span class='ocrx_word' id='word_1_379' title='bbox 688 3343 786 3404; x_wconf 80' lang='lat' dir='ltr'><strong>solent</strong></span> <span class='ocrx_word' id='word_1_380' title='bbox 833 3363 899 3406; x_wconf 88' lang='lat' dir='ltr'><strong>esse</strong></span> <span class='ocrx_word' id='word_1_381' title='bbox 915 3353 1086 3423; x_wconf 79' lang='lat' dir='ltr'><strong>peccatum,</strong></span> <span class='ocrx_word' id='word_1_382' title='bbox 1104 3365 1171 3405; x_wconf 90' lang='lat' dir='ltr'><strong>cum</strong></span> <span class='ocrx_word' id='word_1_383' title='bbox 1187 3353 1291 3425; x_wconf 86' lang='lat' dir='ltr'><strong>aperte</strong></span> <span class='ocrx_word' id='word_1_384' title='bbox 1303 3346 1388 3408; x_wconf 81' lang='lat' dir='ltr'><strong>dicat</strong></span> <span class='ocrx_word' id='word_1_385' title='bbox 1402 3347 1522 3430; x_wconf 84' lang='lat' dir='ltr'><strong>Aposto</strong></span> 
     </span>
     <span class='ocr_line' id='line_1_36' title="bbox 89 3429 1523 3512; baseline 0.003 -25"><span class='ocrx_word' id='word_1_386' title='bbox 89 3429 306 3490; x_wconf 84' lang='lat' dir='ltr'><strong>incontinentes</strong></span> <span class='ocrx_word' id='word_1_387' title='bbox 327 3440 411 3494; x_wconf 79' lang='lat' dir='ltr'><strong>extre</strong></span> <span class='ocrx_word' id='word_1_388' title='bbox 433 3433 614 3511; x_wconf 81' lang='lat' dir='ltr'><strong>conjugium.</strong></span> <span class='ocrx_word' id='word_1_389' title='bbox 653 3429 786 3510; x_wconf 83' lang='lat' dir='ltr'><strong>Quodsi</strong></span> <span class='ocrx_word' id='word_1_390' title='bbox 825 3432 879 3490; x_wconf 57' lang='lat' dir='ltr'><strong>*lus</strong></span> <span class='ocrx_word' id='word_1_391' title='bbox 895 3432 926 3490; x_wconf 90' lang='lat' dir='ltr'><strong>in</strong></span> <span class='ocrx_word' id='word_1_392' title='bbox 941 3431 1212 3512; x_wconf 86' lang='lat' dir='ltr'><strong>consequentibus:</strong></span> <span class='ocrx_word' id='word_1_393' title='bbox 1234 3433 1440 3511; x_wconf 77' lang='lat' dir='ltr'><strong>Sieccspen&#39;r</strong></span> <span class='ocrx_word' id='word_1_394' title='bbox 1449 3451 1523 3496; x_wconf 75' lang='lat' dir='ltr'><strong>eso·</strong></span> 
     </span>
     <span class='ocr_line' id='line_1_37' title="bbox 88 3514 1523 3600; baseline 0.006 -26"><span class='ocrx_word' id='word_1_395' title='bbox 88 3515 135 3574; x_wconf 86' lang='lat' dir='ltr'><strong>uri</strong></span> <span class='ocrx_word' id='word_1_396' title='bbox 150 3534 209 3575; x_wconf 93' lang='lat' dir='ltr'><strong>non</strong></span> <span class='ocrx_word' id='word_1_397' title='bbox 224 3514 292 3594; x_wconf 86' lang='lat' dir='ltr'><strong>plna</strong></span> <span class='ocrx_word' id='word_1_398' title='bbox 311 3525 390 3579; x_wconf 89' lang='lat' dir='ltr'><strong>esset</strong></span> <span class='ocrx_word' id='word_1_399' title='bbox 410 3537 500 3599; x_wconf 87' lang='lat' dir='ltr'><strong>quam</strong></span> <span class='ocrx_word' id='word_1_400' title='bbox 520 3519 585 3600; x_wconf 84' lang='lat' dir='ltr'><strong>pati</strong></span> <span class='ocrx_word' id='word_1_401' title='bbox 599 3527 699 3578; x_wconf 88' lang='lat' dir='ltr'><strong>motus</strong></span> <span class='ocrx_word' id='word_1_402' title='bbox 715 3516 784 3577; x_wconf 90' lang='lat' dir='ltr'><strong>libi·</strong></span> <span class='ocrx_word' id='word_1_403' title='bbox 833 3535 900 3577; x_wconf 81' lang='lat' dir='ltr'><strong>rem</strong></span> <span class='ocrx_word' id='word_1_404' title='bbox 906 3562 917 3593; x_wconf 92' lang='lat'><em>‚</em></span> <span class='ocrx_word' id='word_1_405' title='bbox 934 3535 1001 3578; x_wconf 78' lang='lat' dir='ltr'><strong>nors</strong></span> <span class='ocrx_word' id='word_1_406' title='bbox 1013 3522 1167 3594; x_wconf 77' lang='lat' dir='ltr'><strong>peccasti:</strong></span> <span class='ocrx_word' id='word_1_407' title='bbox 1182 3527 1212 3579; x_wconf 81' lang='lat' dir='ltr'><strong>st</strong></span> <span class='ocrx_word' id='word_1_408' title='bbox 1225 3522 1252 3579; x_wconf 85' lang='lat' dir='ltr'><strong>si</strong></span> <span class='ocrx_word' id='word_1_409' title='bbox 1267 3524 1416 3597; x_wconf 71' lang='lat' dir='ltr'><strong>nupserit</strong></span> <span class='ocrx_word' id='word_1_410' title='bbox 1429 3525 1523 3597; x_wconf 69' lang='lat' dir='ltr'><strong>vireo,</strong></span> 
     </span>
     <span class='ocr_line' id='line_1_38' title="bbox 91 3601 1524 3687; baseline 0.006 -26"><span class='ocrx_word' id='word_1_411' title='bbox 91 3601 184 3675; x_wconf 88' lang='lat' dir='ltr'><strong>dinis,</strong></span> <span class='ocrx_word' id='word_1_412' title='bbox 215 3610 247 3662; x_wconf 87' lang='lat' dir='ltr'><strong>et</strong></span> <span class='ocrx_word' id='word_1_413' title='bbox 272 3612 432 3684; x_wconf 85' lang='lat' dir='ltr'><strong>manetarr</strong></span> <span class='ocrx_word' id='word_1_414' title='bbox 458 3605 585 3665; x_wconf 80' lang='lat' dir='ltr'><strong>stimulis</strong></span> <span class='ocrx_word' id='word_1_415' title='bbox 608 3605 724 3678; x_wconf 83' lang='lat' dir='ltr'><strong>cornis,</strong></span> <span class='ocrx_word' id='word_1_416' title='bbox 752 3610 787 3663; x_wconf 89' lang='lat' dir='ltr'><strong>nt</strong></span> <span class='ocrx_word' id='word_1_417' title='bbox 832 3622 900 3665; x_wconf 80' lang='lat' dir='ltr'><strong>nora</strong></span> <span class='ocrx_word' id='word_1_418' title='bbox 913 3608 1064 3680; x_wconf 83' lang='lat' dir='ltr'><strong>peccavit.</strong></span> <span class='ocrx_word' id='word_1_419' title='bbox 1087 3605 1129 3664; x_wconf 83' lang='lat' dir='ltr'><strong>Et</strong></span> <span class='ocrx_word' id='word_1_420' title='bbox 1143 3614 1213 3686; x_wconf 90' lang='lat' dir='ltr'><strong>post</strong></span> <span class='ocrx_word' id='word_1_421' title='bbox 1226 3605 1336 3667; x_wconf 82' lang='lat' dir='ltr'><strong>multa:</strong></span> <span class='ocrx_word' id='word_1_422' title='bbox 1353 3608 1448 3687; x_wconf 79' lang='lat' dir='ltr'><strong>Quod</strong></span> <span class='ocrx_word' id='word_1_423' title='bbox 1464 3606 1524 3669; x_wconf 72' lang='lat' dir='ltr'><strong>velt</strong></span> 
     </span>
     <span class='ocr_line' id='line_1_39' title="bbox 88 3687 1522 3770; baseline 0.006 -24"><span class='ocrx_word' id='word_1_424' title='bbox 88 3687 196 3749; x_wconf 80' lang='lat' dir='ltr'><strong>volunt</strong></span> <span class='ocrx_word' id='word_1_425' title='bbox 221 3691 353 3764; x_wconf 88' lang='lat' dir='ltr'><strong>sectarii,</strong></span> <span class='ocrx_word' id='word_1_426' title='bbox 383 3691 449 3768; x_wconf 85' lang='lat' dir='ltr'><strong>jem</strong></span> <span class='ocrx_word' id='word_1_427' title='bbox 475 3692 541 3770; x_wconf 87' lang='lat' dir='ltr'><strong>ipse</strong></span> <span class='ocrx_word' id='word_1_428' title='bbox 565 3689 697 3766; x_wconf 83' lang='lat' dir='ltr'><strong>Paulus,</strong></span> <span class='ocrx_word' id='word_1_429' title='bbox 732 3690 785 3770; x_wconf 89' lang='lat' dir='ltr'><strong>qui</strong></span> <span class='ocrx_word' id='word_1_430' title='bbox 831 3692 954 3769; x_wconf 69' lang='lat' dir='ltr'><strong>facict5</strong></span> <span class='ocrx_word' id='word_1_431' title='bbox 969 3709 1038 3752; x_wconf 78' lang='lat' dir='ltr'><strong>non</strong></span> <span class='ocrx_word' id='word_1_432' title='bbox 1050 3699 1170 3768; x_wconf 79' lang='lat' dir='ltr'><strong>peooct,</strong></span> <span class='ocrx_word' id='word_1_433' title='bbox 1186 3693 1337 3754; x_wconf 73' lang='lat' dir='ltr'><strong>anctae.</strong></span> <span class='ocrx_word' id='word_1_434' title='bbox 1359 3694 1456 3756; x_wconf 84' lang='lat' dir='ltr'><strong>Retio</strong></span> <span class='ocrx_word' id='word_1_435' title='bbox 1469 3711 1522 3754; x_wconf 88' lang='lat' dir='ltr'><strong>ms·</strong></span> 
     </span>
     <span class='ocr_line' id='line_1_40' title="bbox 89 3773 1524 3860; baseline 0.006 -26"><span class='ocrx_word' id='word_1_436' title='bbox 89 3792 179 3855; x_wconf 87' lang='lat' dir='ltr'><strong>suprs</strong></span> <span class='ocrx_word' id='word_1_437' title='bbox 204 3773 295 3835; x_wconf 82' lang='lat' dir='ltr'><strong>dixit:</strong></span> <span class='ocrx_word' id='word_1_438' title='bbox 327 3777 406 3837; x_wconf 83' lang='lat' dir='ltr'><strong>Volo</strong></span> <span class='ocrx_word' id='word_1_439' title='bbox 432 3795 539 3838; x_wconf 82' lang='lat' dir='ltr'><strong>omnes</strong></span> <span class='ocrx_word' id='word_1_440' title='bbox 559 3777 699 3839; x_wconf 76' lang='lat' dir='ltr'><strong>domines</strong></span> <span class='ocrx_word' id='word_1_441' title='bbox 724 3792 785 3838; x_wconf 82' lang='lat' dir='ltr'><strong>esse</strong></span> <span class='ocrx_word' id='word_1_442' title='bbox 832 3776 944 3837; x_wconf 82' lang='lat' dir='ltr'><strong>niteste</strong></span> <span class='ocrx_word' id='word_1_443' title='bbox 959 3786 1019 3853; x_wconf 86' lang='lat' dir='ltr'><strong>est,</strong></span> <span class='ocrx_word' id='word_1_444' title='bbox 1042 3780 1113 3858; x_wconf 86' lang='lat' dir='ltr'><strong>quie</strong></span> <span class='ocrx_word' id='word_1_445' title='bbox 1127 3780 1251 3859; x_wconf 80' lang='lat' dir='ltr'><strong>nuptiae</strong></span> <span class='ocrx_word' id='word_1_446' title='bbox 1274 3799 1330 3860; x_wconf 90' lang='lat' dir='ltr'><strong>per</strong></span> <span class='ocrx_word' id='word_1_447' title='bbox 1348 3800 1383 3841; x_wconf 91' lang='lat' dir='ltr'><strong>se</strong></span> <span class='ocrx_word' id='word_1_448' title='bbox 1400 3790 1524 3842; x_wconf 88' lang='lat' dir='ltr'><strong>suntres</strong></span> 
     </span>
     <span class='ocr_line' id='line_1_41' title="bbox 88 3863 1523 3945; baseline 0.003 -23"><span class='ocrx_word' id='word_1_449' title='bbox 88 3863 168 3922; x_wconf 80' lang='lat' dir='ltr'><strong>siout</strong></span> <span class='ocrx_word' id='word_1_450' title='bbox 183 3880 232 3921; x_wconf 87' lang='lat' dir='ltr'><strong>me</strong></span> <span class='ocrx_word' id='word_1_451' title='bbox 246 3866 367 3939; x_wconf 74' lang='lat' dir='ltr'><strong>ipsum,</strong></span> <span class='ocrx_word' id='word_1_452' title='bbox 390 3865 482 3943; x_wconf 81' lang='lat' dir='ltr'><strong>juxta</strong></span> <span class='ocrx_word' id='word_1_453' title='bbox 504 3883 591 3923; x_wconf 88' lang='lat' dir='ltr'><strong>suum</strong></span> <span class='ocrx_word' id='word_1_454' title='bbox 610 3865 668 3925; x_wconf 90' lang='lat' dir='ltr'><strong>hoc</strong></span> <span class='ocrx_word' id='word_1_455' title='bbox 691 3863 784 3925; x_wconf 89' lang='lat' dir='ltr'><strong>consi·</strong></span> <span class='ocrx_word' id='word_1_456' title='bbox 833 3864 959 3925; x_wconf 87' lang='lat' dir='ltr'><strong>honeste</strong></span> <span class='ocrx_word' id='word_1_457' title='bbox 970 3884 988 3924; x_wconf 89' lang='lat' dir='ltr'><strong>a</strong></span> <span class='ocrx_word' id='word_1_458' title='bbox 999 3865 1068 3924; x_wconf 90' lang='lat' dir='ltr'><strong>Deo</strong></span> <span class='ocrx_word' id='word_1_459' title='bbox 1081 3865 1229 3927; x_wconf 81' lang='lat' dir='ltr'><strong>institute:</strong></span> <span class='ocrx_word' id='word_1_460' title='bbox 1245 3869 1424 3945; x_wconf 78' lang='lat' dir='ltr'><strong>praesertim</strong></span> <span class='ocrx_word' id='word_1_461' title='bbox 1436 3869 1462 3930; x_wconf 91' lang='lat' dir='ltr'><strong>si</strong></span> <span class='ocrx_word' id='word_1_462' title='bbox 1472 3886 1523 3929; x_wconf 85' lang='lat' dir='ltr'><strong>non</strong></span> 
     </span>
     <span class='ocr_line' id='line_1_42' title="bbox 88 3945 1525 4035; baseline 0.007 -29"><span class='ocrx_word' id='word_1_463' title='bbox 88 3945 160 4008; x_wconf 90' lang='lat' dir='ltr'><strong>lium</strong></span> <span class='ocrx_word' id='word_1_464' title='bbox 184 3967 306 4009; x_wconf 84' lang='lat' dir='ltr'><strong>uxorem</strong></span> <span class='ocrx_word' id='word_1_465' title='bbox 330 3947 440 4011; x_wconf 86' lang='lat' dir='ltr'><strong>ducere</strong></span> <span class='ocrx_word' id='word_1_466' title='bbox 456 3949 616 4010; x_wconf 89' lang='lat' dir='ltr'><strong>debuisset.</strong></span> <span class='ocrx_word' id='word_1_467' title='bbox 653 3952 731 4011; x_wconf 86' lang='lat' dir='ltr'><strong>Nem</strong></span> <span class='ocrx_word' id='word_1_468' title='bbox 747 3949 785 4010; x_wconf 91' lang='lat' dir='ltr'><strong>de</strong></span> <span class='ocrx_word' id='word_1_469' title='bbox 833 3948 949 4011; x_wconf 87' lang='lat' dir='ltr'><strong>desolo</strong></span> <span class='ocrx_word' id='word_1_470' title='bbox 965 3959 1119 4011; x_wconf 81' lang='lat' dir='ltr'><strong>contrecta</strong></span> <span class='ocrx_word' id='word_1_471' title='bbox 1134 3954 1304 4033; x_wconf 74' lang='lat' dir='ltr'><strong>nuptiarum</strong></span> <span class='ocrx_word' id='word_1_472' title='bbox 1328 3964 1454 4035; x_wconf 79' lang='lat' dir='ltr'><strong>egetur,</strong></span> <span class='ocrx_word' id='word_1_473' title='bbox 1478 3951 1525 4015; x_wconf 88' lang='lat' dir='ltr'><strong>ssd</strong></span> 
     </span>
     <span class='ocr_line' id='line_1_43' title="bbox 90 4036 1226 4119; baseline 0.002 -23"><span class='ocrx_word' id='word_1_474' title='bbox 90 4036 210 4096; x_wconf 89' lang='lat' dir='ltr'><strong>stimulo</strong></span> <span class='ocrx_word' id='word_1_475' title='bbox 226 4036 323 4096; x_wconf 85' lang='lat' dir='ltr'><strong>cernis</strong></span> <span class='ocrx_word' id='word_1_476' title='bbox 345 4036 418 4097; x_wconf 83' lang='lat' dir='ltr'><strong>alibi</strong></span> <span class='ocrx_word' id='word_1_477' title='bbox 440 4038 588 4116; x_wconf 85' lang='lat' dir='ltr'><strong>queritur:</strong></span> <span class='ocrx_word' id='word_1_478' title='bbox 611 4040 784 4111; x_wconf 76' lang='lat' dir='ltr'><strong>Deterret,</strong></span> <span class='ocrx_word' id='word_1_479' title='bbox 833 4036 871 4097; x_wconf 91' lang='lat' dir='ltr'><strong>dc</strong></span> <span class='ocrx_word' id='word_1_480' title='bbox 887 4045 967 4098; x_wconf 84' lang='lat' dir='ltr'><strong>stetu</strong></span> <span class='ocrx_word' id='word_1_481' title='bbox 984 4039 1051 4119; x_wconf 90' lang='lat' dir='ltr'><strong>ipso</strong></span> <span class='ocrx_word' id='word_1_482' title='bbox 1067 4039 1226 4119; x_wconf 83' lang='lat' dir='ltr'><strong>conjugali.</strong></span> 
     </span>
     <span class='ocr_line' id='line_1_44' title="bbox 93 4122 1524 4207; baseline 0.004 -26"><span class='ocrx_word' id='word_1_483' title='bbox 93 4122 202 4202; x_wconf 90' lang='lat' dir='ltr'><strong>inquit,</strong></span> <span class='ocrx_word' id='word_1_484' title='bbox 228 4125 307 4182; x_wconf 79' lang='lat' dir='ltr'><strong>mibi</strong></span> <span class='ocrx_word' id='word_1_485' title='bbox 321 4123 466 4184; x_wconf 60' lang='lat' dir='ltr'><strong>eumelus</strong></span> <span class='ocrx_word' id='word_1_486' title='bbox 480 4125 588 4184; x_wconf 79' lang='lat' dir='ltr'><strong>cornis</strong></span> <span class='ocrx_word' id='word_1_487' title='bbox 601 4142 704 4198; x_wconf 82' lang='lat' dir='ltr'><strong>meos,</strong></span> <span class='ocrx_word' id='word_1_488' title='bbox 728 4133 784 4184; x_wconf 87' lang='lat' dir='ltr'><strong>etc.</strong></span> <span class='ocrx_word' id='word_1_489' title='bbox 874 4126 986 4185; x_wconf 87' lang='lat' dir='ltr'><strong>Verum</strong></span> <span class='ocrx_word' id='word_1_490' title='bbox 1015 4125 1142 4186; x_wconf 81' lang='lat' dir='ltr'><strong>sortasse</strong></span> <span class='ocrx_word' id='word_1_491' title='bbox 1171 4126 1318 4207; x_wconf 87' lang='lat' dir='ltr'><strong>posterior</strong></span> <span class='ocrx_word' id='word_1_492' title='bbox 1347 4147 1470 4203; x_wconf 89' lang='lat' dir='ltr'><strong>sensus,</strong></span> <span class='ocrx_word' id='word_1_493' title='bbox 1502 4126 1524 4187; x_wconf 90' lang='lat' dir='ltr'><strong>si</strong></span> 
     </span>
     <span class='ocr_line' id='line_1_45' title="bbox 90 4205 1524 4292; baseline 0.006 -26"><span class='ocrx_word' id='word_1_494' title='bbox 90 4205 190 4269; x_wconf 70' lang='lat' dir='ltr'><strong>lOor.</strong></span> <span class='ocrx_word' id='word_1_495' title='bbox 207 4213 256 4270; x_wconf 74' lang='lat'><strong>12.</strong></span> <span class='ocrx_word' id='word_1_496' title='bbox 280 4209 379 4290; x_wconf 78' lang='lat' dir='ltr'><strong>Quem</strong></span> <span class='ocrx_word' id='word_1_497' title='bbox 394 4210 492 4271; x_wconf 87' lang='lat' dir='ltr'><strong>locum</strong></span> <span class='ocrx_word' id='word_1_498' title='bbox 506 4208 543 4270; x_wconf 91' lang='lat' dir='ltr'><strong>dc</strong></span> <span class='ocrx_word' id='word_1_499' title='bbox 554 4228 642 4271; x_wconf 89' lang='lat' dir='ltr'><strong>sensu</strong></span> <span class='ocrx_word' id='word_1_500' title='bbox 656 4219 785 4272; x_wconf 85' lang='lat' dir='ltr'><strong>acmotu</strong></span> <span class='ocrx_word' id='word_1_501' title='bbox 832 4209 910 4272; x_wconf 89' lang='lat' dir='ltr'><strong>bene</strong></span> <span class='ocrx_word' id='word_1_502' title='bbox 925 4211 1104 4292; x_wconf 79' lang='lat' dir='ltr'><strong>explicetur,</strong></span> <span class='ocrx_word' id='word_1_503' title='bbox 1127 4212 1378 4276; x_wconf 78' lang='lat' dir='ltr'><strong>accommodatior</strong></span> <span class='ocrx_word' id='word_1_504' title='bbox 1403 4225 1453 4277; x_wconf 89' lang='lat' dir='ltr'><strong>est</strong></span> <span class='ocrx_word' id='word_1_505' title='bbox 1466 4224 1524 4275; x_wconf 88' lang='lat' dir='ltr'><strong>tex·</strong></span> 
     </span>
     <span class='ocr_line' id='line_1_46' title="bbox 89 4292 1524 4381; baseline 0.008 -28"><span class='ocrx_word' id='word_1_506' title='bbox 89 4292 222 4355; x_wconf 90' lang='lat' dir='ltr'><strong>libidinis</strong></span> <span class='ocrx_word' id='word_1_507' title='bbox 237 4315 346 4376; x_wconf 70' lang='lat' dir='ltr'><strong>gretes</strong></span> <span class='ocrx_word' id='word_1_508' title='bbox 368 4305 486 4359; x_wconf 83' lang='lat' dir='ltr'><strong>autores</strong></span> <span class='ocrx_word' id='word_1_509' title='bbox 505 4297 691 4378; x_wconf 88' lang='lat' dir='ltr'><strong>interpretati</strong></span> <span class='ocrx_word' id='word_1_510' title='bbox 708 4305 785 4371; x_wconf 81' lang='lat' dir='ltr'><strong>sunt,</strong></span> <span class='ocrx_word' id='word_1_511' title='bbox 834 4299 892 4372; x_wconf 91' lang='lat' dir='ltr'><strong>tui,</strong></span> <span class='ocrx_word' id='word_1_512' title='bbox 918 4308 951 4359; x_wconf 92' lang='lat' dir='ltr'><strong>ut</strong></span> <span class='ocrx_word' id='word_1_513' title='bbox 973 4299 1087 4359; x_wconf 90' lang='lat' dir='ltr'><strong>nubere</strong></span> <span class='ocrx_word' id='word_1_514' title='bbox 1110 4297 1224 4360; x_wconf 83' lang='lat' dir='ltr'><strong>dicetur</strong></span> <span class='ocrx_word' id='word_1_515' title='bbox 1245 4299 1355 4360; x_wconf 91' lang='lat' dir='ltr'><strong>melius</strong></span> <span class='ocrx_word' id='word_1_516' title='bbox 1371 4320 1464 4381; x_wconf 87' lang='lat' dir='ltr'><strong>quam</strong></span> <span class='ocrx_word' id='word_1_517' title='bbox 1477 4301 1524 4374; x_wconf 81' lang='lat' dir='ltr'><strong>uri,</strong></span> 
     </span>
     <span class='ocr_line' id='line_1_47' title="bbox 90 4380 1523 4464; baseline 0.008 -24"><span class='ocrx_word' id='word_1_518' title='bbox 90 4387 124 4439; x_wconf 90' lang='lat' dir='ltr'><strong>ut</strong></span> <span class='ocrx_word' id='word_1_519' title='bbox 136 4380 179 4439; x_wconf 92' lang='lat' dir='ltr'><strong>ibi</strong></span> <span class='ocrx_word' id='word_1_520' title='bbox 200 4380 381 4443; x_wconf 90' lang='lat' dir='ltr'><strong>docebimus.</strong></span> <span class='ocrx_word' id='word_1_521' title='bbox 832 4385 905 4464; x_wconf 86' lang='lat' dir='ltr'><strong>quis</strong></span> <span class='ocrx_word' id='word_1_522' title='bbox 919 4385 1035 4446; x_wconf 89' lang='lat' dir='ltr'><strong>nubere</strong></span> <span class='ocrx_word' id='word_1_523' title='bbox 1056 4386 1155 4446; x_wconf 91' lang='lat' dir='ltr'><strong>minus</strong></span> <span class='ocrx_word' id='word_1_524' title='bbox 1174 4384 1282 4447; x_wconf 83' lang='lat' dir='ltr'><strong>malum</strong></span> <span class='ocrx_word' id='word_1_525' title='bbox 1298 4397 1360 4463; x_wconf 90' lang='lat' dir='ltr'><strong>est,</strong></span> <span class='ocrx_word' id='word_1_526' title='bbox 1384 4395 1417 4449; x_wconf 88' lang='lat' dir='ltr'><strong>et</strong></span> <span class='ocrx_word' id='word_1_527' title='bbox 1430 4408 1523 4451; x_wconf 75' lang='lat' dir='ltr'><strong>secum</strong></span> 
     </span>
     <span class='ocr_line' id='line_1_48' title="bbox 133 4465 1524 4552; baseline 0.009 -26"><span class='ocrx_word' id='word_1_528' title='bbox 133 4465 204 4526; x_wconf 81' lang='lat' dir='ltr'><strong>Jam</strong></span> <span class='ocrx_word' id='word_1_529' title='bbox 220 4487 275 4528; x_wconf 91' lang='lat' dir='ltr'><strong>nec</strong></span> <span class='ocrx_word' id='word_1_530' title='bbox 294 4470 352 4530; x_wconf 81' lang='lat' dir='ltr'><strong>ists</strong></span> <span class='ocrx_word' id='word_1_531' title='bbox 367 4471 505 4552; x_wconf 85' lang='lat' dir='ltr'><strong>Apostoli</strong></span> <span class='ocrx_word' id='word_1_532' title='bbox 527 4471 604 4532; x_wconf 83' lang='lat' dir='ltr'><strong>ratio</strong></span> <span class='ocrx_word' id='word_1_533' title='bbox 626 4472 785 4551; x_wconf 86' lang='lat' dir='ltr'><strong>quicquam</strong></span> <span class='ocrx_word' id='word_1_534' title='bbox 833 4469 903 4531; x_wconf 92' lang='lat' dir='ltr'><strong>dum</strong></span> <span class='ocrx_word' id='word_1_535' title='bbox 914 4473 1034 4532; x_wconf 78' lang='lat' dir='ltr'><strong>venium</strong></span> <span class='ocrx_word' id='word_1_536' title='bbox 1047 4491 1234 4549; x_wconf 74' lang='lat' dir='ltr'><strong>concessum:</strong></span> <span class='ocrx_word' id='word_1_537' title='bbox 1244 4475 1291 4533; x_wconf 86' lang='lat' dir='ltr'><strong>uri</strong></span> <span class='ocrx_word' id='word_1_538' title='bbox 1302 4492 1377 4535; x_wconf 84' lang='lat' dir='ltr'><strong>vero</strong></span> <span class='ocrx_word' id='word_1_539' title='bbox 1390 4474 1524 4546; x_wconf 76' lang='lat' dir='ltr'><strong>deterius,</strong></span> 
     </span>
     <span class='ocr_line' id='line_1_49' title="bbox 89 4551 1524 4639; baseline 0.009 -27"><span class='ocrx_word' id='word_1_540' title='bbox 89 4551 161 4613; x_wconf 81' lang='lat' dir='ltr'><strong>iecit</strong></span> <span class='ocrx_word' id='word_1_541' title='bbox 172 4573 226 4635; x_wconf 93' lang='lat' dir='ltr'><strong>pro</strong></span> <span class='ocrx_word' id='word_1_542' title='bbox 237 4556 386 4637; x_wconf 81' lang='lat' dir='ltr'><strong>conjugiis</strong></span> <span class='ocrx_word' id='word_1_543' title='bbox 398 4576 506 4631; x_wconf 87' lang='lat' dir='ltr'><strong>eornm,</strong></span> <span class='ocrx_word' id='word_1_544' title='bbox 521 4559 572 4639; x_wconf 88' lang='lat' dir='ltr'><strong>qui</strong></span> <span class='ocrx_word' id='word_1_545' title='bbox 584 4557 786 4618; x_wconf 73' lang='lat' dir='ltr'><strong>continentiae</strong></span> <span class='ocrx_word' id='word_1_546' title='bbox 832 4577 867 4616; x_wconf 85' lang='lat' dir='ltr'><strong>sc</strong></span> <span class='ocrx_word' id='word_1_547' title='bbox 882 4559 1004 4618; x_wconf 93' lang='lat' dir='ltr'><strong>minime</strong></span> <span class='ocrx_word' id='word_1_548' title='bbox 1019 4559 1249 4620; x_wconf 86' lang='lat' dir='ltr'><strong>concedendum.</strong></span> <span class='ocrx_word' id='word_1_549' title='bbox 1279 4561 1359 4622; x_wconf 81' lang='lat' dir='ltr'><strong>Nem</strong></span> <span class='ocrx_word' id='word_1_550' title='bbox 1373 4571 1411 4623; x_wconf 84' lang='lat' dir='ltr'><strong>r:</strong></span> <span class='ocrx_word' id='word_1_551' title='bbox 1425 4559 1524 4626; x_wconf 80' lang='lat' dir='ltr'><strong>rersrtl</strong></span> 
     </span>
     <span class='ocr_line' id='line_1_50' title="bbox 90 4642 1524 4726; baseline 0.003 -24"><span class='ocrx_word' id='word_1_552' title='bbox 90 4647 160 4702; x_wconf 84' lang='lat' dir='ltr'><strong>voto</strong></span> <span class='ocrx_word' id='word_1_553' title='bbox 176 4651 247 4701; x_wconf 87' lang='lat' dir='ltr'><strong>sunt</strong></span> <span class='ocrx_word' id='word_1_554' title='bbox 261 4642 385 4724; x_wconf 72' lang='lat' dir='ltr'><strong>alligati.</strong></span> <span class='ocrx_word' id='word_1_555' title='bbox 423 4644 553 4706; x_wconf 76' lang='lat' dir='ltr'><strong>&#39;I&#39;slibos</strong></span> <span class='ocrx_word' id='word_1_556' title='bbox 574 4645 651 4704; x_wconf 90' lang='lat' dir='ltr'><strong>enim</strong></span> <span class='ocrx_word' id='word_1_557' title='bbox 666 4653 786 4705; x_wconf 89' lang='lat' dir='ltr'><strong>nonest</strong></span> <span class='ocrx_word' id='word_1_558' title='bbox 833 4644 1021 4725; x_wconf 89' lang='lat' dir='ltr'><strong>inidipsum</strong></span> <span class='ocrx_word' id='word_1_559' title='bbox 1049 4654 1172 4726; x_wconf 88' lang='lat' dir='ltr'><strong>propter</strong></span> <span class='ocrx_word' id='word_1_560' title='bbox 1202 4647 1465 4724; x_wconf 70' lang='lat' dir='ltr'><strong>incenderemur,</strong></span> <span class='ocrx_word' id='word_1_561' title='bbox 1490 4642 1524 4709; x_wconf 86' lang='lat' dir='ltr'><strong>sb</strong></span> 
     </span>
     <span class='ocr_line' id='line_1_51' title="bbox 89 4727 1522 4812; baseline 0.01 -25"><span class='ocrx_word' id='word_1_562' title='bbox 89 4727 197 4789; x_wconf 87' lang='lat' dir='ltr'><strong>melius</strong></span> <span class='ocrx_word' id='word_1_563' title='bbox 215 4729 344 4806; x_wconf 89' lang='lat' dir='ltr'><strong>nubere,</strong></span> <span class='ocrx_word' id='word_1_564' title='bbox 366 4748 457 4811; x_wconf 83' lang='lat' dir='ltr'><strong>quam</strong></span> <span class='ocrx_word' id='word_1_565' title='bbox 471 4731 534 4792; x_wconf 88' lang='lat' dir='ltr'><strong>uri:</strong></span> <span class='ocrx_word' id='word_1_566' title='bbox 559 4749 626 4793; x_wconf 86' lang='lat' dir='ltr'><strong>oum</strong></span> <span class='ocrx_word' id='word_1_567' title='bbox 650 4731 700 4791; x_wconf 85' lang='lat' dir='ltr'><strong>sel</strong></span> <span class='ocrx_word' id='word_1_568' title='bbox 720 4731 785 4812; x_wconf 81' lang='lat' dir='ltr'><strong>ipm</strong></span> <span class='ocrx_word' id='word_1_569' title='bbox 831 4730 980 4810; x_wconf 76' lang='lat' dir='ltr'><strong>Apostolo</strong></span> <span class='ocrx_word' id='word_1_570' title='bbox 1003 4731 1168 4794; x_wconf 88' lang='lat' dir='ltr'><strong>seeundum</strong></span> <span class='ocrx_word' id='word_1_571' title='bbox 1193 4734 1315 4795; x_wconf 81' lang='lat' dir='ltr'><strong>vonism</strong></span> <span class='ocrx_word' id='word_1_572' title='bbox 1342 4737 1522 4811; x_wconf 68' lang='lat' dir='ltr'><strong>wncsditert</strong></span> 
     </span>
    </p>
   </div>
   <div class='ocr_carea' id='block_1_4' title="bbox 0 0 1632 5190">
    <p class='ocr_par' dir='ltr' id='par_1_4' title="bbox 0 0 1632 5190">
     <span class='ocr_line' id='line_1_52' title="bbox 0 0 1632 5190; baseline 0 0"><span class='ocrx_word' id='word_1_573' title='bbox 0 0 1632 5190; x_wconf 95' lang='lat' dir='ltr'><strong> </strong></span> 
     </span>
    </p>
   </div>
  </div>
 </body>
</html>
