3254 5190
504 279 664 336 missotti
683 283 721 336 tii
739 283 891 337 nodatos.
927 284 1010 338 itas.
1032 287 1053 337 i.
1427 298 1496 363 157

56 463 220 541 nstantia,
250 483 358 551 neque
387 462 507 548 lutura,
535 485 642 552 neque
673 464 847 546 tortitudo,
878 467 936 531 39.
966 486 1072 552 neque
1101 467 1253 549 altitudo,
1283 488 1389 555 neque
1417 490 1497 555 pro-

56 565 204 651 fundum,
233 586 344 655 neque
373 573 527 634 ereatura
555 568 620 634 alia
647 571 771 656 poterit
805 589 863 634 nos
892 589 1046 654 separare
1077 591 1095 634 a
1124 572 1263 636 caritate
1294 572 1373 655 Dei,
1412 592 1497 659 quae

57 677 98 735 ast
120 670 155 735 in
187 667 326 736 Christo
354 669 448 749 Jesu,
477 671 618 738 Domino
647 679 761 739 nostro
774 667 809 755 ¹).

524 982 726 1051 subdititii
749 985 877 1053 dirius
899 984 1026 1055 omiti.

63 1104 125 1154 beret
144 1102 188 1159 iis.
208 1103 254 1168 qui
273 1106 335 1155 sunt
350 1103 377 1155 in
397 1103 507 1168 cbristo,
527 1104 589 1157 ninii
615 1104 787 1158 damnationis
806 1120 864 1158 asse
883 1107 1023 1171 reliquum3
1045 1113 1071 1158 ιιι
1090 1109 1147 1173 qni,
1166 1109 1287 1161 damnato
1307 1121 1353 1171 per
1371 1109 1498 1162 Christum

116 1178 246 1236 patemo,
265 1172 355 1235 spiritu
374 1173 420 1224 bei
438 1177 564 1236 mantus,
581 1174 682 1238 simque
700 1173 745 1227 diii
762 1175 820 1237 bei,
840 1187 912 1239 spem
931 1183 1030 1229 certam
1049 1176 1176 1230 babentes
1196 1179 1296 1242 gloriae
1315 1178 1432 1241 loturae,
1450 1180 1498 1231 etsi

112 1242 220 1294 interim
249 1241 334 1293 adbuc
358 1252 468 1305 corpore
492 1243 623 1296 mortales.
660 1243 757 1296 Deinde
783 1245 984 1308 magnitudinem
1009 1246 1123 1298 caritatis
1148 1246 1193 1298 Dei
1225 1258 1287 1310 erga
1312 1259 1374 1298 suos
1402 1248 1497 1299 electos

113 1310 251 1373 turribii,
272 1322 382 1374 nesam,
402 1322 448 1362 eos
466 1313 518 1364 niis
535 1312 560 1364 vi
579 1325 656 1376 posse
675 1325 690 1364 a
708 1312 754 1365 Dei
772 1314 879 1366 caritate
896 1316 1019 1378 separari.

94 1421 178 1481 llinil
196 1439 275 1496 erpo
296 1440 384 1482 nnnc
407 1420 627 1480 damnationis
642 1427 686 1479 est
701 1423 749 1495 iis,
801 1440 887 1480 nram
901 1423 997 1501 fldem
1012 1408 1142 1482 irritato
1156 1423 1311 1500 facerunt.
1336 1421 1395 1483 Sed
1410 1418 1450 1482 de
1462 1422 1496 1481 il-

60 1513 102 1583 asi
113 1513 193 1568 sunt
208 1511 247 1567 in
264 1510 389 1567 (lanne
400 1511 489 1569 rear.
513 1507 600 1566 Nihil
612 1507 751 1567 damno·
800 1506 860 1567 lius
876 1511 1042 1589 scripturae
1057 1529 1156 1581 sensu,
1179 1509 1230 1569 nbi
1247 1530 1307 1569 non
1322 1499 1498 1586 κατάκριμα

60 1596 151 1670 donia
165 1592 298 1669 Graece,
311 1594 405 1656 nullo
418 1595 597 1654 damnatio.
616 1594 751 1655 Alteram
800 1595 917 1674 legitur,
941 1596 993 1656 sed
1009 1590 1114 1673 κρίμα,
1140 1595 1233 1655 idest
1260 1597 1429 1671 judicium,
1454 1597 1497 1655 vi·

60 1680 124 1742 bone
150 1680 382 1742 conclusionem
409 1680 499 1741 infert
521 1681 688 1761 Apostolus
712 1701 751 1740 ex
801 1681 936 1741 dabimus
951 1702 1006 1742 suo
1023 1682 1097 1742 loco.

60 1768 189 1848 ”itaquae
206 1766 353 1830 disseruit
367 1771 469 1847 eapite
485 1769 633 1848 superiori
648 1767 750 1829 abillo
843 1769 902 1829 Hie
917 1789 990 1829 vero
1006 1778 1166 1850 utrumque
1178 1789 1297 1830 sensum
1313 1772 1498 1850 conjungere

60 1854 129 1915 lose:
152 1855 252 1935 Quod
267 1860 354 1917 enim
370 1873 495 1931 opnor,
512 1874 579 1916 non
595 1855 749 1932 intellipo,
800 1855 912 1928 licebit,
928 1856 984 1916 boc
999 1855 1102 1917 modo:
1126 1855 1186 1934 Qui
1202 1865 1272 1916 sunt
1283 1856 1402 1918 Christo
1418 1858 1497 1917 insiti

60 1963 143 2022 usque
159 1940 204 2003 sd
218 1942 319 2016 finem,
335 1952 367 2003 et
377 1945 544 2022 praecipue
559 1963 597 2003 ex
612 1943 672 2004 illis
686 1963 751 2004 sen·
800 1963 855 2022 per
867 1943 1045 2021 baptismum
1063 1953 1094 2002 et
1105 1944 1135 2002 in
1147 1962 1183 2003 eo
1195 1947 1374 2022 regenerati,
1395 1964 1495 2025 qnam·

59 2032 161 2091 mdis:
187 2029 275 2104 Non,
299 2030 385 2106 qaod
400 2029 483 2104 volo,
504 2048 575 2105 apo,
598 2031 651 2090 sed
666 2031 750 2107 qnod
800 2031 845 2091 vis
862 2029 960 2089 adhuc
975 2049 1065 2090 earne
1080 2032 1212 2089 serviant
1224 2029 1284 2108 legi
1299 2034 1422 2111 peccati,
1434 2031 1498 2108 jam

60 2118 110 2177 odi.
139 2119 219 2178 Non
241 2134 299 2192 eqo
322 2133 439 2193 operor
461 2116 553 2191 illaad,
577 2117 641 2192 aad,
666 2118 751 2194 qnod
801 2116 916 2175 nullum
940 2117 1067 2194 amplios
1090 2117 1202 2178 habent
1227 2126 1382 2195 peccatum
1406 2137 1497 2198 quan·

59 2205 169 2265 mint
198 2206 235 2263 in
259 2222 324 2275 mc,
345 2210 519 2279 peccalum
544 2203 751 2264 Condalector
799 2203 1040 2280 tulumcumqne;
1070 2222 1168 2282 neque
1195 2212 1318 2282 propter
1338 2212 1497 2283 peceatum

62 2291 565 2367 boiDeiseeundumintariorcm
579 2291 749 2350 bominem.
799 2290 852 2349 ulli
873 2308 990 2368 poenae
1013 2290 1142 2368 emplius
1164 2298 1233 2349 sunt
1253 2290 1389 2365 obnoxii,
1412 2292 1497 2369 cnjus

62 2379 155 2441 tense
170 2379 280 2437 seroie
296 2376 357 2452 leyi
368 2378 440 2448 Dei,
457 2394 553 2437 earne
568 2384 674 2436 autem
690 2378 751 2453 lapi
800 2377 936 2436 nimirum
964 2393 1082 2452 poenae
1103 2374 1234 2434 debitum
1260 2395 1312 2434 eos
1333 2385 1498 2436 remoretur

60 2467 176 2541 paoeoti
201 2463 253 2523 Ex
275 2463 312 2522 iis
335 2465 416 2523 eninr
440 2465 589 2542 seqnitur,
612 2463 749 2524 involun·
800 2462 837 2521 ab
861 2463 999 2540 ingressu
1026 2463 1109 2540 regni
1137 2463 1288 2533 coelestis,
1311 2473 1344 2521 ut
1370 2464 1498 2542 exponit

61 2553 138 2612 urbs
155 2568 230 2610 esse
253 2549 516 2629 concupiscentiae
538 2558 637 2609 motus
661 2551 691 2609 in
707 2571 750 2610 re-
800 2545 1130 2627 synodnsTridentina.
1148 2547 1340 2626 Quodtotum
1352 2549 1496 2627 intellige,

61 2638 126 2698 ustis
145 2636 255 2717 justis,
278 2636 388 2715 quibus
412 2634 538 2714 proinde
560 2634 600 2695 ad
622 2656 751 2714 poenam
801 2644 945 2715 qnantum
961 2636 1070 2693 attinet
1084 2635 1123 2695 ad
1138 2635 1248 2694 malurn
1265 2634 1341 2694 illud
1356 2636 1386 2696 in
1406 2654 1496 2696 earne

61 2724 190 2804 imputari
209 2741 272 2782 non
293 2724 418 2801 possint.
441 2721 543 2801 Ipsum
558 2742 630 2781 vero
645 2742 749 2802 pecca·
801 2722 948 2793 habitans,
973 2720 999 2779 id
1028 2729 1086 2793 est,
1110 2723 1395 2800 concupiscentiam,
1418 2721 1496 2801 ejus·

61 2820 112 2870 tun
125 2807 256 2888 originis
271 2809 451 2887 supponitur
466 2827 532 2868 esse
548 2809 702 2869 remissum
719 2810 750 2868 in
801 2827 860 2888 que
876 2817 982 2878 motus,
1006 2805 1043 2866 de
1066 2809 1175 2887 quibus
1199 2807 1312 2866 dictum
1335 2816 1381 2867 est
1396 2827 1495 2888 supra

61 2893 211 2977 baptism,
228 2894 352 2968 exiliis,
368 2914 449 2975 qnae
464 2893 545 2953 dicta
560 2902 628 2955 sont
639 2915 706 2975 onp.
721 2898 748 2957 6.
800 2893 952 2973 Siquidem
967 2895 1227 2974 concupiscentiae
1240 2904 1341 2955 reatus
1349 2894 1496 2974 baptismo

61 2980 138 3063 Quod
161 2979 305 3042 declarat
326 2980 460 3061 synodus
476 2979 656 3040 Tridentino
676 3002 748 3043 sess.
800 2979 917 3040 deletus
934 2988 986 3052 est,
1010 2989 1107 3041 motus
1119 3000 1191 3040 vero
1207 2990 1275 3040 sunt
1290 2982 1493 3040 involuntarii.

61 3071 217 3129 bunone
232 3066 273 3139 5.,
297 3067 348 3128 nbi
370 3066 526 3138 definiens,
548 3088 601 3147 per
624 3069 749 3147 gratiam
799 3065 934 3146 Ideoque
956 3065 1099 3145 deinceps
1117 3067 1190 3126 nihil
1214 3067 1273 3127 illis
1297 3066 1497 3128 damnationis

59 3153 194 3234 baptismi
216 3153 290 3212 tolli
311 3161 413 3214 totum
428 3155 472 3230 td,
495 3153 581 3231 qnod
596 3172 705 3215 veram
721 3161 750 3214 ct
800 3161 852 3224 est,
876 3154 932 3212 nisi
955 3171 994 3210 ex
1016 3154 1137 3231 propria
1159 3155 1291 3226 actione,
1315 3156 1495 3234 proprioque

57 3244 222 3319 mnam
236 3245 358 3315 pcccati
372 3244 531 3300 rationem
546 3241 647 3316 nabet,
672 3242 749 3300 hanc
800 3258 955 3299 consensu.
973 3237 1064 3316 Quod
1077 3241 1225 3318 significat
1236 3259 1305 3320 pars
1317 3240 1478 3318 subjuncta
1488 3236 1500 3296 :⁴

58 3327 171 3407 subjicit
181 3324 406 3407 probationem:
422 3329 498 3404 quio
509 3328 590 3387 nibil
602 3335 646 3387 cst
656 3329 749 3386 dom·
844 3328 905 3404 Qui
916 3344 983 3384 non
995 3327 1168 3385 secundnm
1176 3345 1305 3386 carnem
1317 3327 1495 3387 ambulant.

58 3418 193 3476 monis
216 3414 275 3487 iio,
300 3416 355 3489 qni
379 3433 451 3474 aare
474 3415 650 3489 consepulti
676 3421 750 3474 anni
800 3412 972 3482 Ambulare,
995 3410 1066 3492 quid
1082 3413 1284 3490 metaphorice
1298 3413 1449 3493 significet
1463 3412 1496 3471 in

59 3501 176 3563 cinero
190 3517 256 3575 per
271 3500 427 3576 baptismo
440 3503 474 3559 in
490 3507 630 3560 mortono.
652 3500 750 3580 quue
800 3500 963 3577 seripturis,
987 3497 1048 3558 dixi
1066 3500 1203 3579 superins
1222 3498 1260 3558 ad
1277 3498 1350 3558 iliud
1368 3520 1432 3579 cap.
1449 3502 1495 3559 o:

57 3589 137 3649 dum
161 3587 215 3648 bie
244 3587 444 3665 significatum
466 3594 512 3648 est
534 3605 601 3645 cnm
625 3588 748 3648 dicitur:
799 3588 840 3645 ln
852 3587 993 3644 novitate
1009 3587 1092 3643 vitoe
1104 3586 1308 3645 ambulemus.
1329 3586 1426 3665 Igitur
1436 3606 1496 3643 am·

56 3675 97 3748 fi't,
117 3677 179 3753 pusi
193 3680 272 3732 mni
286 3675 323 3732 t'n
339 3675 461 3735 Christo
476 3677 567 3747 Jesn,
592 3672 623 3732 id
639 3682 691 3747 est,
708 3675 750 3732 in·
798 3672 904 3731 bularc
927 3669 1091 3730 secundnm
1114 3690 1234 3731 carnem
1257 3682 1301 3732 est
1323 3675 1427 3733 vivere
1450 3692 1494 3732 se-

56 3762 96 3821 dri
105 3759 240 3834 Christo,
256 3761 330 3820 etin
343 3780 378 3820 eo
389 3761 485 3821 renati
496 3779 549 3840 per
560 3761 748 3839 baptismum.
799 3756 928 3818 eundum
944 3776 1073 3817 carnem.
1098 3759 1165 3817 Hoc
1177 3768 1278 3819 autem
1290 3759 1363 3839 quid
1379 3762 1427 3831 sit,
1443 3758 1494 3817 do·

55 3844 212 3929 Brutique
233 3843 274 3904 ad
290 3845 395 3906 fideles
416 3846 586 3924 baptizatos
609 3847 748 3907 scribitur
798 3852 844 3904 cet
861 3845 1046 3922 Augustinus
1063 3843 1113 3904 lib.
1134 3850 1181 3905 14.
1198 3844 1235 3905 de
1247 3848 1327 3905 civit.
1344 3848 1409 3919 Dei,
1426 3866 1495 3924 cap.

56 3931 120 3995 buce
134 3932 281 4015 epistola
798 3934 836 4004 2.,
860 3929 1019 3991 ostendens
1037 3952 1095 3990 non
1117 3951 1169 3990 eos
1189 3932 1269 3991 solos
1293 3930 1494 4011 philosophos,

89 4019 308 4083 Damnationis
319 4020 438 4078 nomine
447 4019 497 4079 vel
509 4039 607 4098 poena
616 4040 669 4099 pro
678 4038 746 4099 pec·
798 4020 850 4099 qui
866 4018 962 4078 carnis
976 4018 1148 4097 voluptates
1161 4020 1267 4077 sectati
1283 4029 1358 4089 sunt,
1377 4029 1409 4078 ut
1422 4019 1495 4096 Epi·

57 4116 112 4167 esto
125 4108 244 4169 inflictu
260 4113 313 4165 aut
327 4105 489 4184 infligenda
509 4106 692 4185 intelligitur,
715 4114 748 4164 ut
798 4123 929 4177 corneos,
945 4105 1108 4163 secundum
1125 4124 1243 4163 earnem
1258 4106 1376 4176 vixisse,
1392 4124 1495 4163 verum

57 4197 157 4269 paim
172 4197 204 4255 in
221 4194 397 4270 scriptoria
420 4192 470 4252 vel
482 4192 647 4253 seeundum
660 4211 747 4272 quos·
798 4193 886 4251 etiam
902 4190 1027 4263 Stoicos,
1051 4192 1100 4272 qui
1116 4211 1261 4269 summum
1272 4191 1384 4250 bonum
1399 4191 1492 4249 homi·

58 4275 123 4355 dnm,
144 4281 355 4360 metonymice
377 4279 475 4357 ipsum
494 4287 652 4358 peccatum
668 4278 747 4338 dam·
797 4279 843 4338 nis
869 4278 901 4338 in
926 4279 1024 4337 animo
1051 4284 1232 4356 posuerunt,
1260 4278 1375 4337 etiamsi
1404 4296 1494 4357 quam

59 4369 173 4443 milone,
194 4367 300 4439 idest,
324 4385 424 4444 poena
435 4365 573 4444 dignnm3
597 4364 746 4446 quomodo
796 4365 926 4424 maxime
937 4363 1240 4443 sibinvoluptatibns
1256 4365 1405 4442 corporeis
1422 4372 1494 4422 tem·

60 4464 151 4528 ouant
164 4457 262 4517 ctiam
287 4452 385 4531 aeoipi
404 4456 418 4510 1
438 4453 517 4512 Tim.
535 4457 572 4524 6.,
596 4472 662 4513 oum
676 4450 747 4511 dioi-
797 4459 960 4530 parassent.
983 4451 1052 4509 Non
1068 4451 1146 4510 enim
1161 4449 1249 4509 liberi
1264 4449 1493 4509 iuerrrmaoae-

61 4548 110 4601 tur:
130 4543 298 4605 Habentes
312 4539 565 4612 damnationem,
584 4543 661 4616 qnia
676 4541 748 4614 pri·
797 4538 870 4596 teris
886 4537 976 4608 vitiis,
999 4557 1078 4615 quae
1100 4538 1176 4596 inter
1198 4557 1289 4615 opera
1309 4538 1407 4594 carnis
1423 4556 1493 4594 enu-

116 4720 137 4787 1)
152 4724 228 4778 loon.
251 4722 293 4784 1⁰,
313 4720 355 4771 28.
