3254 5190
97 280 176 351 tu·
592 275 826 331 ammanus
845 276 878 331 m
899 275 967 330 aar.
987 275 1027 330 m.

138 450 321 532 Quanquam
333 448 503 526 fatendum,
518 451 600 532 quod
614 451 654 512 ad
668 471 791 514 sensam
838 453 958 513 latione
977 452 1131 529 fallaciae
1139 475 1151 529 ,·
1174 459 1204 513 et
1219 453 1344 513 iterum:
1365 469 1463 514 noan

97 539 221 611 attinet,
247 535 322 597 nihil
336 537 488 599 intensae.
521 539 645 600 Factum
660 540 740 599 enim
755 558 789 599 se
838 542 944 599 tieatis
969 545 1058 614 aeta,
1085 540 1138 601 sed
1164 541 1388 615 compatientis
1407 538 1463 618 affe

95 623 171 686 dicit
184 623 307 685 infirmis
329 623 491 698 infirmnm,
518 626 589 686 eive
604 626 690 705 qnasi
711 625 788 686 infir·
838 626 936 705 Epist
954 627 981 685 9.
998 635 1028 685 et
1045 626 1093 686 19.
1110 634 1240 706 utraque
1263 625 1304 686 ad
1320 626 1463 706 Hieronys

93 731 188 786 mum,
217 709 250 770 id
274 719 336 784 eet,
366 712 487 772 infirmis
516 711 659 786 similem
689 713 789 773 animo
838 715 956 791 scripta.
994 711 1074 772 Vide
1104 713 1233 774 eundem
1264 712 1317 772 lib.
1345 720 1457 793 quaest

95 796 219 879 quidem
247 816 302 877 per
337 797 476 858 affectum
506 799 788 876 commiserationis,
838 806 956 879 quaest.
988 799 1037 858 71.
1069 809 1099 860 et
1128 800 1179 860 lib.
1210 807 1316 860 contra
1350 799 1463 861 mendsr

93 903 183 964 opere
197 901 269 943 vero
284 903 338 964 per
353 884 425 958 hoc,
442 885 522 964 quod
537 885 659 946 infirmis
674 905 789 946 accom-
838 905 903 965 cap.
922 888 971 945 12

93 969 261 1031 modaverit
277 989 353 1044 sose,
369 971 479 1031 similia
494 970 642 1051 quaedam
656 970 787 1032 iaciens:
887 973 927 1033 Ut
941 990 1050 1032 omnes
1067 972 1088 1050 1⁴
1087 990 1208 1032 acerem
1230 972 1346 1033 salvos.
1378 969 1462 1053 Quod

92 1057 189 1119 veluti
202 1056 316 1136 legales
331 1057 555 1119 observationes
569 1077 727 1132 exercens,
750 1056 788 1117 ab
838 1060 957 1139 quoties
972 1057 1052 1118 dixit
1065 1056 1259 1132 lucrifacere,
1273 1057 1306 1118 id
1320 1078 1402 1120 nunc
1417 1078 1463 1139 exp

92 1142 270 1223 idolothytis
282 1142 450 1218 abstinens,
473 1153 502 1205 et
516 1146 636 1205 omnino
652 1144 787 1206 offensio-
838 1146 902 1206 eiua
925 1144 999 1206 dicit
1020 1144 1122 1205 salvos
1144 1143 1255 1205 lacera
1293 1143 1412 1206 Graeca
1425 1146 1463 1205 sio

92 1249 147 1292 nes
176 1229 296 1291 illorum
325 1239 356 1292 et
383 1231 526 1292 scandale
561 1230 791 1311 diligentissime
838 1231 925 1293 bont:
947 1239 985 1292 at
1000 1235 1132 1292 amatae
1148 1233 1272 1308 aliquos
1287 1233 1393 1293 salvos
1404 1233 1463 1310 faci

92 1336 219 1392 cavens3
249 1317 500 1398 quemadmodum
529 1317 630 1378 dicero
658 1318 790 1380 solemus
837 1318 897 1378 Per
911 1317 1000 1400 quod,
1015 1326 1048 1379 ut
1060 1316 1168 1379 Graeci
1178 1327 1463 1381 commentatorem

92 1405 238 1466 nunicem
251 1423 433 1484 puerascere
455 1425 522 1465 oum
543 1404 692 1467 infantulo
715 1425 787 1485 qua·
838 1414 917 1478 tant,
947 1404 1114 1466 declaratur
1141 1424 1250 1484 magna
1273 1406 1384 1465 carias
1397 1406 1463 1490 Aps

92 1491 162 1552 dam
182 1492 332 1552 actionum
352 1491 561 1553 similitudine:
589 1502 621 1553 et
641 1490 790 1554 medicum
837 1490 943 1565 Pauli,
967 1492 1049 1572 quod
1072 1492 1202 1552 omnium
1223 1512 1346 1553 servum
1366 1512 1400 1553 so
1423 1491 1463 1555 ta

91 1585 250 1659 aegrotare
265 1576 483 1658 quodammodo
498 1598 564 1639 cnm
576 1589 710 1659 aegroto,
718 1578 789 1639 dum
837 1585 870 1636 ιιι
885 1597 924 1639 ax
938 1580 1075 1640 omnibus
1086 1577 1193 1638 saltem
1207 1577 1336 1659 aliquos,
1351 1581 1410 1639 etsi
1423 1596 1463 1659 pst

92 1664 788 1747 saejuainlirmitati,quoadpoteet,attemparat
837 1663 1016 1725 adsalutem
1038 1663 1227 1745 perduceret:
1253 1665 1375 1746 quando
1390 1667 1463 1727 scire

91 1752 161 1814 Hoc
175 1759 274 1813 autem
284 1752 434 1833 quomodo
443 1752 556 1813 Paulae
570 1752 682 1827 iecerit,
691 1764 786 1815 oston-
839 1772 899 1813 non
914 1771 1015 1813 omnes
1032 1752 1135 1813 salvos
1150 1751 1252 1813 lacere
1264 1772 1364 1832 posse.

92 1838 207 1917 ditejne
215 1838 350 1900 doctrina
359 1840 492 1900 adRom.
502 1844 549 1902 14.
559 1848 590 1901 et
600 1840 693 1919 hujus
701 1841 788 1922 epist.
880 1837 1052 1900 Secundum
1081 1847 1214 1899 noctram
1248 1839 1422 1912 lectionem,
1453 1856 1463 1919 t

91 1945 156 2007 osp.
179 1945 278 2007 super.
302 1934 332 1986 at
348 1945 468 1987 rursum
493 1946 558 2007 cap.
582 1930 720 2008 proxime
744 1947 788 1988 ae·
839 1924 944 1985 eadem
968 1934 1014 1987 est
1035 1927 1066 1986 in
1087 1926 1230 2004 Syriaco,
1252 1947 1314 1988 nou
1334 1923 1463 1987 minori

91 2012 332 2095 quantisquibns
340 2012 413 2074 locis
425 2012 463 2074 de
471 2013 591 2074 infirmis
599 2017 673 2095 agit,
681 2017 790 2095 partim
840 2013 953 2072 caritas
973 2012 1177 2092 significatur,
1204 2014 1258 2092 qui
1280 2013 1417 2075 omnibus
1437 2030 1463 2073 ot

92 2098 228 2173 Judaeis,
238 2101 347 2180 partim
358 2099 539 2180 gentilibus,
555 2121 592 2162 ex
608 2103 733 2162 unitate
744 2100 787 2161 io·
839 2097 936 2159 iscam
951 2100 1003 2174 eit,
1019 2102 1149 2160 omnium
1163 2098 1289 2160 studens
1304 2098 1412 2160 saluti:
1436 2096 1463 2159 ss

90 2185 200 2248 vendis
219 2186 483 2266 etsnpportsndia
516 2187 659 2268 Denique
674 2208 712 2250 ue
726 2188 788 2249 lon·
839 2186 917 2245 eirca
931 2185 1067 2266 singalas
1088 2205 1242 2267 quosque,
1265 2185 1392 2248 excluso
1410 2203 1463 2247 nou

92 2272 317 2354 giusdiseurrat
325 2294 379 2354 per
387 2274 520 2354 singultu
533 2273 615 2354 quod
623 2277 790 2355 generatim
839 2271 897 2332 hoc
912 2281 1055 2352 agonem
1075 2273 1247 2335 salviliant
1287 2273 1358 2335 Non
1380 2272 1455 2333 enim

91 2358 215 2433 diuam
230 2381 265 2425 se
279 2359 394 2421 lactum
409 2362 540 2422 omnium
554 2381 690 2436 servum,
711 2381 790 2422 nnuc
839 2358 923 2419 dium
938 2361 1005 2440 ejus
1028 2367 1107 2436 erat,
1132 2367 1166 2420 nt
1187 2357 1263 2421 nulli
1285 2361 1431 2441 perirent.
1443 2377 1463 2438 ι

90 2448 204 2528 repetit
218 2454 252 2509 et
267 2447 419 2508 concludit
433 2447 502 2508 aliie
518 2448 619 2509 verbis
627 2493 635 2523 ,
650 2447 768 2509 dicens:
839 2445 953 2506 sciebat
967 2466 1027 2507 non
1041 2445 1191 2508 futurum:
1211 2445 1266 2506 sed
1288 2455 1322 2507 ιιι
1344 2464 1463 2528 quoram

135 2534 289 2596 omnam
311 2538 422 2595 onmia
442 2536 551 2613 faetta
568 2554 646 2596 eam.
683 2534 718 2595 Id
737 2543 790 2607 eat,
839 2540 955 2611 posset,
985 2532 1024 2593 ad
1050 2532 1179 2595 salntem
1205 2531 1380 2595 adduceret
1412 2530 1463 2593 Pro

91 2620 222 2681 omnium
248 2620 378 2705 moribus
405 2628 435 2681 et
461 2620 618 2682 affectibus
645 2629 791 2702 quantum
839 2617 895 2679 hoc
910 2617 1001 2679 Pauli
1015 2627 1047 2682 et
1061 2620 1188 2681 aliorum
1209 2621 1326 2699 piorum
1348 2616 1463 2681 desides

90 2707 178 2780 licet,
207 2726 255 2768 me
281 2706 480 2768 accommodo.
519 2707 581 2786 Qui
603 2726 708 2769 senam
724 2707 790 2786 jam
839 2713 978 2766 conatum
995 2715 1027 2767 et
1041 2708 1191 2779 studium,
1213 2705 1296 2786 quod
1318 2707 1406 2768 Deus
1425 2706 1456 2767 lu

89 2800 173 2874 patet
201 2811 242 2854 ex
270 2792 525 2873 praecedentibus„
562 2794 631 2855 Hac
660 2794 790 2854 Paulina
839 2800 997 2872 operatur,
1019 2803 1100 2855 recte
1115 2793 1294 2872 intelligitur
1309 2788 1463 2855 diotumsl

90 2880 290 2941 sententioso
305 2887 368 2940 toto
384 2879 521 2942 hocloco
537 2882 712 2955 abutuntur,
728 2881 789 2960 qui,
838 2877 906 2939 dem
919 2878 1066 2960 Apostolo
1084 2886 1099 2941 1
1114 2881 1192 2941 Tim.
1210 2883 1239 2941 2.
1254 2879 1355 2941 Deum
1379 2876 1455 2941 selis

93 2973 128 3025 ut
142 2966 174 3026 in
187 2964 348 3047 proverbio
365 2974 420 3040 est,
436 2986 502 3027 cum
516 2965 712 3029 Cretensibus
727 2987 788 3028 cra·
837 2984 893 3026 aee
907 2967 1049 3029 homiaee
1069 2968 1175 3028 calvos
1195 2965 1266 3043 fleri
1289 2974 1318 3026 et
1334 2966 1380 3027 ad
1395 2982 1463 3043 aaa

89 3050 241 3114 wadum
257 3050 376 3114 dicunt:
403 3051 515 3127 idest,
539 3054 677 3133 exemplo
699 3053 790 3114 Pauli
837 3072 909 3113 aem
932 3057 1075 3116 veritatis
1094 3056 1221 3114 vestire:
1243 3054 1386 3133 quamvis
1400 3053 1463 3115 abst

92 3138 296 3201 Mannum
311 3139 423 3201 debera
438 3139 519 3221 apud
538 3141 674 3202 homines
689 3142 790 3202 omnia
837 3139 992 3201 voluntate
1008 3140 1038 3201 id
1053 3162 1113 3202 non
1128 3139 1212 3201 velit

90 3224 232 3287 simulare
245 3246 282 3287 ae
296 3225 494 3301 dissimulare,
510 3246 548 3289 ne
560 3247 637 3308 qnos
649 3226 789 3299 offendat,
879 3225 972 3285 Porro
987 3226 1167 3299 notandum,
1182 3224 1264 3306 quod
1279 3225 1451 3289 adtentum

91 3313 250 3374 autetiam
272 3324 308 3374 ut
329 3334 422 3394 quam
443 3313 587 3394 plurimos
603 3312 726 3377 Christo
744 3312 790 3373 lu·
838 3319 903 3383 net,
930 3322 963 3373 ut
979 3316 1044 3392 jam
1069 3321 1139 3374 ante
1164 3311 1312 3386 indicari,
1338 3314 1463 3377 verbst

92 3397 245 3474 criiaciat3
274 3419 335 3460 non
363 3399 570 3474 attendentes,
600 3399 680 3481 quod
709 3399 789 3461 idem
838 3399 1026 3476 subjunctivi
1041 3400 1079 3459 ab
1094 3399 1145 3459 illo
1162 3399 1242 3459 loco:
1269 3418 1349 3460 nam
1371 3398 1463 3479 cani

90 3482 257 3565 Apostolus
270 3485 310 3546 ad
326 3485 426 3547 Galat
444 3488 473 3546 2.
489 3485 608 3560 scribit,
631 3507 664 3547 se
679 3507 735 3548 nec
749 3484 789 3545 ad
838 3503 931 3546 essem
947 3495 1016 3560 eta,
1039 3505 1120 3567 quae
1134 3487 1285 3565 interpres
1300 3496 1403 3548 noster
1417 3487 1459 3549 its

91 3572 196 3633 horam
210 3573 337 3632 emensa
351 3571 439 3634 ialeie
455 3572 611 3647 iratribus,
638 3574 669 3634 in
684 3573 741 3634 hoc
755 3581 790 3631 ιιι
837 3573 881 3645 tit,
897 3580 931 3631 ut
944 3575 1138 3653 praeteritum
1154 3581 1270 3652 tempus
1286 3576 1463 3653 respiceret

91 3658 211 3732 Titum,
234 3660 289 3739 qui
303 3660 423 3739 gentilis
447 3668 525 3733 erat,
546 3659 789 3733 circumcideret3
837 3668 939 3733 antur,
956 3679 1060 3734 essem,
1076 3661 1311 3737 lucrifacerem,
1328 3658 1463 3739 salvos!

89 3744 309 3826 ipsiquePetro
320 3747 627 3827 cumrepreheneione
640 3745 788 3807 infaciem
836 3763 915 3822 rem,
924 3749 1153 3808 convenientius
1165 3767 1203 3807 ex
1216 3746 1336 3808 Graeco
1349 3748 1463 3815 sortist

89 3832 249 3906 minora
271 3833 355 3914 quod
368 3834 557 3894 simulatione
572 3833 701 3913 quadam
717 3852 788 3894 usus
837 3834 945 3913 partim
960 3853 1115 3913 praesens,
1130 3834 1239 3914 partim
1253 3830 1393 3895 laturum
1407 3830 1463 3897 ind

88 3939 150 3982 non
164 3927 244 3980 recto
263 3919 428 3981 ambularet
449 3919 489 3980 ad
511 3921 672 3982 veritatem
686 3922 786 3981 Evan-
836 3919 930 3993 tibus,
946 3924 1023 3995 eim,
1039 3922 1260 3998 lucrifaciam,
1288 3921 1397 3983 solvor
1407 3922 1463 3999 [aa

88 4006 170 4087 getii.
208 4006 249 4067 At
263 4027 364 4087 nequa
386 4027 455 4068 cum
478 4008 605 4068 ebriosis
620 4006 788 4068 inebriatus
836 4005 907 4068 Non
922 4009 1001 4068 enim
1024 4009 1116 4069 sentit
1129 4006 1296 4086 Apostolus
1319 4027 1357 4069 se
1379 4008 1454 4071 haas

90 4102 138 4154 est
158 4093 286 4166 Paulus,
312 4113 412 4174 neque
431 4114 498 4155 cum
519 4093 686 4155 idololatris
707 4093 789 4154 idola
837 4093 951 4172 egisse,
978 4114 1057 4155 nuno
1077 4104 1179 4155 autem
1195 4094 1342 4156 desiisse:
1365 4092 1422 4157 sad
1434 4100 1463 4159 d

91 4178 201 4254 coluit,
227 4189 282 4240 aut
294 4179 377 4242 alind
393 4181 454 4242 tale
468 4181 557 4242 lecit:
581 4179 637 4241 aed
653 4180 787 4241 omnibus
837 4199 909 4240 unm
924 4199 1017 4260 agere
1032 4190 1064 4242 et
1079 4189 1216 4241 acturum
1232 4201 1307 4243 ease

90 4269 190 4328 omnia
204 4265 317 4328 iactum
332 4287 366 4329 se
380 4268 461 4340 dicit,
476 4277 510 4328 ut
523 4276 594 4328 ante
608 4265 719 4327 dictum
735 4276 788 4340 eat,
881 4269 931 4327 23.
948 4269 1065 4328 Omnia
1072 4276 1179 4329 autem
1185 4270 1275 4346 facio
1280 4268 1463 4346 propter&

89 4356 197 4434 partim
208 4355 452 4427 commiserando,
460 4357 567 4435 partim
579 4354 688 4415 similia
698 4373 789 4434 qnae·
835 4355 965 4429 aeliam,
974 4362 1010 4415 at
1019 4359 1182 4431 particeps
1194 4360 1262 4430 ejas
1274 4356 1410 4434 efficiar.
1424 4352 1463 4419 (it

90 4437 241 4500 demeum
260 4441 320 4502 illis
343 4439 474 4521 agendo,
497 4461 578 4522 quae
597 4449 697 4502 tamen
720 4459 788 4501 cum
837 4449 868 4501 et
883 4440 1022 4521 Syriaca:
1038 4443 1108 4503 Hoc
1123 4451 1230 4503 autem
1239 4443 1463 4519 sacietate-,tat

91 4525 161 4605 lega
182 4526 245 4589 Dei
270 4529 393 4589 minime
418 4536 599 4608 pugnarent
637 4527 789 4589 Omas'bae
837 4528 1042 4589 commentarii
1065 4528 1248 4591 Graecorum
1269 4538 1382 4591 sonant
1402 4546 1463 4593 aet

91 4616 202 4675 amaia
231 4614 337 4691 [aeta
366 4623 427 4690 eet,
462 4615 559 4695 inquit
594 4614 789 4694 Augustinus,
837 4617 969 4695 gissent,
986 4621 1104 4676 omnia.
1137 4617 1294 4678 Hactenus
1310 4614 1463 4681 osiemlitl

92 4705 308 4778 compassione
331 4703 584 4776 misericordiae,
607 4720 675 4764 aaa
688 4704 788 4764 sima-
838 4702 943 4776 stolus
958 4711 1041 4764 tanto
1056 4702 1160 4767 studio
1175 4724 1210 4766 se
1223 4702 1380 4766 laborasse
1393 4698 1463 4771 tul
