3254 5190
114 298 184 367 tlt
634 293 867 351 cosummatus
885 294 917 349 ιι
934 294 1000 349 css.
1017 295 1045 351 ι.

111 468 200 546 giani,
216 465 352 529 dicentes
367 465 436 527 ideo
449 466 486 529 de
497 470 596 549 gratia
607 467 721 531 Christi
729 473 807 532 Pau·
855 481 1004 533 mortuum
1019 470 1128 533 delicto
1144 469 1267 544 diaboli,
1280 470 1357 531 licet
1370 465 1446 529 illud
1457 467 1556 528 imita·

112 554 173 613 lurn
186 553 311 627 dixisse,
338 554 419 633 quod
443 557 473 614 in
490 557 600 632 plures
614 557 806 635 abundavit,
857 571 904 621 tus
920 562 969 632 sit,
985 561 1062 620 sicut
1076 559 1127 619 hic
1142 559 1233 619 unius
1247 557 1335 619 Adae
1344 556 1458 616 delicto
1469 553 1556 616 multi

116 641 189 720 quia
203 641 395 720 protenditur
407 643 497 702 etiarn
523 642 561 702 ad
573 644 731 722 parvulos,
755 647 808 725 qui
856 649 966 708 mortni
982 646 1132 706 dicuntur.
1145 645 1249 725 Quare
1261 665 1322 705 non
1334 643 1372 705 de
1384 641 1557 703 imitatione

112 738 266 806 peccatum
294 727 382 788 Adae
412 730 523 788 imitari
550 751 610 789 uon
636 740 807 810 potuerunt.

113 813 183 892 Qua
198 814 236 875 de
251 833 283 874 re
297 817 494 895 Augustinus,
509 815 602 895 hujus
615 827 735 880 nostrae
750 819 808 880 lec·

113 902 201 961 tionis
232 903 370 979 ignarus.
396 903 438 961 ita
471 903 574 963 scribit
596 907 624 965 in
649 926 742 985 opere
763 927 808 967 se·

113 987 210 1047 cundo
226 1000 330 1048 contra
346 989 500 1050 Julianurn
517 991 615 1053 verbis
631 1013 649 1053 a
664 991 748 1053 Beda
769 995 807 1052 ci·

112 1075 197 1134 tatis:
215 1076 306 1156 Quod
317 1076 435 1152 dixisti,
452 1078 625 1152 vipilonter
636 1082 808 1140 inculcasse

114 1163 320 1237 Apostolum:
342 1165 442 1224 multo
464 1168 565 1240 mopis
579 1170 687 1243 pratia
702 1170 764 1228 Dei
779 1174 807 1228 et

113 1247 234 1309 donum
259 1253 295 1308 in
320 1254 426 1326 pratia
448 1255 546 1312 unius
567 1255 705 1315 hominis
726 1260 807 1318 Jesu

115 1335 229 1396 Christi
243 1339 279 1396 in
291 1339 401 1413 plures
416 1339 596 1403 abundauit
603 1388 613 1418 ,
633 1343 740 1402 uolens
754 1345 806 1402 in·

114 1423 215 1499 tellipi
228 1424 299 1484 ideo
312 1427 423 1502 plures
441 1428 540 1487 dictos
548 1476 558 1506 ‚
574 1431 650 1506 quio
659 1433 808 1505 pervenit

113 1514 218 1585 pratia
235 1515 300 1586 ejus
314 1512 357 1572 ad
369 1515 536 1589 paruulos,
549 1516 592 1576 ud
606 1535 683 1593 quos
697 1520 807 1577 imita·

114 1600 158 1658 tio
182 1601 283 1674 priori
308 1599 445 1661 hominis
474 1620 541 1661 non
568 1607 719 1681 pertinet,
750 1611 807 1663 aut

112 1687 281 1746 mendosus
296 1688 393 1748 codes
415 1689 472 1747 tibi
491 1693 640 1750 mentitus
662 1699 722 1766 est,
749 1698 807 1751 aut

111 1777 178 1850 ipse
192 1775 354 1846 mesaticis,
377 1784 435 1835 aut
456 1775 495 1834 ab
516 1779 626 1855 aliquo
640 1779 724 1855 falso
740 1781 805 1839 siue

109 1863 253 1938 fallente,
269 1870 327 1922 aut
341 1862 500 1924 obliuione
515 1863 659 1942 deceptus
671 1885 711 1926 es.
733 1867 805 1927 Non

111 1956 195 2012 enim
212 1954 444 2035 aitApostolus
456 1952 580 2028 plures,
608 1954 661 2014 sed
681 1955 805 2014 multos.

113 2039 269 2101 Graecum
286 2043 414 2101 attende
429 2041 586 2114 codicem,
611 2048 640 2102 et
661 2044 805 2101 invenies

109 2119 262 2200 πολλοὺς,
299 2146 365 2189 ιιοιι
393 2121 568 2196 πλείστους,
607 2130 699 2188 Dicit
729 2147 803 2204 erpo

107 2213 211 2274 multo
222 2217 324 2289 mopis
336 2216 513 2276 abundasse
524 2218 665 2291 pretium
674 2218 710 2275 in
722 2216 803 2275 mul·

107 2307 170 2374 tos,
187 2318 254 2361 non
270 2305 306 2361 in
321 2306 423 2379 mepta
438 2304 552 2362 multos
559 2346 569 2376 ,
585 2302 641 2362 hoc
658 2309 717 2376 est,
733 2320 801 2361 non

105 2389 142 2447 ln
155 2387 282 2465 plures,
309 2391 389 2452 sicut
399 2392 469 2464 jum
492 2389 694 2450 ostendimus.
716 2389 802 2449 Haec

104 2473 303 2555 Augustinus.

147 2561 238 2621 Patet
253 2563 354 2641 igitur,
370 2562 547 2641 Apostolum
564 2583 623 2622 non
638 2562 687 2622 hic
701 2561 800 2621 multi·

104 2646 237 2707 tudinem
253 2667 372 2721 eorum,
388 2650 441 2726 qui
455 2650 570 2729 gratius
582 2646 693 2708 Christi
708 2649 799 2726 parti·

105 2734 190 2813 cipes
205 2734 290 2805 fiunt,
307 2744 422 2814 urgere,
436 2734 491 2794 sed
507 2738 626 2815 copiam
640 2734 800 2794 beneficio·

102 2839 168 2878 rum
184 2817 307 2893 Christi,
323 2840 403 2900 quae
418 2822 602 2902 significatur
616 2822 704 2895 ineo,
719 2819 800 2901 qnod

102 2905 181 2977 dicit,
196 2909 297 2968 multo
311 2910 421 2983 mapis.

144 2992 201 3053 Est
217 2996 309 3074 igitur
324 3013 446 3054 sensus:
468 2995 546 3054 Nam
562 3013 616 3073 per
630 2994 719 3054 unius
732 2996 798 3073 qui·

101 3078 168 3139 dem
177 3079 303 3140 hominis
311 3079 454 3141 delictum
466 3101 519 3142 sen
531 3081 796 3161 transgressionem

102 3165 207 3237 multi,
233 3166 340 3240 idest,
366 3186 471 3228 omncs
504 3187 542 3227 ex
566 3187 602 3226 eo
629 3169 798 3246 propagati,

98 3262 222 3314 mortem
250 3255 421 3328 incurruut3
447 3274 549 3315 verum
577 3253 671 3315 multo
698 3255 796 3333 magis

96 3357 151 3418 per
166 3342 293 3420 gretiam
303 3342 391 3400 unius
403 3338 529 3401 hominis
542 3340 564 3400 J
566 3359 618 3400 esu
631 3339 751 3414 Christi,
766 3338 797 3399 id

99 3433 152 3496 est,
169 3435 291 3506 propter
306 3427 374 3504 ejus
389 3428 512 3499 merite,
528 3427 613 3486 Deus
630 3429 659 3487 iu
676 3425 796 3498 multos,

97 3511 213 3574 scilicet
228 3532 331 3572 omues
347 3514 469 3586 electos,
484 3513 534 3573 vel
546 3533 648 3572 omnes
659 3511 698 3571 ad
711 3510 795 3571 Chri·

96 3607 173 3659 stum
190 3601 391 3680 pertinentes,
415 3603 531 3678 gratiae
554 3619 627 3659 suae
643 3598 724 3659 dona
739 3598 794 3659 lar·

94 3688 175 3765 giter
194 3685 328 3747 effundit.
340 3686 495 3766 Siquidem
507 3685 603 3745 Adam
616 3706 670 3746 suo
683 3683 794 3745 delicto

93 3782 220 3833 mortem
244 3774 378 3843 inuexit,
406 3781 439 3832 et
465 3773 603 3833 Christus
628 3793 683 3851 per
708 3792 793 3832 suurn

93 3862 221 3939 gretiam
236 3858 333 3920 mrtlte
356 3869 388 3918 et
409 3880 518 3938 magna
541 3858 673 3937 Spiritus
697 3860 793 3919 suncti

93 3946 180 4020 donu,
197 3956 290 4025 utque
308 3948 402 4025 ipsum
418 3945 682 4020 immertalitutem,
698 3945 792 4005 homi·

93 4033 180 4094 nibus
196 4033 353 4107 conciliat3
369 4032 508 4110 adeoque
524 4034 591 4112 plus
607 4035 727 4113 gratiae
740 4052 791 4092 no-

90 4119 137 4180 bis
160 4123 305 4192 restituit,
328 4141 415 4200 quum
441 4121 470 4180 in
485 4119 580 4181 Adam
597 4119 792 4200 perdidimus,

90 4207 790 4286 videlicetjustitiscperseverantium,etvitam

90 4303 251 4354 aeternam.
276 4295 364 4354 Haec
384 4295 465 4352 enirn
489 4292 588 4353 Adam
603 4294 633 4354 in
649 4293 791 4372 paradiso

88 4400 148 4441 uon
164 4381 280 4441 habuit.

131 4467 245 4529 Rursus
262 4488 300 4529 ex
315 4466 371 4527 lroc
387 4467 453 4526 loco
469 4469 612 4526 statuitur
634 4472 790 4545 peccatum

88 4556 318 4636 propagationis
330 4563 434 4614 contra
447 4552 636 4633 Pelagianos.
653 4553 741 4623 Nam,
756 4560 790 4610 ut

89 4645 249 4703 annotavit
263 4643 462 4721 Augustinus,
488 4639 608 4718 phrasis
623 4640 791 4718 scripturae

90 4748 195 4791 acrae
210 4749 270 4790 non
284 4730 407 4810 patitur,
418 4735 453 4786 ut
463 4725 601 4787 dicamus
611 4725 710 4788 Adam
722 4744 791 4787 essa

857 732 888 793 id
905 731 1141 812 intelligendum,
1156 732 1209 793 sed
1225 732 1264 792 de
1278 729 1511 811 propagatione.

900 820 958 881 Sed
975 839 1111 901 quaeres,
1127 840 1179 879 cur
1194 819 1305 879 multos
1320 817 1433 877 dixerit
1448 817 1481 875 in
1495 814 1556 893 pri·

855 909 900 967 ori
916 916 1009 988 parte,
1025 926 1092 966 curu
1108 906 1209 968 dicere
1224 913 1328 986 posset
1341 921 1456 963 omnes.
1482 901 1554 962 Bas

856 994 991 1074 pendeo,
1013 993 1063 1054 vel
1087 992 1153 1054 ideo
1174 995 1248 1074 qnia
1271 992 1310 1053 dc
1333 989 1499 1070 praeterito
1513 987 1554 1049 lo·

856 1082 1013 1162 quebatur,
1029 1070 1193 1157 tritavos,
1208 1082 1329 1141 mortui
1337 1079 1495 1157 suerunt5
1505 1073 1556 1135 val

855 1171 958 1249 potins
972 1179 1007 1228 ut
1021 1167 1213 1229 contomnitas
1228 1174 1309 1228 asset
1332 1164 1444 1244 prioris
1463 1180 1555 1224 mem·

855 1257 900 1315 bri
927 1276 994 1316 curn
1022 1255 1197 1334 posteriora.
1222 1255 1280 1314 Sic
1302 1251 1380 1312 iutra
1406 1260 1554 1331 utrosque

854 1362 934 1403 nunc
950 1361 1052 1403 omnes
1068 1341 1157 1416 dicit,
1179 1360 1259 1401 nunc
1274 1339 1395 1400 multos.
1412 1336 1493 1397 Vide
1510 1334 1553 1395 ibi

853 1430 1105 1492 commentarium.

900 1521 949 1579 16.
963 1518 1007 1579 Et
1022 1534 1089 1577 non
1101 1519 1181 1576 sinn
1191 1533 1250 1592 per·
1260 1532 1364 1574 unum
1374 1517 1553 1590 peccatum,

853 1608 900 1665 ita
915 1612 945 1665 et
960 1606 1090 1666 donum.
1107 1602 1240 1664 Graece:
1260 1602 1303 1662 Et
1317 1617 1386 1662 non
1401 1600 1484 1659 sicut
1494 1615 1555 1673 per

852 1711 973 1767 unum,
989 1695 1044 1768 spui
1057 1693 1209 1767 peccavit,
1222 1690 1356 1761 donum,
1373 1705 1427 1746 sau
1445 1684 1552 1746 dona·

853 1783 906 1841 tio.
936 1778 1137 1839 Consentiunt
1165 1777 1275 1836 Latina
1297 1773 1451 1855 quaedam
1472 1789 1553 1845 mss,

851 1886 982 1929 necnon
998 1876 1101 1926 textus
1117 1864 1267 1926 Ambrosii
1288 1861 1474 1942 antiquioris
1489 1856 1553 1921 odi·

852 1956 960 2027 tionis,
991 1972 1070 2034 quae
1092 1972 1151 2012 non
1171 1957 1335 2029 peccatum
1357 1949 1483 2028 legunt,
1497 1942 1554 2007 sod

851 2050 1046 2119 peccantem,
1063 2051 1097 2100 ut
1112 2039 1277 2101 verisimile
1293 2039 1340 2111 sit,
1354 2037 1553 2116 interpretem

851 2130 989 2190 liutinum
1005 2129 1061 2189 hoc
1075 2127 1164 2188 modo
1180 2129 1316 2188 vertisse.
1342 2125 1402 2186 Est
1422 2126 1505 2187 enim
1520 2127 1553 2188 ἰιι

851 2215 969 2277 Graeco
995 2215 1190 2296 participium
1214 2213 1370 2296 praeteriti
1395 2215 1552 2295 temporis,

851 2323 912 2380 quo
940 2302 1041 2362 Latini
1067 2310 1179 2363 carent.
1210 2301 1399 2379 Augustinus
1426 2319 1551 2383 quoquo

849 2389 901 2449 lib.
924 2393 952 2449 1.
973 2388 1011 2450 de
1033 2389 1115 2468 bapt.
1137 2407 1223 2468 parv.
1247 2408 1312 2467 cap.
1339 2389 1389 2448 12.
1414 2396 1446 2449 et
1461 2390 1551 2468 epist

850 2476 899 2538 89.
916 2484 947 2534 et
961 2495 1079 2555 propos.
1097 2476 1147 2537 29.
1164 2474 1241 2553 legit
1256 2483 1451 2551 peccantem.
1474 2474 1551 2556 Qui·

847 2562 905 2622 bus
921 2561 995 2622 locis
1011 2563 1070 2622 etsi
1084 2562 1203 2622 varient
1216 2560 1422 2640 exemplaria,
1448 2573 1552 2625 umen

849 2651 939 2708 etiarn
961 2648 1042 2729 apud
1066 2647 1180 2707 Bedsm
1204 2650 1236 2709 in
1254 2646 1372 2710 collect
1388 2667 1428 2709 ex
1445 2651 1551 2730 Augu·

848 2736 917 2796 stini
935 2733 987 2794 lib.
1004 2734 1043 2795 do
1057 2734 1139 2813 bapt.
1162 2754 1247 2814 parv.
1267 2743 1456 2811 peccantem
1474 2734 1549 2813 logi·

847 2829 903 2882 tur.
920 2822 990 2902 lpse
1006 2841 1077 2882 vero
1092 2819 1178 2880 Beda
1192 2829 1308 2881 textum
1319 2820 1462 2901 Apostoli
1473 2822 1550 2884 rste

847 2929 917 2969 reus
932 2927 1013 2969 nnnc
1031 2914 1228 2985 peccatorem
1235 2953 1246 2982 ,
1267 2927 1349 2968 nuuc
1361 2916 1551 2986 peccantem

848 2993 930 3074 legit.

889 3080 984 3141 Porro
1000 3081 1095 3160 Syrus
1110 3076 1231 3157 quidem
1253 3078 1311 3140 hoc
1333 3078 1422 3141 modo
1437 3081 1550 3144 vertit:

846 3170 890 3230 Et
901 3186 969 3229 non
981 3170 1060 3227 sicut
1072 3167 1222 3226 delictum
1233 3170 1341 3242 unius,
1354 3167 1548 3241 itadonum.

845 3255 905 3316 Sed
922 3253 953 3313 id
975 3252 1049 3314 tecit
1070 3262 1102 3312 ut
1124 3252 1348 3331 paraphrastes.
1372 3253 1432 3314 Est
1454 3255 1549 3335 igitur

846 3339 1039 3419 imperfectus
1055 3358 1153 3399 senno
1160 3383 1171 3414 ,
1197 3340 1328 3400 maximo
1343 3348 1378 3399 ut
1393 3338 1515 3402 Graeca
1528 3360 1548 3401 s

844 3426 942 3487 Paulo
958 3428 1098 3505 scriptus,
1114 3443 1205 3504 quern
1221 3426 1279 3486 hoc
1293 3426 1384 3487 modo
1399 3427 1547 3507 supplere

844 3523 875 3574 et
889 3532 1041 3592 exponere
1052 3513 1155 3572 liceat:
1171 3512 1281 3591 Neque
1294 3515 1383 3586 euim,
1398 3514 1482 3573 sicut
1492 3533 1547 3593 pst

842 3619 934 3660 unum
951 3599 1113 3671 hominem,
1129 3599 1183 3676 qui
1197 3600 1348 3676 peccarit,
1363 3619 1446 3659 mors
1462 3600 1547 3661 vonit

844 3688 875 3745 in
886 3684 1038 3757 mundum,
1054 3685 1099 3745 its
1114 3693 1145 3744 ct
1157 3683 1267 3744 donum
1281 3684 1396 3745 Christi
1411 3705 1483 3746 seso
1493 3687 1545 3748 ba·

842 3773 909 3847 bet3
931 3792 967 3832 ac
993 3774 1018 3832 si
1034 3770 1132 3831 dicut:
1156 3770 1226 3830 Non
1242 3771 1317 3831 sicut
1333 3791 1371 3832 ex
1386 3773 1478 3832 unius
1493 3773 1544 3832 ho·

842 3861 928 3920 minis
943 3878 1004 3918 uua
1020 3860 1257 3937 transgressione
1271 3878 1352 3917 mors
1367 3859 1546 3920 introducta

842 3955 895 4017 est,
913 3948 954 4005 ita
969 3944 1083 4006 Christi
1095 3946 1193 4022 gratia
1209 3944 1246 4004 ab
1263 3964 1322 4005 uno
1339 3955 1457 4005 tantum
1473 3966 1544 4026 pac·

841 4043 917 4103 ceto,
933 4033 1063 4111 ejusque
1075 4051 1174 4110 poena
1185 4031 1301 4091 liberat.
1314 4032 1408 4093 llunc
1418 4051 1544 4094 sonsum

841 4118 997 4181 declarent
1012 4118 1104 4178 verlia
1118 4120 1290 4198 sequeutia:

883 4208 967 4267 lt’um
977 4206 1137 4280 judicium
1149 4206 1277 4281 quidem
1289 4224 1328 4265 ea
1337 4224 1407 4267 uno
1418 4208 1456 4266 in
1467 4223 1541 4267 con·

840 4293 1096 4365 demnutionem,
1119 4295 1227 4367 pratia
1249 4299 1356 4352 autem
1378 4311 1417 4355 eu·
1431 4292 1544 4353 multis

839 4380 959 4440 delictis
974 4382 1009 4439 in
1020 4377 1290 4453 justificationem.
1301 4377 1336 4438 In
1353 4377 1473 4440 Graeco
1487 4398 1540 4440 vn·

839 4486 906 4525 cum
922 4466 1032 4528 allusio
1045 4475 1099 4536 est,
1114 4459 1218 4541 κρίμα,
1242 4456 1436 4543 κατάκριμα,
1461 4485 1542 4548 quas

838 4553 947 4613 Latine
962 4551 1049 4613 seddi
1072 4572 1132 4612 non
1155 4560 1264 4632 potest.
1287 4550 1386 4623 Illud,
1407 4571 1447 4615 ec
1460 4572 1539 4629 uno,

838 4639 890 4699 rel
907 4639 1057 4719 intell'ge,
1073 4637 1202 4708 delicto,
1218 4647 1252 4698 ut
1266 4639 1334 4699 rnlt
1348 4640 1541 4719 Augustinus

841 4744 886 4801 ao,
902 4725 985 4806 quod
996 4735 1151 4807 sequatur,
1165 4744 1204 4788 ec
1213 4726 1324 4787 multis
1333 4727 1458 4789 delictis
1460 4752 1476 4807 ,-
1489 4726 1542 4791 rel
