3254 5190
403 278 571 337 srnrouas
589 283 608 337 1.
625 284 665 337 ao
684 279 870 338 coarsuros.
888 280 972 336 vans.
992 284 1033 337 uo.
1051 282 1093 337 ιι.
1398 285 1469 360 tel

69 466 169 529 astos,
184 448 292 536 iuquit,
306 456 471 517 domitas
482 464 617 534 propter
625 459 722 534 pari-
773 448 873 518 autad
884 474 1008 535 regnum
1021 459 1171 519 coelorum
1182 452 1366 539 promoveat
1389 452 1472 538 Quin

69 558 135 616 ern,
166 541 350 603 dehetabile
374 548 508 620 propter
532 544 720 620 libertatem,
773 546 829 605 etsi
844 544 881 605 de
896 545 1079 605 necessitate
1094 544 1170 604 nihil
1185 547 1368 624 impediente
1383 547 1469 626 epiri—

69 628 98 687 ls
116 635 255 705 propter
281 630 470 691 macedan:
491 633 570 706 quia
590 632 721 692 debetur
772 632 853 692 tuale
866 631 978 691 bonnm
991 645 1129 711 ageretur
1141 632 1172 690 in
1184 631 1471 693 investiet-tamen

69 714 399 776 sewun-antennor.
771 736 830 779 non
845 718 919 777 haec
934 718 998 779 sols
1014 736 1103 778 causa
1124 717 1233 777 fuisset
1246 718 1393 797 Apostolo
1409 720 1469 777 vir·

69 800 719 882 instantemseupraesentemneoeseitatem
769 804 904 882 ginitstis
938 796 1079 882 conjugio
1117 804 1342 882 praeferendae.
1370 797 1470 864 *Nam

69 885 157 946 mulli
179 887 413 966 interpretentur
434 891 642 950 necessitatem
657 908 718 950 mo·
769 889 860 968 paulo
882 896 952 968 post
974 888 1086 950 diserte
1110 889 1193 949 illam
1207 910 1252 950 ex
1272 911 1309 951 eo
1330 888 1468 970 praefert,

69 969 121 1032 nit
145 971 314 1053 Quod-non
324 970 432 1052 placet.
469 974 531 1034 Alii
547 977 718 1055 ingruentes
768 974 849 1056 quod
875 977 1019 1053 aptiorem
1042 976 1149 1037 reddat
1176 976 1325 1036 hominem
1348 976 1387 1036 ad
1407 996 1468 1036 serv

69 1059 718 1144 mtouoe,quasfsei11natorunt,atque
767 1061 907 1123 siendum
926 1064 1001 1123 Deo.
1131 1056 1134 1061 ’

69 1143 190 1206 editius
205 1143 339 1224 tugiunt,
355 1149 408 1227 qui
422 1150 581 1229 conjugem
597 1157 627 1207 et
642 1149 717 1209 libo·
783 1160 786 1165 '
810 1150 971 1228 Quoniam
987 1150 1104 1209 domam
1127 1157 1173 1209 est
1192 1148 1314 1207 homini
1336 1155 1380 1209 ste
1395 1167 1465 1209 esee.

75 1250 142 1293 soa
157 1230 285 1304 habent,
308 1233 471 1293 secundum
491 1234 565 1296 illud
580 1234 714 1295 ealvan-
767 1235 927 1312 ῼιιοιιίοιιι
942 1237 1132 1319 exegeticon
1147 1242 1203 1295 est.
1225 1232 1370 1294 Desierat
1387 1230 1466 1294 enim

69 1330 73 1345 ¹
98 1318 434 1395 suprapraestans
456 1327 485 1380 et
500 1320 716 1383 adimentibus
765 1319 848 1400 qnod
863 1319 995 1392 dixerat,
1010 1323 1067 1381 hoe
1082 1320 1200 1381 bosnam
1216 1338 1298 1396 esae;
1315 1328 1346 1380 et
1361 1320 1467 1381 dicans

69 1404 129 1465 tte
145 1402 272 1480 diebu,
296 1405 402 1466 Maon,
423 1410 473 1467 at.
511 1408 626 1467 Verum
642 1408 714 1487 quia
764 1409 901 1482 dosuisti,
930 1404 1087 1468 consillum
1114 1424 1200 1467 suum
1222 1408 1295 1466 iisoit
1309 1414 1474 1466 commune

70 1490 165 1552 stalis
179 1503 226 1550 est
239 1491 378 1572 Apostoli
390 1490 541 1566 doctriua,
560 1495 715 1572 pertinens
764 1494 884 1573 utrique
899 1496 1001 1554 sexui:
1028 1515 1067 1555 ne
1081 1495 1149 1572 quie
1164 1493 1203 1553 ad
1220 1492 1300 1552 solas
1314 1493 1463 1553 loeminas

69 1596 103 1636 un
119 1575 161 1637 ad
175 1584 312 1656 tempora
323 1576 600 1657 ecclesiaepaoata:
614 1581 713 1659 magis
762 1581 896 1660 virgines
911 1577 1030 1641 referat
1061 1576 1171 1661 Itaque
1186 1598 1294 1640 sensns
1310 1591 1370 1640 eat:
1393 1580 1464 1638 Hoc

69 1663 105 1725 bo
132 1665 308 1743 gerentem
334 1662 593 1738 commentarium,
624 1684 713 1744 quem
763 1665 844 1746 quod
859 1665 927 1727 dieo
949 1667 1061 1727 bonum
1082 1685 1150 1727 esse
1172 1667 1286 1727 homini
1309 1675 1370 1725 tam
1387 1666 1462 1725 mari

82 1746 229 1810 adierunt
247 1748 390 1831 plerique
413 1758 475 1810 tam
495 1751 603 1812 &aeci
620 1770 713 1831 quam
763 1772 853 1832 quam
874 1753 1040 1825 foeminae,
1066 1761 1114 1814 ast
1137 1756 1180 1812 aie
1207 1772 1286 1827 esse,
1316 1754 1396 1824 slve,
1427 1759 1461 1811 ut

69 1836 125 1908 ini,
149 1855 205 1916 per
220 1838 382 1899 instantem
397 1840 610 1900 nenessitatem
625 1838 712 1901 intel·
762 1858 854 1919 supra
880 1838 968 1911 dixit,
999 1841 1044 1899 sic
1067 1858 1260 1918 pennanere,
1286 1838 1402 1898 seilicet
1429 1849 1462 1895 nt

69 1931 145 1984 estes
158 1922 248 2001 hujus
264 1925 378 1985 saeculi
391 1925 588 1985 molestiaset
603 1926 711 1985 ineam·
762 1927 921 1996 ennesius
936 1924 1092 2003 conjugio,
1111 1927 1141 1984 in
1164 1926 1342 2005 virginitate.
1380 1924 1460 1984 Nam

69 2008 114 2082 le,
141 2026 222 2090 quae
243 2011 379 2089 piurima·
395 2028 497 2071 seeum
512 2012 604 2072 trahit
619 2020 713 2071 status
762 2011 799 2072 de
815 2012 985 2092 virginibus
999 2030 1172 2071 sermonem
1186 2010 1333 2090 suscepit,
1348 2011 1379 2069 in
1394 2011 1460 2089 qui·

69 2094 199 2176 iugalis:
220 2112 297 2177 quaa
317 2097 409 2176 paulo
428 2095 502 2176 vpost
515 2098 576 2157 alio
591 2101 713 2159 ιιοιιιὶιιθ
761 2098 816 2158 bus
831 2099 1038 2161 tamen.etiam
1053 2098 1129 2159 alios
1153 2098 1301 2169 coelibes,
1329 2099 1386 2157 etsi
1399 2116 1460 2158 nou

69 2180 220 2243 ulationea
251 2185 349 2243 caruis
375 2184 539 2263 Apostolus
567 2184 711 2266 appellet
761 2186 912 2263 virgines,
928 2183 1162 2264 comprehendit

69 2268 99 2330 le
125 2270 281 2348 conjugati
301 2278 512 2350 comparantur
532 2271 712 2331 molentibus
803 2272 854 2330 at.
877 2272 1036 2347 Allipotas
1048 2272 1205 2330 aaron?
1221 2270 1459 2345 Notiquosrere

69 2355 163 2427 mola,
190 2356 296 2416 Matth.
313 2359 362 2419 at.
397 2355 498 2441 Quum
524 2376 596 2437 ergo
621 2357 710 2418 dicit:
759 2359 957 2419 solutionem.
996 2357 1042 2416 Ae
1066 2356 1203 2417 sidicat:
1234 2376 1293 2416 non
1314 2354 1357 2413 ita
1380 2373 1458 2414 oom-

69 2450 143 2520 ptes·
156 2446 329 2505 insinuatam
341 2449 565 2517 accentuum,
582 2443 710 2504 subaudi
758 2443 866 2507 mendo
887 2444 1091 2523 virginitatem
1112 2453 1144 2503 et
1161 2441 1375 2504 abstinentiam
1389 2461 1460 2501 eon-

69 2529 184 2591 andam
214 2548 267 2590 seu
296 2530 520 2592 declinandam:
558 2530 710 2611 quomodo
755 2532 853 2610 jogli,
876 2528 908 2592 u't
930 2550 998 2605 eos,
1023 2532 1074 2609 qui
1096 2530 1228 2590 vinculis
1244 2526 1456 2606 conjugalibus

69 2636 101 2677 ra
127 2635 217 2676 versu
245 2622 272 2677 2.
297 2625 432 2694 propter
458 2620 712 2695 fornicationem
758 2618 872 2679 astricti
888 2627 971 2689 sunt,
986 2617 1127 2677 adhortor
1142 2637 1178 2678 ac
1193 2614 1341 2677 solicitem
1356 2614 1395 2674 ad
1412 2614 1456 2673 di-

69 2700 174 2763 ndam.
191 2704 284 2782 Atqui
297 2704 468 2764 conaiderat
478 2705 644 2784 Apostolus
656 2705 709 2763 hu·
758 2706 888 2766 sortium
914 2711 945 2764 et
969 2704 1197 2783 separationem.
1235 2700 1315 2761 Nam
1341 2699 1456 2778 pridem

69 2788 139 2850 nodi
162 2791 372 2850 necessitatem
396 2799 430 2850 ut
457 2791 710 2873 impedimentum,
758 2792 899 2853 hortabar
912 2807 1157 2869 unumquemque
1171 2789 1213 2849 ad
1228 2785 1408 2847 menendum
1424 2790 1457 2848 in

82 2878 182 2937 minus
197 2876 267 2955 quia
289 2878 396 2938 libere*
408 2887 439 2937 et
458 2877 600 2957 expedite
615 2879 711 2957 possit
757 2898 816 2959 qno
824 2886 950 2938 vocatus
959 2884 1012 2936 est.
1038 2874 1189 2956 Loquitur
1198 2873 1365 2953 Apostolus
1377 2872 1455 2933 haud

69 2964 217 3024 sarrire.
253 2962 344 3023 Talia
359 2983 488 3042 namquo
503 2964 568 3024 iere
583 2973 653 3025 sunt
666 2965 709 3023 in·
757 2965 848 3024 dubie
862 2963 901 3023 de
915 2962 1036 3024 vinculo
1053 2963 1234 3025 matrimonii
1249 2962 1455 3019 consummati.

69 3048 167 3110 moda
183 3058 279 3108 status
295 3050 471 3130 conjugalis.
494 3052 535 3111 Et
549 3051 607 3111 hoo
619 3049 708 3111 modo
757 3051 817 3112 Sed
833 3052 890 3110 etsi
906 3068 1074 3110 sermonem
1096 3050 1162 3126 ejus
1184 3047 1223 3107 ad
1238 3051 1454 3107 inconsumma-

69 3139 221 3199 sseitatem
246 3136 334 3197 iatam
360 3157 379 3197 a
404 3138 500 3197 Paulo
524 3136 710 3197 considerari
757 3149 820 3199 tum
832 3138 1048 3197 matrimonium
1056 3133 1221 3209 extendas,
1235 3155 1297 3194 non
1306 3135 1375 3192 hine
1386 3152 1455 3193 con·

69 3233 97 3285 st
112 3244 151 3284 ac
165 3222 276 3302 probat
290 3226 475 3303 Augustinus
487 3224 537 3284 lib.
552 3223 592 3282 da
607 3231 710 3283 sancta
758 3244 887 3306 sequens
899 3225 962 3296 erit,
975 3241 1027 3282 eos
1039 3221 1194 3283 adversari
1201 3227 1365 3300 praecepto
1376 3219 1455 3279 Pau·

69 3312 142 3384 ¹iuuit.
157 3330 225 3390 cap.
244 3312 293 3370 le.
310 3321 340 3370 et
354 3313 401 3370 14.
417 3312 641 3371 Probatautem
653 3310 710 3369 hac
759 3313 832 3384 lino,
849 3312 902 3389 qni
917 3310 1028 3369 docent
1037 3309 1266 3369 inconsummati
1277 3307 1457 3367 matrimonii

69 3399 181 3458 tissima
194 3399 327 3459 ratione:
344 3397 537 3476 quiaPaulus
552 3397 626 3456 baec
641 3398 710 3458 scri·
759 3398 911 3461 vinculum
930 3416 985 3477 per
1008 3397 1177 3475 ingressum
1201 3394 1354 3472 religionis
1380 3392 1458 3453 solvi

73 3485 254 3562 procidens
266 3493 296 3545 et
313 3485 481 3545 consulens
495 3487 531 3545 in
543 3485 712 3560 faturum:
759 3503 864 3568 posse:
879 3492 1024 3563 reeteque
1038 3502 1092 3543 eos
1106 3481 1216 3554 iacere,
1233 3481 1286 3561 qui
1303 3480 1340 3539 ab
1356 3481 1457 3560 hujus·

69 3590 81 3631 s
98 3573 205 3632 mnne
221 3576 287 3645 eina
297 3570 494 3648 dispensatio
509 3589 576 3631 non
591 3574 654 3632 nisi
668 3572 712 3630 ad
760 3571 841 3634 modi
851 3571 1041 3631 matrimonio
1054 3567 1094 3629 a'd
1105 3569 1281 3647 religionem
1293 3575 1457 3627 transeunt

69 3676 112 3718 ιιιι
127 3666 295 3719 emmam
305 3665 403 3719 vocet
426 3657 563 3718 Eandem
574 3678 636 3717 rem
648 3658 713 3738 pul·
761 3661 831 3720 Nou
847 3658 928 3718 euim
943 3656 988 3716 his
1003 3654 1103 3716 verbis
1124 3654 1263 3735 probibet
1286 3654 1459 3732 Apostolus,

80 3744 221 3824 explicat
241 3746 367 3806 Hieron.
392 3748 422 3805 in
444 3744 496 3804 lib.
516 3740 555 3804 de
577 3743 715 3805 custodia
762 3746 882 3825 nequis
905 3744 1084 3803 solutionem
1107 3749 1247 3822 quaerat,
1270 3742 1336 3800 sive
1357 3738 1461 3818 quoad

69 3833 120 3910 fin.
144 3831 184 3891 ad
205 3833 352 3893 Eustoch.
375 3852 439 3911 cap.
461 3835 490 3892 t.
514 3841 546 3891 et
567 3831 714 3891 adversos
761 3831 928 3903 vinculum,
951 3831 1018 3890 sire
1040 3828 1140 3909 quoad
1159 3837 1270 3898 torum,
1294 3824 1460 3905 quandoid

69 3917 141 3979 tvtd.
156 3938 223 4000 cap.
241 3921 289 3980 10.
762 3918 898 3997 legitima
912 3918 1028 3977 ratione
1042 3916 1107 3975 lieri
1122 3923 1239 3994 posset:
1262 3912 1314 3971 sed
1337 3931 1462 3990 genera·

69 4006 150 4066 iatet
163 4006 269 4084 igitar,
292 4026 382 4087 quum
407 4005 481 4064 nihil
504 4003 555 4064 hic
568 4004 653 4064 locus
667 4002 713 4063 ia·
763 4007 824 4064 lem
839 4002 1077 4063 adhortationem
1090 4001 1258 4072 solutionis,
1271 3999 1361 4059 etiam
1377 3999 1462 4058 licito

69 4100 83 4154 t
110 4093 276 4155 Joviniano
303 4103 335 4153 et
359 4093 447 4152 novis
477 4091 567 4169 hujus
597 4092 714 4150 saeculi
762 4088 851 4152 modo
866 4088 1031 4160 faciendae,
1047 4108 1066 4147 a
1079 4095 1264 4159 seremovet,
1277 4087 1374 4146 sciens
1390 4086 1464 4164 quia

69 4180 245 4252 domuistis,
266 4182 318 4261 qui
341 4178 470 4239 mirabili
486 4178 657 4255 insipientia
678 4197 716 4236 ac
762 4197 823 4238 non
838 4194 940 4236 omnes
954 4175 1078 4254 capiunt
1090 4176 1216 4235 verbum
1230 4174 1296 4234 hoe.

69 4267 183 4328 nutus
203 4269 340 4327 vanitate
363 4264 421 4340 (sic
443 4267 522 4323 enim
542 4263 713 4323 dotalibus
806 4263 980 4325 solutares
1005 4261 1045 4321 ob
1066 4263 1192 4322 auore?
1222 4261 1296 4321 Noli
1311 4276 1464 4335 quaerere

69 4362 260 4416 »memorato
283 4355 417 4434 loquitur
431 4347 635 4430 Augustinus)
655 4351 716 4409 vir·
763 4368 906 4412 acorem.
945 4348 1084 4410 Solutum
1106 4348 1144 4408 ab
1159 4367 1254 4408 uxore
1274 4346 1465 4425 intelligitli·

69 4443 174 4503 itatem
190 4440 229 4500 ob
243 4439 274 4500 id
297 4441 393 4500 solnm
417 4437 573 4497 colendam
595 4444 627 4497 et
646 4456 715 4496 con·
765 4439 871 4498 berum
887 4456 907 4495 a
922 4435 1069 4514 conjugio,
1085 4436 1151 4495 eive
1166 4454 1289 4494 uxorem
1304 4432 1467 4514 aliquando

69 4528 100 4589 io
127 4528 369 4605 anteponendam
392 4524 533 4597 censent,
561 4521 643 4602 quod
663 4522 716 4583 ho·
766 4524 913 4593 habuerit,
930 4525 997 4582 aive
1011 4542 1081 4603 nen.
1106 4521 1185 4581 Nam
1200 4528 1231 4581 et
1247 4520 1300 4600 qui
1312 4539 1467 4598 nunquam

69 4632 128 4675 rem
142 4613 254 4674 liberet
276 4635 294 4674 a
316 4614 419 4673 multis
441 4613 532 4689 hujus
551 4613 633 4670 vitae
655 4629 716 4670 mo·
751 4609 944 4683 'habuerunt
956 4609 1050 4688 vulgo
1063 4608 1155 4668 soloti
1166 4607 1312 4668 dieucum
1336 4606 1403 4666 Neo
1416 4609 1468 4667 ob·

69 4695 719 4783 iisznouqcodhomiuemDeooommendet,
767 4706 826 4760 stat
839 4696 963 4759 verbum
982 4695 1142 4779 praeteriti
1161 4694 1305 4776 temporis
1327 4684 1465 4769 λέλυσαι,
