3254 5190
311 290 508 346 merosus
525 291 567 347 so
583 291 771 347 ιοιιιιιιιιυι.
811 290 895 345 rme
913 291 1034 345 ιιι-ιι.
1336 300 1412 369 400

73 465 232 528 rel-smsnt
244 466 421 531 inordinate
442 468 512 529 Non
530 468 667 530 dissimili
713 467 795 529 hond
810 465 1040 548 segredlssslvi
1055 482 1155 547 posse.
1177 465 1307 528 Fatetur
1322 469 1412 531 eu'um

79 553 198 615 Psulus
220 555 293 615 alibi
306 556 337 615 in
355 557 428 615 vitio
444 559 529 634 ponit
542 557 665 617 homiui-
714 557 779 636 ipse
802 554 1004 633 Hieronymus
1031 555 1062 613 in
1085 553 1244 632 apologis,
1266 554 1413 634 quoedsm

73 659 182 714 meere,
204 646 239 700 ut
260 640 329 701 Gal.
347 646 374 701 1.
390 661 470 701 vers.
489 645 537 701 10.
554 641 619 702 Gol
636 644 665 701 3.
714 642 961 723 prudentissimos
988 642 1168 720 interpretes
1197 641 1413 720 scripturorum

73 727 484 788 remuneraturi.
714 729 818 801 aliter,
844 730 903 788 hoe
928 736 976 789 est
1001 726 1179 807 simpliciter
1204 744 1241 785 uo
1265 729 1331 790 sine
1351 748 1411 789 me·

84 823 201 893 purtem
223 814 301 874 hene
323 813 362 874 ed
383 814 464 873 solos
488 814 599 874 liberos
621 832 665 873 re·
713 815 840 895 tephore
865 815 945 874 huno
972 813 1070 874 looum
1096 811 1282 891 exposuisse.
1321 814 1412 894 Quod

73 945 81 974 ,
105 900 151 960 its
165 909 337 980 exponunt:
359 901 408 961 Ne
426 900 598 961 libertatem
613 918 664 960 ve·
714 910 814 962 sutem
825 902 908 961 idem
914 902 1121 980 Hieronymus
1135 900 1227 959 etiem
1236 900 1290 960 ills
1301 902 1412 962 verbe:

73 989 262 1047 eommutetis
276 988 308 1047 in
320 989 501 1059 servitutem,
521 996 664 1066 qnantum
714 989 918 1049 Otroumstst'o
945 988 1029 1047 nihil
1058 993 1119 1060 est,
1150 993 1180 1044 et
1203 990 1412 1063 praeputium

73 1075 172 1133 slieri
185 1082 302 1153 potest:
324 1072 379 1133 sed
400 1083 522 1134 menete
539 1074 664 1134 inbono
712 1075 795 1135 otltil
817 1081 875 1148 est,
901 1072 942 1132 ud
962 1074 1166 1152 virginitatem
1186 1080 1217 1131 et
1237 1075 1412 1154 eonjugium

73 1160 132 1232 tis,
162 1160 245 1239 quod
271 1159 397 1220 hebetis.
433 1159 548 1220 Verum
569 1161 666 1239 magis
712 1159 863 1241 sppliout:
878 1180 917 1220 ne
932 1178 1023 1239 quem
1038 1158 1180 1232 offendet,
1194 1166 1337 1239 tanuem
1351 1163 1411 1223 vir·

73 1245 152 1320 »ted
162 1265 264 1307 omues
275 1245 378 1306 fideles
390 1245 578 1306 referendum
589 1264 665 1319 esse,
712 1248 835 1327 ginitsti
844 1247 982 1307 meritum
995 1245 1141 1318 detrahet,
1156 1254 1212 1306 sut
1222 1266 1289 1307 eum
1300 1256 1412 1329 nequet

73 1332 109 1392 sd
139 1352 241 1393 omnes
269 1335 401 1414 pertinet
429 1332 523 1393 illud:
557 1335 665 1393 Pretio
714 1335 870 1414 oonjupin,
892 1341 998 1393 uentre
1019 1351 1104 1393 suum
1119 1333 1153 1392 in
1168 1332 1222 1392 illo
1237 1353 1331 1412 opere
1345 1355 1410 1396 roo·

77 1423 159 1480 ertit
181 1421 284 1500 Atque
298 1440 336 1481 es
352 1428 399 1480 est
412 1437 555 1499 expresse
568 1417 665 1499 Olny·
712 1441 784 1502 pum
798 1421 1025 1480 etinstitutum:
1041 1418 1146 1479 sudist
1160 1419 1410 1500 quemsdmodum

73 1506 135 1567 iet
149 1508 324 1586 sequacium
339 1508 405 1584 ejus
421 1507 579 1567 sententie
601 1508 666 1567 ileu
713 1510 778 1588 ipse
798 1525 831 1567 se
851 1506 997 1568 deeluret.
1031 1503 1152 1567 eddius
1174 1508 1254 1567 enim
1270 1509 1411 1587 Apostoli

73 1612 133 1672 pus
147 1602 213 1653 erst
227 1593 338 1655 liberos
352 1593 464 1653 horteri
483 1593 522 1652 nd
536 1594 664 1654 retinen·
712 1594 828 1654 verbis:
844 1593 1320 1655 sesoossroattomoodotorum
1328 1598 1410 1674 Deip

74 1679 241 1753 berutem,
267 1691 306 1740 ut
325 1698 383 1740 neo
407 1699 512 1741 servor
533 1674 576 1739 sd
600 1700 665 1740 sem
712 1683 757 1741 ite
768 1680 942 1760 subjungit:
956 1679 1046 1741 Nihil
1056 1684 1143 1740 enim
1151 1681 1284 1757 prodest
1295 1683 1410 1760 absque

73 1766 210 1827 tendum:
241 1785 334 1848 quum
360 1767 483 1827 libertes
510 1767 602 1826 iniis
627 1768 666 1826 sit
713 1767 880 1844 operibus,
908 1766 1082 1828 caelibatus
1105 1774 1135 1827 st
1158 1771 1312 1844 nuptiae:
1341 1789 1412 1830 essm

77 1872 167 1933 quse
181 1856 360 1916 ustursliter
373 1855 412 1914 eb
424 1853 559 1914 omnibus
575 1872 665 1935 eppe·
713 1860 808 1915 ettam
820 1854 908 1930 tides,
920 1872 1001 1932 quoe
1010 1856 1143 1930 proprie
1154 1855 1413 1919 demissiores

73 1984 78 2000 .
714 1950 775 2016 est,
791 1944 817 2000 ιι·
833 1959 932 2018 opero
945 1958 1013 2002 noo
1028 1940 1190 2016 lehnert,
1206 1951 1335 2005 mortue
1350 1962 1414 2005 esse

73 2047 107 2099 o,
120 2026 223 2103 leetor,
238 2035 334 2091 totum
349 2029 429 2088 hune
442 2027 580 2108 Apostoli
595 2045 664 2085 eon·
713 2030 849 2089 dioator.
872 2028 958 2088 Haeo
973 2027 1035 2087 ille.

73 2114 137 2173 reb
153 2133 191 2173 eo
213 2115 295 2176 loeo:
319 2116 528 2176 &retrusisse
549 2113 666 2190 aliquis
757 2117 809 2176 se.
838 2116 1059 2192 Unusquisque
1080 2116 1117 2174 iss
1131 2132 1194 2190 quo
1209 2123 1342 2177 vocotus
1357 2123 1412 2191 est,

73 2218 101 2261 ss
114 2208 177 2275 est,
194 2222 213 2261 s
228 2202 263 2261 B.
278 2202 465 2281 Hieronymo
477 2203 568 2281 longe
580 2201 666 2260 slitsr
713 2205 833 2280 fratres
840 2246 851 2276 ,
866 2204 903 2264 in
917 2203 975 2262 loe
986 2209 1179 2276 pensasset
1192 2204 1284 2278 opud
1298 2205 1413 2265 Deum.

73 2291 88 2348 i.
118 2288 194 2347 Vult
208 2290 288 2350 enim
302 2288 507 2369 perebolioum
521 2307 590 2348 esse
604 2306 665 2347 ser·
715 2289 752 2348 Iu
767 2289 868 2349 multis
885 2287 1038 2348 eodioibus
1051 2296 1115 2347 eret
1128 2290 1249 2365 frater,
1265 2310 1326 2351 non
1339 2292 1414 2367 fro·

73 2396 99 2448 ι,
124 2394 185 2455 quo
205 2375 262 2436 sub
285 2375 437 2456 parabolis
456 2375 622 2437 eircumoisi
637 2380 667 2432 et
716 2383 787 2435 tres.
810 2374 872 2435 Sed
885 2394 991 2434 verum
1006 2372 1173 2448 lectionem,
1189 2375 1220 2435 id
1235 2384 1283 2438 est
1294 2379 1415 2454 fratres

73 2463 165 2534 nisti,
180 2462 267 2523 liberi
282 2471 313 2522 et
327 2466 421 2536 servi,
436 2461 571 2523 disseret
585 2461 665 2540 Apo·
716 2461 847 2522 voeeudi
862 2480 944 2535 essu,
957 2461 1129 2521 restitutam
1138 2461 1284 2522 habemus
1295 2483 1335 2524 ex
1351 2464 1412 2527 edi·

73 2547 114 2608 de
137 2549 288 2609 ooelibetu
313 2557 345 2610 et
366 2551 525 2628 eonjugio,
548 2546 668 2607 dooere
716 2549 798 2609 tione
812 2549 966 2620 Hemone,
987 2546 1175 2626 suffragante
1196 2557 1281 2610 textu
1297 2548 1415 2613 Gneoo

73 2634 210 2715 guomodo
239 2644 300 2695 tem
331 2636 479 2710 eoelibes,
514 2654 591 2717 quos
616 2654 669 2715 per
716 2645 749 2698 et
763 2634 973 2716 Syriseo,·nes
986 2633 1180 2695 non-Latinis
1194 2637 1414 2716 expositoribus

73 2722 176 2782 ieisum
206 2731 237 2782 et
250 2722 393 2782 -libernm
423 2731 512 2802 putet
543 2722 668 2782 Hieron.
716 2721 817 2784 Ambr.
834 2722 1031 2793 etPrimssio‚
1045 2720 1157 2801 quibus
1172 2721 1311 2783 omnibus
1324 2725 1416 2785 etiem

73 2811 148 2881 euri,
178 2827 267 2887 quem
294 2810 487 2889 conjugatos,
516 2827 593 2889 qnos
615 2822 670 2890 ps'r
714 2810 828 2889 legitur
841 2816 983 2883 monem,
1003 2828 1064 2868 non
1076 2816 1284 2885 penname-
1298 2813 1417 2872 tmetsi

73 2897 193 2954 rtistum
211 2903 243 2955 et
265 2914 403 2968 servum,
426 2914 603 2976 permanere
617 2897 668 2957 de·
716 2896 863 2957 funium
877 2905 923 2957 est
936 2897 1095 2976 interpreti
1105 2897 1416 2976 uestrouompositum

91 2982 139 3041 illi
155 2983 187 3040 in
203 2981 366 3053 eoelibetu‚
382 2984 414 3043 hi
429 2985 459 3043 in
474 2983 669 3056 matrimonio,
714 3000 907 3061 peruenere
921 2981 989 3043 loeo
1003 2982 1149 3063 simplicis
1166 3001 1319 3063 umrpsre.
1357 2985 1415 3044 Re·

73 3068 669 3148 osdeprehendissetllhristibsptisms3
717 3071 791 3150 petit
806 3068 969 3149 Apostolus
986 3070 1051 3148 jem
1074 3070 1164 3130 tertio
1184 3088 1269 3129 suem
1282 3071 1417 3150 proposi·

73 3154 133 3215 lum
148 3155 239 3229 illud,
263 3156 344 3234 quod
359 3158 496 3236 proxime
510 3157 669 3235 praemise-
717 3158 844 3229 tionem,
869 3155 1062 3229 concludens,
1075 3157 1238 3236 unicuique
1256 3156 1289 3215 in
1303 3155 1417 3230 ordine,

73 3260 156 3301 tens:
177 3244 438 3319 Unumquemque
450 3245 530 3302 sisse
544 3244 670 3302 vocavit
719 3250 817 3316 stetu,
839 3242 1031 3314 conditione,
1055 3260 1118 3323 qus
1139 3243 1179 3302 sd
1200 3242 1291 3303 fidem
1305 3241 1417 3305 Christi

96 3329 145 3387 itu
168 3329 316 3388 ambulet.
354 3329 441 3389 Heeo
460 3328 550 3389 docet
573 3328 624 3388 lib.
641 3333 669 3388 1.
718 3337 841 3390 vooetus
863 3336 923 3402 est,
947 3328 1131 3389 menendum
1155 3347 1240 3405 esse;
1265 3349 1371 3391 verum
1386 3330 1418 3390 id

73 3432 119 3474 ius
135 3415 241 3475 Jovln.
256 3434 321 3495 usp.
339 3418 366 3475 6.
383 3435 419 3474 uc
429 3417 538 3495 repetit
550 3417 580 3474 iu
591 3416 671 3495 Apo·
718 3416 804 3476 selvo
818 3414 878 3475 lide
893 3422 925 3474 et
941 3416 1094 3495 obsequio,
1109 3414 1189 3496 quod
1200 3416 1267 3476 Deo
1283 3413 1417 3476 debetur.

78 3501 119 3562 ed
145 3502 315 3561 Pummnoh.
342 3522 407 3582 esp.
431 3507 459 3563 2.
489 3503 605 3561 Rursus
628 3502 671 3561 itu
719 3502 788 3563 Hoo
803 3502 882 3562 enim
897 3510 958 3576 est,
981 3502 1063 3582 quod
1079 3500 1179 3575 sedit,
1195 3503 1285 3579 apud
1300 3504 1417 3580 Deum,

73 3586 672 3669 inepistole12.sd(lend.seripto‚ubi
720 3595 893 3668 exponente
915 3588 1156 3668 Theophyleeto.
1194 3589 1342 3650 Nonnulli
1363 3611 1418 3671 pu·

73 3677 151 3748 elis,
186 3676 336 3736 oddueere
361 3676 556 3754 praeputium
582 3676 672 3735 iuter·
719 3683 785 3736 tunt
798 3676 877 3735 verti
891 3693 982 3754 posse
997 3694 1017 3734 a
1032 3677 1117 3751 Deo,
1134 3682 1165 3736 et
1179 3678 1361 3736 sententiam
1375 3679 1420 3737 sio

73 3782 108 3821 ur
126 3781 273 3840 quaerere
293 3762 443 3839 pelliceus
465 3764 592 3823 tunicas
607 3780 671 3822 nst·
720 3760 873 3823 ordinent:
896 3760 1038 3841 Quisque
1059 3762 1091 3821 in
1114 3781 1174 3842 quo
1196 3771 1321 3823 vorsum
1340 3771 1387 3824 est
1399 3784 1420 3823 e

73 3867 124 3908 nn.
162 3850 303 3929 Denique
317 3851 349 3908 in
365 3868 403 3909 ee
418 3852 563 3909 sententie
577 3850 671 3929 persi·
721 3850 804 3920 Deo,
831 3850 863 3907 in
886 3849 993 3910 eodem
1016 3856 1200 3928 permaneat
1239 3849 1319 3908 Num
1334 3843 1419 3926 παρὰ

74 3953 213 4014 xponens
228 3935 354 3995 Jeseise
369 3954 434 4014 esp.
451 3936 501 3994 52.
526 3934 624 4013 Quem
641 3944 673 3995 ot
721 3934 769 4021 τῷ
790 3932 877 4021 drqi,
908 3935 941 3996 ld
965 3942 1012 4004 est
1026 3954 1048 3995 α
1063 3937 1150 4010 Deo,
1177 3936 1286 4015 legitur
1299 3935 1419 3996 alieubi.

73 4040 114 4081 us
129 4022 264 4101 sequitur
275 4023 305 4079 in
317 4021 408 4099 hujus
419 4022 479 4081 loci
490 4042 596 4081 eomm.
612 4021 672 4082 Sed
721 4023 905 4103 Quanquam
920 4022 952 4082 id
967 4022 1134 4095 rarissime,
1150 4041 1206 4082 neo
1220 4040 1365 4101 nequem,
1385 4030 1420 4081 ut

73 4110 180 4167 eistos
195 4107 301 4167 eodem
317 4108 405 4167 modo
425 4107 521 4167 looum
536 4108 615 4168 hune
630 4110 671 4167 in·
721 4108 866 4186 arbitror,
887 4113 918 4171 in
934 4111 1027 4169 seeris
1049 4110 1157 4168 literis.
1192 4108 1288 4168 Simul
1310 4109 1348 4168 eb
1364 4108 1421 4169 hoo

73 4197 91 4255 it
106 4193 255 4273 Origenes
270 4192 320 4252 lib.
339 4198 367 4255 4.
385 4195 424 4253 de
438 4195 599 4274 principiis.
721 4196 876 4258 intellectu
889 4204 1014 4256 revocet
1024 4196 1218 4277 hyperbaton
1231 4196 1353 4256 minime
1367 4215 1419 4256 ne·

73 4289 124 4342 tut
159 4290 261 4340 eutem
292 4281 497 4360 Hieronymus
526 4280 673 4341 adversus
720 4285 892 4344 cessarium.
934 4282 1421 4363 Nemp1·iorsensus‚maneut

73 4406 78 4427 .
107 4369 241 4428 scribens
270 4388 324 4448 pro
354 4368 412 4427 hoo
438 4366 594 4428 intelleotu
619 4387 673 4428 sex
721 4370 809 4446 upesd
821 4372 943 4443 Deum,
972 4367 1003 4428 id
1025 4378 1071 4429 est
1089 4369 1157 4429 Deo
1180 4370 1332 4444 serviens,
1358 4378 1421 4431 ete

73 4456 161 4515 ibus:
194 4474 269 4534 ques
295 4457 376 4533 opud
402 4475 470 4514 eum
497 4454 594 4533 legat,
621 4456 673 4534 qui
720 4458 786 4516 lleo
801 4476 862 4517 uon
877 4454 1035 4528 resedens,
1051 4459 1165 4536 optime
1181 4466 1306 4518 eonstst.

88 4543 177 4614 l’uto,
188 4543 353 4621 comperiet
363 4561 465 4601 omnes
479 4561 519 4602 ex
530 4547 672 4600 oontextu
763 4545 815 4604 25.
839 4545 888 4603 De
901 4543 1081 4618 otreimtos
1092 4551 1198 4603 eutem
1210 4551 1420 4620 praeseptum

73 4646 103 4690 ro
116 4628 197 4689 bene
211 4628 399 4689 oonsldereto
412 4630 500 4707 juxte
515 4628 672 4706 vulgatum
720 4630 856 4690 Domini
869 4647 938 4690 nost
952 4628 1059 4691 habeo.
1089 4629 1184 4691 Redit
1197 4629 1236 4690 ed
1252 4649 1421 4690 sermonem

73 4716 143 4777 dum
153 4716 405 4789 nomnentsrimn,
423 4733 512 4795 quem
523 4712 671 4790 dedimus,
713 4713 759 4775 de
773 4717 941 4795 virginibus
957 4724 990 4776 et
1003 4717 1154 4797 innuptis,
1170 4717 1372 4779 internnssm
1385 4736 1422 4779 se

1139 4819 1212 4882 32*
