3254 5190
139 287 187 354 84
645 274 878 330 connaturales
896 275 927 330 ιιι
946 277 1011 331 ιιι.
1029 277 1067 330 ιι.

137 456 215 514 hauc
231 454 399 515 lectionem.
415 453 528 512 Verum
544 453 610 512 siva
624 451 753 525 Paulus,
770 454 835 513 sive
884 462 958 526 cata,
974 475 1034 514 non
1050 453 1129 531 quod
1141 460 1343 533 permaneant,
1358 461 1504 514 ettamen
1515 451 1584 514 Deo

138 543 204 622 quis
219 541 296 600 alius
311 540 515 619 adscripserit,
532 539 634 598 addita
650 548 711 613 est,
728 549 760 598 ut
775 541 836 601 evi·
884 540 1091 600 dissimulante
1105 561 1165 600 non
1181 540 1363 618 imputentur
1385 540 1424 599 sd
1447 560 1583 620 poenam,

139 628 256 688 dentior
271 638 349 688 esset
363 627 517 687 antithesis
533 626 619 685 istius
642 627 751 704 partis:
774 629 816 687 Ei
824 670 834 700 ,
882 629 925 686 uti
941 625 1123 686 contendunt
1137 625 1323 700 Luthereui3
1343 625 1374 685 id
1397 628 1479 686 enim
1490 628 1581 706 justi·

140 717 194 791 qui
210 733 277 774 nori
294 722 464 791 operatur,
491 714 632 772 credenti
645 720 752 772 cutem
769 722 835 785 etc,
883 715 925 772 tia
941 715 999 772 Dei
1016 713 1098 774 nullo
1113 711 1203 773 modo
1215 713 1335 790 patitur.
1354 712 1417 773 Sed
1427 715 1502 791 quia
1513 732 1583 774 vere

139 821 202 860 curu
219 800 418 880 praecedenti,
434 801 464 859 in
480 820 538 880 qua
549 799 658 858 dictum
671 807 743 869 erat,
759 820 834 858 mer·
883 803 1008 861 remisso
1023 808 1094 859 sunt
1108 821 1144 860 ac
1158 798 1267 870 delete,
1282 808 1318 857 ut
1326 800 1392 876 jam
1408 819 1512 879 neque
1524 801 1584 861 sint

138 886 240 946 cedem
264 889 400 966 operanti
422 907 480 946 non
508 887 646 964 imputari
674 886 835 945 secuudum
883 895 968 958 actu,
991 906 1091 966 neque
1112 896 1204 946 reatu.
1237 884 1319 944 Nam
1340 896 1442 945 actum
1465 887 1584 964 peccati

136 976 268 1051 gratiam.
298 973 377 1033 Nam
397 992 501 1032 seusus
518 981 578 1032 est:
600 971 688 1031 fidem
704 974 835 1051 reputari
884 975 947 1053 ipse
961 971 1139 1033 Psalmistes
1154 970 1302 1045 excludit,
1324 992 1395 1032 mox
1418 972 1582 1051 adjiciens:

136 1059 348 1137 adjustitiam,
364 1069 445 1119 etex
462 1080 496 1119 ea
509 1060 666 1136 justificari
678 1059 835 1130 homiuem,
884 1061 946 1120 Nec
962 1063 1055 1120 estin
1070 1063 1186 1136 spiritu
1202 1063 1268 1133 ejece
1283 1058 1383 1119 dolus.
1408 1059 1478 1119 Hoc
1504 1061 1582 1119 euim

136 1166 196 1205 non
207 1146 287 1225 quod
295 1147 343 1206 hic
351 1144 537 1224 justificandi
547 1145 651 1204 modus
661 1144 699 1204 ad
711 1147 835 1224 primam
884 1146 991 1207 dicitur
1008 1159 1129 1226 propter
1139 1165 1243 1205 veram
1256 1154 1286 1205 et
1298 1145 1446 1206 sinceram
1455 1145 1582 1207 hominis

136 1243 260 1293 naturae
276 1235 422 1312 pertineat
445 1233 673 1304 institutionem,
695 1232 749 1291 sed
765 1232 836 1311 quia
883 1242 1039 1313 apeccato
1062 1233 1101 1294 ad
1124 1233 1222 1291 Deum
1246 1234 1484 1293 couversionem.
1504 1231 1582 1311 Quo·
1621 1300 1623 1313 Ι

135 1321 219 1379 Deus
243 1322 374 1398 gratioso
397 1319 518 1379 decreto
542 1322 583 1378 sic
598 1319 636 1378 ab
652 1328 772 1378 aeterno
789 1339 835 1377 or·
884 1322 965 1379 circo
980 1339 1041 1380 non
1053 1330 1099 1379 est
1109 1338 1293 1399 consequens
1305 1339 1345 1378 ex
1357 1318 1414 1379 hoc
1425 1320 1504 1394 loco,
1515 1319 1581 1380 be·-
1621 1394 1623 1400 Ι

136 1405 267 1479 dinavit,
290 1427 349 1486 quo
373 1415 403 1465 et
425 1407 521 1485 ipsam
542 1405 628 1464 fidem
653 1407 745 1484 gratis
762 1405 835 1465 dare
882 1405 1055 1479 titudinem,
1071 1406 1101 1467 id
1117 1420 1169 1478 cst,
1181 1406 1328 1485 justitiam
1343 1404 1475 1466 hominis
1491 1405 1582 1466 cousi·

137 1494 299 1553 constitnit.
327 1492 394 1552 Hac
419 1494 497 1552 euim
519 1494 634 1551 ratione
656 1492 767 1551 dictum
789 1499 835 1550 est
883 1502 961 1552 stere
979 1494 1008 1553 in
1024 1493 1088 1553 sola
1102 1493 1277 1552 remissione
1293 1501 1503 1572 peccatorum,
1519 1512 1581 1553 cum
1620 1540 1623 1573 3

136 1581 233 1658 capite
250 1579 450 1659 praecedenti,
467 1581 559 1657 gratis
575 1588 604 1638 et
615 1599 668 1658 per
680 1578 768 1638 fidem
780 1599 835 1637 uos
883 1580 954 1639 alibi
966 1579 1043 1639 idem
1057 1579 1220 1639 Psalmista
1230 1578 1335 1637 beatos
1347 1587 1444 1652 vocet,
1460 1579 1581 1659 quium·

132 1665 300 1743 justificari.
881 1666 986 1725 balant
1001 1669 1030 1725 in
1047 1666 1116 1744 lege
1131 1666 1265 1735 Domini,
1281 1667 1395 1744 quique
1411 1663 1583 1726 custodiunt
1621 1714 1623 1745 ,

180 1754 207 1810 6.
231 1756 318 1814 Sicut
344 1761 373 1812 et
389 1755 497 1813 Dacrid
512 1754 589 1812 dicit
605 1753 832 1811 beatitudinem
877 1752 1022 1831 judicium
1039 1764 1068 1813 et
1083 1752 1198 1811 fuciunt
1216 1752 1383 1829 justitiam,
1406 1751 1491 1812 Psal.
1511 1757 1538 1811 1.
1553 1761 1582 1813 et
1620 1802 1623 1813 .

135 1841 281 1913 henricis,
299 1843 350 1898 cui
367 1842 452 1899 Deus
464 1848 589 1915 accepto
600 1841 665 1916 sert
673 1843 831 1913 jurationi
884 1846 952 1900 118.
970 1850 1000 1899 et
1025 1842 1111 1907 105„
1128 1841 1185 1897 imo
1208 1847 1237 1898 et
1259 1836 1396 1899 Christus
1420 1838 1505 1899 dicat
1525 1839 1584 1900 suis
1620 1828 1623 1903 ]

134 1928 202 1985 sine
219 1927 374 2002 operibus.
397 1926 488 1984 Aliud
512 1926 634 1985 adducit
649 1947 687 1986 ex
704 1925 833 1984 Psalmis
882 1926 1049 2006 discipulis:
1076 1928 1110 1986 Si
1125 1927 1200 1983 haec
1215 1928 1314 1999 scitis,
1332 1926 1417 1985 beati
1433 1928 1580 2001 critiae

135 2014 340 2085 testimouium,
353 2032 478 2093 nonque
488 2014 594 2091 probet
606 2032 645 2072 ex
657 2011 832 2089 fidejustifi·
879 2015 1018 2089 feceritis
1033 2033 1080 2088 ca,
1097 2013 1121 2072 J
1122 2032 1187 2071 oen.
1206 2016 1254 2071 13.
1273 2021 1303 2070 et
1315 2013 1482 2089 Apostolus
1490 2011 1580 2073 Jacc·
1620 2066 1623 2079 ,

134 2102 196 2158 cari
220 2099 379 2170 homiuem,
402 2099 481 2178 quod
506 2101 648 2178 superiori
664 2098 832 2158 testimonio
880 2099 937 2159 bus
953 2119 1018 2176 cup.
1038 2105 1064 2158 1.
1081 2099 1119 2158 de
1134 2097 1247 2157 factore
1262 2100 1378 2175 operis:
1394 2100 1457 2159 Hic
1473 2099 1582 2159 beatus
1619 2150 1623 2161 .

133 2186 213 2258 tecit,
230 2185 284 2246 sed
295 2205 352 2266 quo
365 2184 472 2245 doceat
486 2188 550 2244 sine
567 2186 713 2265 operibns,
728 2183 757 2243 id
774 2192 832 2253 est,
880 2190 915 2245 irc
929 2188 1018 2264 facto
1033 2205 1089 2244 suo
1113 2187 1181 2243 erit.
1206 2185 1313 2263 ltaque
1335 2187 1458 2246 nomine
1480 2186 1580 2245 nmis·
1619 2238 1623 2263 ,

134 2275 199 2333 sine
214 2273 275 2332 ullo
292 2292 413 2351 operum
430 2275 531 2331 merito
550 2273 699 2348 justitiam
722 2271 832 2330 homini
881 2274 971 2332 sionis
987 2280 1179 2350 peccatorum
1194 2280 1257 2329 tota
1278 2270 1406 2331 hominis
1425 2271 1580 2333 renovatio
1618 2326 1623 2337 ,

132 2361 297 2439 provenire,
313 2368 343 2418 et
357 2358 481 2438 proinde
497 2361 599 2437 gratis.
623 2358 717 2418 Simul
732 2366 831 2416 autem
880 2359 1094 2438 comprehensa
1109 2357 1200 2417 debet
1215 2356 1353 2435 intelligi.
1619 2349 1623 2360 ’

133 2447 276 2518 insinuat,
308 2465 341 2504 se
365 2447 475 2505 versari
499 2448 529 2504 in
553 2447 727 2523 quaestione
751 2442 830 2521 apud
924 2446 952 2503 8.
976 2448 1095 2505 Beatus
1111 2447 1169 2517 cir,
1186 2447 1236 2503 cui
1254 2444 1580 2519 aonimputovitdo·
1619 2498 1622 2503 .

133 2532 327 2611 philosophos
343 2533 518 2609 gravissima
535 2540 565 2591 et
586 2530 777 2590 celeberrima
794 2530 831 2588 de
881 2534 985 2590 minus
1005 2538 1177 2607 peccatum.
1208 2530 1297 2589 Multi
1323 2528 1445 2589 codices
1468 2530 1581 2592 habeut
1620 2526 1623 2577 ἶ

132 2617 315 2677 beatitudine
330 2617 465 2676 hominis.
482 2617 559 2676 Nam
577 2619 672 2677 omnis
687 2617 831 2693 scriptura
879 2618 1019 2690 futurum,
1033 2618 1213 2693 imputabit.
1230 2616 1316 2695 Quae
1330 2617 1421 2676 lectio
1438 2635 1510 2676 cum
1520 2617 1579 2677 He·

128 2706 243 2782 justum
260 2711 347 2762 vocat
362 2702 491 2773 beatum,
504 2702 647 2763 videlicet
658 2723 694 2764 eu
705 2703 830 2762 beatitu·
878 2704 969 2764 brueo
993 2705 1142 2763 convenit.
1165 2703 1202 2762 Ῑιι
1225 2703 1342 2763 Graeco
1366 2702 1580 2780 subjunctivus

132 2789 217 2863 dine,
245 2809 322 2868 quae
341 2788 444 2848 baberi
466 2800 564 2868 potest
578 2792 609 2849 iu
624 2790 681 2848 hac
696 2791 774 2860 vita,
801 2795 831 2846 et
879 2799 926 2850 est
937 2784 1109 2866 λογίσηται,
1123 2789 1151 2848 id
1165 2799 1219 2860 est,
1232 2791 1443 2868 imputaverit3
1460 2790 1579 2850 tametsi
1617 2848 1623 2863 ,

133 2896 210 2953 quae
225 2875 334 2954 gradus
357 2883 402 2933 est
423 2875 461 2935 ad
485 2875 649 2955 perfectam
672 2873 829 2935 beatitudi·
879 2877 917 2935 sd
933 2896 1055 2937 sensum
1066 2897 1126 2935 non
1137 2875 1237 2949 refert,
1250 2875 1323 2956 quid
1334 2875 1440 2935 horum
1453 2874 1578 2956 legatum.

133 2982 208 3034 uem,
223 2980 258 3020 ac
273 2981 375 3021 semen
391 2962 479 3021 illius.
495 2964 555 3022 Pro
570 2960 755 3021 beatitudine
768 2970 830 3018 tum
879 2962 1037 3023 Generalis
1051 2965 1131 3022 enim
1143 2964 1294 3023 sententia
1306 2971 1359 3032 est,
1375 2963 1531 3040 pertinens
1541 2960 1580 3022 cd
1617 2964 1621 2974 '

132 3047 188 3117 hic,
204 3068 292 3127 quam
308 3047 398 3126 paulo
415 3060 488 3127 post,
504 3050 533 3107 in
547 3048 663 3108 Graeco
677 3057 723 3108 est
733 3061 829 3124 μακα-
878 3070 966 3109 omne
982 3059 1107 3128 tempus.
1123 3050 1243 3109 Dicitur
1257 3057 1358 3110 autem
1373 3048 1460 3108 Deus
1472 3068 1577 3130 pecca·

132 3127 259 3210 ρισμὸς,
275 3133 306 3193 id
322 3142 379 3206 est,
394 3135 592 3208 beatificatio,
607 3154 665 3214 quo
682 3131 829 3194 vocabulo
877 3143 939 3194 tum
955 3155 1014 3195 uon
1031 3137 1184 3215 imputare,
1199 3137 1278 3215 quin,
1293 3156 1361 3194 cnm
1376 3133 1460 3195 delet
1482 3156 1521 3196 ac
1534 3155 1577 3196 re·
1621 3202 1623 3211 ,

133 3220 197 3299 ipsa
206 3221 381 3297 justificatio
394 3222 589 3300 significatur.
602 3223 643 3280 lit
654 3241 758 3281 sensus
771 3229 829 3280 est:
878 3224 970 3281 mittit
984 3223 1097 3282 homiui
1108 3232 1274 3301 peccatum,
1289 3241 1349 3282 nou
1357 3223 1424 3300 jam
1436 3240 1509 3282 eum
1519 3241 1577 3282 tm·
1616 3226 1623 3297 ¹.

131 3305 221 3366 simili
236 3305 323 3366 modo
339 3308 431 3367 etiam
443 3306 680 3368 DavidinPsal.
694 3312 742 3369 31.
756 3306 830 3366 dicit
878 3309 957 3387 plius
983 3308 1071 3368 habet
1097 3329 1151 3388 pro
1177 3316 1352 3385 peccatore3
1383 3308 1502 3389 quippe
1528 3308 1577 3388 qui
1618 3300 1623 3323 “

132 3400 163 3450 et
177 3395 351 3471 pronuntiat
365 3394 514 3455 hominem
528 3394 696 3454 beatificari
711 3413 763 3454 seu
779 3394 828 3471 ju·
877 3405 1002 3473 peccato
1018 3395 1143 3455 remisso
1155 3397 1220 3472 jam
1235 3404 1374 3474 peccator
1389 3414 1461 3455 asse
1475 3395 1577 3456 desic-
1617 3462 1623 3475 .

130 3479 268 3551 stificari,
295 3482 344 3539 cui
371 3480 457 3540 Deus
472 3483 599 3559 imputat
617 3482 781 3559 justitiam,
798 3478 829 3538 id
877 3482 925 3539 rit.
954 3484 1058 3558 Quare
1079 3500 1135 3541 uec
1158 3481 1342 3554 hievernus,
1367 3483 1577 3559 cnjnsrensus

130 3576 185 3637 est,
213 3587 301 3646 quem
325 3566 409 3627 Deus
431 3587 486 3627 suo
503 3566 623 3645 judicio
642 3569 756 3647 justum
781 3587 826 3626 re·
877 3569 1015 3627 convenit
1031 3588 1098 3627 cum
1114 3567 1322 3648 praecedeuti,
1345 3568 1513 3647 quicquam
1527 3567 1576 3629 rd-
1619 3570 1623 3587 ''

128 3661 215 3732 putat
237 3653 351 3733 absque
373 3656 477 3714 meritc
500 3674 623 3734 opermu
650 3656 731 3733 ejus,
758 3653 828 3712 dum
873 3655 964 3731 jurat
986 3654 1067 3714 illam
1090 3656 1282 3715 sectariorum
1306 3655 1520 3734 imputativam
1530 3656 1575 3734 ju·
1619 3730 1623 3735 Ι

129 3739 247 3800 scilicet
269 3740 380 3800 nullam
403 3741 475 3801 facit
490 3760 613 3821 operum
630 3742 827 3811 mentionem,
876 3741 996 3800 stitiam.
1020 3741 1084 3801 Nec
1101 3761 1173 3801 sune
1189 3742 1220 3801 in
1232 3761 1298 3800 eam
1314 3742 1459 3820 competit
1469 3760 1577 3803 nomeu
1619 3742 1623 3755 '

128 3825 182 3885 sed
211 3835 324 3886 tantum
358 3838 548 3907 peccatorum
583 3826 827 3906 praecedentium
876 3826 1083 3887 beatitudinis.
1116 3827 1195 3887 Nam
1209 3826 1360 3906 quomodo
1375 3826 1502 3901 beatus,
1527 3826 1577 3908 qui
1621 3818 1623 3852 ³

128 3922 159 3972 et
174 3915 322 3992 gratuitae
338 3934 440 3974 eorum
456 3915 652 3975 remissionis.
662 3913 717 3972 Ait
731 3914 826 3975 enim:
876 3912 975 3973 adhuc
990 3915 1079 3974 estin
1097 3915 1232 3993 peccatis
1246 3912 1334 3973 suis?
1349 3913 1457 3974 Nihilo
1473 3914 1577 3994 magis

174 4002 200 4057 7.
225 4002 336 4076 Beati,
353 4021 489 4079 ‹puomm
506 4004 745 4060 remissaesunt
760 4002 826 4059 ini·
875 4020 967 4080 quam
983 4002 1009 4060 si
1024 4020 1129 4060 sunum
1144 4000 1227 4060 dicas
1242 4020 1278 4061 ao
1293 4008 1417 4079 reputes
1433 4000 1576 4082 eum,qui
1620 4014 1623 4087 j

128 4090 279 4162 quitatea,
296 4096 326 4146 et
341 4108 477 4166 quorum
494 4095 575 4148 tectu
590 4094 665 4147 mant
684 4094 825 4163 peccota.
875 4087 976 4146 morbo
992 4096 1095 4148 manet
1112 4087 1282 4167 implicitus
1620 4090 1623 4103 ¹

126 4171 210 4232 Idem
233 4184 361 4254 utroque
379 4176 511 4235 membro
534 4174 725 4254 significatur
744 4193 826 4232 more
917 4173 968 4234 Ex
982 4173 1029 4234 his
1046 4172 1153 4234 iisdem
1169 4173 1281 4234 Psalmi
1297 4174 1437 4235 versibus
1461 4175 1576 4255 impug*

127 4260 300 4338 scripturae.
318 4261 368 4321 Sic
391 4261 473 4321 Psul.
490 4263 557 4321 St:
579 4263 737 4322 Reurisisti
759 4263 826 4319 iui-
874 4261 1100 4321 nanthaeretici
1112 4260 1334 4321 satisfactiones
1344 4261 1575 4340 poenitentium.

126 4349 278 4421 quitatem
299 4349 401 4424 plebis
424 4356 515 4421 tuoe,
540 4350 694 4423 cpemisti
716 4349 825 4407 omnia
874 4347 906 4407 Si
923 4349 1018 4419 cuim,
1034 4349 1191 4427 inquiunt,
1205 4357 1286 4407 tecte
1300 4347 1451 4407 suntDeo
1462 4346 1575 4427 justifi-

122 4442 256 4507 peccuta
271 4454 390 4494 eorum.
415 4435 455 4494 Et
477 4434 604 4493 Nebem.
620 4435 667 4492 4.:
688 4436 734 4494 Νι
750 4454 826 4509 epe-
874 4435 933 4492 cati
946 4433 1077 4493 hominis
1092 4443 1234 4513 peccate,
1260 4443 1292 4493 et
1312 4455 1372 4493 non
1394 4434 1527 4513 imputet
1546 4434 1575 4494 ei

125 4520 194 4578 rius
217 4524 420 4598 iniquitatem
445 4540 572 4593 eorsum,
605 4526 634 4599 ςί
659 4528 824 4597 peccatum
873 4519 1024 4580 Dominus
1046 4530 1217 4599 peccatum,
1244 4520 1323 4581 nihil
1346 4522 1439 4600 igitur
1464 4521 1495 4581 ei
1521 4540 1576 4601 pro

126 4623 235 4665 corum
259 4626 368 4667 corum
390 4610 476 4685 [acic
500 4615 556 4667 tuo
579 4624 647 4665 ιιοιι
669 4608 824 4666 delectur.
873 4616 995 4683 peccato
1012 4615 1104 4665 restat
1119 4608 1149 4667 iu
1166 4608 1227 4667 Dei
1246 4607 1365 4686 judicio
1386 4606 1576 4668 solvendum

124 4688 222 4770 igitur
235 4703 342 4773 operta
356 4713 410 4755 seu
424 4702 506 4753 tectu
520 4695 588 4753 Dec
604 4691 824 4773 dicunturpec·
872 4692 935 4753 Sed
961 4693 1116 4753 falluntur.
1151 4693 1260 4774 Neque
1286 4696 1367 4755 euim
1395 4695 1440 4753 ita
1466 4692 1577 4755 dicitur
