3254 5190
447 944 833 1098 Potitium
882 936 1178 1112 Auctoris,

103 1169 142 1237 IN
165 1168 272 1239 EIUS
300 1169 489 1242 scnums
523 1170 750 1265 REPERTA,
785 1178 845 1246 ΕΤ
880 1176 1024 1247 IPSIUS
1050 1176 1213 1247 VERBIS
1248 1175 1326 1247 1110
1357 1174 1534 1247 Poslus.

188 1840 395 1941 Proteus-tur
416 1880 526 1957 Autor,
556 1879 639 1963 quod
668 1881 767 1942 omnis
795 1879 871 1942 velit
892 1900 961 1943 esse
986 1882 1132 1945 submisso
1161 1882 1272 1962 iudicio
1293 1884 1451 1947 Euolesise
1473 1882 1531 1946 Or·

97 2004 225 2078 tholiese,
249 2011 280 2066 et
301 2007 368 2085 ejus
390 2022 505 2065 summo
526 2004 557 2064 iu
580 2003 667 2065 terris
688 2002 809 2064 Pastori
832 2024 869 2064 so
888 2002 1012 2081 Judioi,
1033 2002 1121 2079 Rom¹
1142 2005 1298 2084 Pontifioi3
1318 2007 1456 2088 velitque
1477 2028 1532 2089 pro

97 2149 146 2190 rou
168 2129 251 2192 dioto
271 2128 395 2204 haberi,
424 2131 452 2191 si
472 2125 548 2211 quid
575 2126 656 2190 mels
683 2125 808 2189 dietum.
864 2126 956 2209 Quod
985 2127 1062 2188 nolit
1084 2127 1138 2188 ulli
1159 2147 1308 2208 persouue
1329 2138 1380 2191 sut
1401 2129 1533 2193 fsmilise

96 2248 271 2327 detructum
295 2253 422 2332 oupieus
444 2232 649 2315 chimeram
668 2273 735 2313 oum
757 2251 894 2315 omuibus
917 2249 1082 2312 Catholicis
1103 2250 1346 2314 benevolentium
1368 2262 1413 2329 et,
1436 2274 1530 2337 qusu-

96 2384 148 2434 tum
171 2372 313 2454 possibile
335 2384 397 2448 est,
427 2375 585 2437 amicitiam
608 2373 707 2436 oolers
729 2383 761 2435 et
782 2393 994 2437 conservare·
1016 2373 1094 2436 Item
1116 2373 1265 2450 dooltrst,
1294 2393 1329 2436 se
1350 2375 1465 2456 ubique
1487 2394 1532 2436 se·
1593 2342 1596 2349 Δ

96 2504 212 2572 quutum
235 2515 358 2556 sensum
380 2495 554 2572 Eoelesius,
584 2503 725 2577 qusutum
754 2515 822 2557 eum
846 2497 1003 2578 percipere
1031 2497 1130 2578 potuit
1151 2515 1191 2558 ex
1213 2495 1375 2557 collatione
1396 2495 1532 2577 Soriptu·

96 2635 183 2676 rerum
205 2618 285 2677 inter
306 2636 355 2691 se,
384 2624 448 2677 tum
476 2614 613 2698 ejusdem
635 2616 788 2699 Apostoli,
819 2628 882 2678 tum
902 2615 1028 2681 eliorum
1051 2617 1229 2697 scriptorum
1260 2635 1429 2694 ssororssm3
1458 2618 1531 2677 item

96 2754 127 2797 sr
146 2737 308 2799 collatione
329 2757 395 2799 oum
417 2737 502 2803 toute
521 2736 641 2819 Gnsoo
662 2747 695 2825 et
715 2738 889 2807 melioribus
910 2739 1135 2845 pxsmphribus
1156 2739 1292 2816 Latinis,
1321 2740 1395 2801 item
1417 2759 1456 2801 ex
1471 2748 1531 2800 tro·¹

95 2855 197 2921 ditione
219 2860 391 2933 Ecclesiae,
413 2868 485 2923 note
505 2854 561 2942 per
581 2820 719 2922 Cousilis
739 2868 771 2922 et
791 2852 956 2923 osmanni
978 2858 1032 2923 Sfl.
1054 2860 1178 2922 Petrum
1201 2869 1336 2922 veterum
1358 2878 1395 2923 so
1413 2858 1530 2941 prseei·

94 2999 227 3059 prorum,
249 2982 424 3062 praesertim
446 2980 623 3087 Augustini,
652 2983 704 3063 qui
724 2980 814 3045 Psuli
833 2980 894 3045 trit
914 2981 1166 3057 studiosissimus,
1195 2989 1228 3043 et
1249 2980 1386 3062 ejusdem
1405 2978 1530 3063 grsflse,

93 3120 177 3181 quum
199 3103 311 3164 Psulus
333 3106 367 3165 iu
388 3082 524 3165 omuibus¹
539 3103 676 3187 epistolis
690 3104 861 3185 prsediest,
881 3102 998 3164 Dootor
1019 3103 1157 3164 eximius.
1199 3102 1345 3164 Deolsret
1365 3108 1529 3184 pmetsree,

92 3240 154 3284 sese
177 3231 317 3284 sonatum
340 3240 422 3299 esse,
442 3200 690 3289 vosm‘idsm
710 3223 801 3286 nudis
824 3232 856 3286 ot
877 3224 966 3285 oleris
980 3221 1081 3284 verbis
1104 3221 1271 3305 explicem
1293 3241 1350 3285 ree
1371 3219 1528 3285 Oommeu·

92 3344 191 3404 terium
215 3343 389 3406 extendisse
411 3345 443 3406 iu
457 3342 678 3409 Μῶα
689 3344 868 3431 populures,
890 3365 995 3407 verum
1016 3342 1048 3405 id
1065 3341 1223 3425 reliquisse
1244 3343 1300 3417 iis,
1321 3343 1375 3423 qui
1396 3342 1530 3404 seribuut

91 3460 221 3525 munus
242 3463 283 3526 sd
303 3463 459 3546 populum.
