3254 5190
491 303 881 362 marosamsomros.
905 306 989 361 rme.
1009 270 1049 359 ir.
1068 306 1108 360 a.
1447 313 1518 393 pse

114 477 179 537 Alii
195 486 308 550 nmen,
331 482 501 562 intorques
517 479 693 560 Cajetanus,
717 483 774 543 imo
868 481 945 543 Dico
968 482 1096 555 beatam,
1117 501 1187 542 nam
1202 481 1241 541 ed
1256 484 1348 543 vitam
1371 484 1519 543 immorta-

71 562 315 626 etOesumenius
323 566 466 642 Graecus,
483 569 574 628 etiam
582 569 639 630 bac
646 570 775 631 lectione
825 567 883 628 lem
900 581 930 630 et
944 569 1082 629 miseram
1099 565 1203 648 (quam
1216 577 1316 630 tamen
1331 570 1413 630 vitae
1424 578 1456 630 et
1467 571 1520 630 im-

71 645 338 733 mtentalmslnut
352 652 482 736 intelligi
498 656 632 735 spiritum
647 656 774 717 bominis
822 655 1015 715 mortalitatis
1030 657 1150 715 nomine
1173 655 1227 715 vix
1249 675 1380 737 usquam
1395 655 1520 738 dignen·

71 747 195 818 propter
225 739 400 801 antithesim
427 742 558 822 corporis
588 749 619 801 et
644 744 772 824 spiritus,
822 751 870 802 tur
894 736 1074 820 scripturae)
1096 741 1358 803 resuscitabuntur
1378 743 1518 823 reprobo·

70 844 162 903 quarn
174 823 502 907 hiciscitApostolus3
519 828 772 909 etpropterillud,
821 848 885 888 rum
912 848 1046 908 corpora.
1077 827 1187 887 Verum
1213 827 1265 888 illa
1292 829 1520 910 qualiscumque

71 909 150 991 quod
165 931 240 972 mox
254 914 401 994 sequitur:
431 914 611 992 Vivifleabit
633 924 662 976 ct
682 934 771 976 mor·
821 934 923 975 eorum
939 914 1101 975 vivificatio
1124 934 1183 974 uon
1206 913 1390 976 adscribitur
1404 917 1519 979 meritis

70 999 150 1057 talia
171 1016 311 1075 corporo
334 1008 447 1060 vestro.
470 1000 598 1062 Videtur
620 1004 700 1063 euim
714 1003 771 1063 hoc
820 999 939 1073 Christi,
948 1021 1047 1082 neque
1056 1002 1284 1062 resurrectionis
1293 1001 1518 1063 illoramexem·

70 1085 168 1144 velle:
198 1082 351 1165 Quamvis
381 1107 487 1167 corpus
514 1097 646 1148 uestrum
672 1088 770 1151 adhuc
820 1088 887 1166 piar
909 1097 956 1148 est
981 1088 1159 1151 resurrectio
1181 1086 1301 1149 Christi.
1333 1086 1423 1168 Quod
1446 1090 1518 1150 satis

70 1173 156 1231 sitin
171 1180 271 1232 morte
294 1180 323 1232 et
346 1174 544 1253 corruptione,
567 1175 702 1254 spiritum
724 1184 768 1236 ta·
820 1173 970 1255 siguificat
986 1174 1121 1235 clausula
1140 1173 1320 1251 subjuncta:
1455 1235 1458 1244 ,

69 1279 134 1318 men
159 1266 297 1319 nostrum
315 1260 415 1340 grstia
431 1257 538 1323 Christi
558 1261 624 1340 jam
644 1281 769 1322 renova·
863 1263 999 1337 Propter
1025 1261 1254 1321 iactabitaatsm
1278 1265 1427 1339 spiritum
1451 1265 1518 1335 ejas

69 1358 127 1405 tum
151 1344 259 1405 vivere
279 1364 334 1425 per
351 1345 518 1425 justitiam3
541 1347 677 1428 adeoque
692 1349 768 1427 ejus·
818 1351 854 1407 ia
872 1349 964 1408 cobis.
986 1348 1111 1408 Rectius
1125 1350 1274 1424 spiritum
1290 1367 1394 1422 suum,
1410 1346 1470 1421 vel,
1485 1356 1518 1407 ut

69 1431 134 1491 dem
162 1428 279 1492 Christi
305 1431 453 1493 beneficio
480 1432 657 1514 sperandam
684 1435 768 1495 nobis
817 1436 848 1494 iu
864 1433 989 1507 Graeco,
1011 1453 1104 1495 suum
1120 1436 1279 1510 spiritam,
1303 1443 1338 1495 ut
1360 1435 1400 1495 ad
1414 1434 1514 1495 Deum

70 1521 199 1599 ipsorum
220 1519 312 1579 etiem
334 1538 493 1600 corporum
516 1520 769 1581 immortalitatem
817 1521 941 1581 Patrem
957 1522 1078 1601 spiritns
1096 1521 1251 1593 referatur,
1270 1521 1361 1600 juxta
1376 1519 1415 1594 id,
1431 1519 1511 1601 quod

69 1626 118 1685 per
132 1606 387 1667 resurrectionen
403 1628 422 1666 a
435 1607 569 1666 mortuis.
816 1608 996 1687 praecessit:
1028 1609 1119 1687 (laod
1144 1610 1171 1668 si
1193 1609 1324 1684 spiritus
1349 1611 1433 1683 ejas,
1457 1610 1512 1684 qui

107 1690 611 1774 Dicitnrautemspiritushominis
624 1713 691 1755 esse
704 1695 769 1753 vita
816 1697 977 1754 suscitavit
1005 1702 1060 1753 etc.
1094 1694 1184 1754 Hanc
1208 1695 1355 1755 rationem
1378 1693 1510 1755 vivifica·

69 1788 189 1859 propter
205 1778 368 1858 justitiam,
391 1781 463 1861 quia
485 1801 545 1840 non
566 1787 680 1840 tantum
702 1782 768 1860 ipse
815 1782 905 1842 tiouis
921 1801 1078 1860 corporum
1090 1790 1206 1841 constat
1218 1782 1249 1842 in
1261 1782 1398 1861 reprobis
1413 1780 1511 1841 locum

69 1885 116 1944 per
133 1865 291 1943 justitiam
312 1867 394 1939 vivit,
421 1866 473 1927 sed
498 1868 587 1929 etiarn
608 1866 766 1939 hominem,
815 1888 874 1929 non
896 1867 1014 1929 babere.
1037 1867 1140 1928 Innuit
1155 1868 1320 1947 Apostolus
1342 1868 1400 1928 hae
1414 1876 1510 1947 parte,

70 1953 150 2031 cnjus
174 1959 224 2012 est
246 1953 376 2032 spiritus,
398 1972 453 2032 per
474 1953 601 2015 eandem
617 1955 766 2032 justitiam
816 1952 897 2035 quod
901 1954 967 2033 jam
978 1962 1048 2014 aute
1059 1952 1132 2028 dixi,
1147 1955 1292 2034 Spiritum
1304 1964 1440 2016 sanctum
1451 1974 1511 2015 non

70 2040 171 2099 vivere
186 2038 270 2112 facit,
290 2047 434 2119 tanquam
450 2041 545 2119 ipsius
560 2040 687 2101 bominis
702 2041 767 2100 vita
815 2041 910 2102 solnm
925 2043 956 2101 in
967 2040 1118 2102 mentibus
1130 2042 1283 2102 bominum
1294 2041 1443 2120 justorum
1458 2039 1509 2101 ba·

70 2123 219 2203 quaedam
233 2125 409 2205 spiritualis.
432 2125 607 2190 Notandum
621 2135 721 2187 eutem
736 2127 767 2186 in
814 2128 916 2200 bitare,
928 2147 1030 2187 verum
1041 2129 1132 2188 etiam
1143 2130 1173 2188 in
1187 2127 1368 2208 corporibus,
1380 2135 1510 2208 atquae,

69 2211 183 2273 Graeco
194 2210 316 2273 facilem
332 2231 401 2273 esse
416 2215 677 2274 commutationem
690 2214 767 2273 iuter
814 2223 973 2294 propterea
1000 2213 1082 2293 quod
1105 2214 1219 2292 temple
1243 2214 1357 2275 luerint
1379 2215 1509 2294 Spiritus

70 2297 139 2358 baec
164 2297 228 2359 duo
252 2297 408 2372 voeabula,
430 2294 467 2379 ζῆ
482 2309 511 2361 et
526 2291 611 2377 ζωὴ,
633 2302 714 2360 vivit
736 2306 766 2359 st
814 2301 917 2372 saneti,
939 2299 1031 2379 digua
1046 2299 1213 2361 habeantur
1228 2301 1340 2361 bonore
1355 2301 1463 2360 beatae
1479 2308 1511 2361 et

71 2389 151 2461 rita,-
176 2392 212 2443 ut
236 2383 380 2445 nonnulle
396 2388 526 2467 suspicio
543 2389 588 2460 sit,
606 2387 671 2466 jam
695 2385 764 2446 olim
812 2387 960 2467 gloriosse
975 2388 1212 2447 resurrectionis.

70 2474 96 2531 in
109 2470 251 2532 Graecos
274 2470 393 2531 codices
415 2493 454 2533 ex
475 2472 646 2553 hujusmodi
668 2483 764 2533 muta·
855 2473 894 2534 In
909 2471 1024 2534 Graeco
1048 2471 1150 2534 codice
1167 2470 1381 2555 Complutsnsi,
1402 2481 1432 2534 et
1447 2472 1508 2533 elio

70 2560 145 2619 tione
158 2556 312 2618 diversam
324 2557 483 2619 lectionem
494 2561 661 2641 irrepsisse.
678 2557 765 2620 Nihil
812 2559 943 2641 quodam
958 2579 1012 2641 per
1026 2559 1190 2621 Robertum
1205 2560 1391 2641 Stephanum
1413 2579 1506 2622 anno·

70 2656 165 2705 umen
181 2644 307 2717 affirmo,
328 2647 504 2725 praesertim
521 2647 592 2726 quia
607 2657 668 2706 tam
684 2645 763 2707 codi·
811 2655 882 2722 tato,
895 2645 1018 2726 legitur:
1036 2639 1086 2704 διὰ
1102 2646 1155 2705 τοῦ
1168 2638 1368 2722 ἐνοικοῦντος,
1382 2666 1442 2723 per
1454 2650 1507 2709 ia·

70 2751 122 2802 ees,
136 2749 232 2814 quern
249 2732 428 2810 interpretes
441 2731 551 2794 Graeci
564 2733 764 2807 consentiunt,
811 2734 1004 2794 habitantem
1016 2753 1109 2795 mum
1123 2738 1322 2810 spiritantia
1338 2734 1433 2795 vobis.
1450 2735 1508 2796 Est

69 2817 181 2879 latinis
198 2818 291 2879 etiam
306 2817 407 2879 multis
431 2820 673 2900 suffragantibus.
698 2818 728 2878 N
729 2840 764 2880 ec
812 2827 842 2882 et
853 2819 933 2902 apud
945 2821 1134 2881 Ambrosium
1146 2829 1292 2882 tractatus
1304 2819 1427 2902 qnidam
1441 2820 1507 2882 bre·

69 2906 181 2965 mireris
204 2903 332 2965 verbum
353 2896 429 2980 leri,
452 2914 507 2981 cst,
530 2907 670 2967 omissum
687 2924 764 2977 esse,
810 2908 857 2969 vis
873 2906 911 2968 de
927 2907 1039 2987 Spiritu
1055 2915 1166 2983 sancto,
1186 2911 1219 2969 in
1234 2928 1294 2988 quo
1310 2906 1434 2986 legitur:
1445 2927 1507 2986 pes·

70 2991 186 3070 qnando
194 3009 251 3050 uec
258 2991 352 3070 priori
361 2993 491 3053 membro
503 3012 680 3074 expressum
688 3003 762 3052 erat.
809 2994 1040 3055 inhahitantem
1064 2997 1212 3072 spiritum
1227 3004 1292 3070 eta,
1315 3014 1352 3056 ac
1372 3013 1410 3055 ne
1425 3015 1504 3056 men-

107 3083 159 3139 11.
182 3078 279 3159 Quod
296 3081 324 3138 si
345 3082 475 3155 spiritus
490 3083 566 3155 ejas,
589 3083 645 3157 qui
665 3082 762 3141 eori-
811 3080 880 3142 dum
898 3081 1072 3160 suspiceris,
1089 3080 1222 3142 studiose
1237 3091 1364 3161 urgetur
1379 3101 1504 3163 praepo-

69 3168 146 3225 taeit
160 3168 191 3227 J
191 3183 278 3226 mm
294 3182 315 3224 a
330 3168 476 3241 mortuis,
499 3166 624 3226 habitat
646 3170 681 3226 ia
704 3185 762 3227 vo·
810 3169 876 3229 sitio
889 3187 957 3245 per.
976 3165 1094 3230 Eadem
1105 3166 1195 3228 lertio
1208 3177 1254 3229 est
1264 3168 1428 3249 Augustini
1437 3189 1504 3250 pro·

68 3252 115 3312 bis
139 3252 259 3313 'l'otum
275 3250 367 3312 illud:
385 3257 517 3330 spiritus
532 3257 608 3330 sias,
625 3257 679 3330 qai
694 3273 762 3315 sus·
810 3255 956 3336 positione
972 3254 1032 3330 51,
1055 3274 1127 3316 sane
1146 3275 1207 3316 non
1228 3254 1404 3335 abjicienda
1427 3254 1504 3316 Nam

68 3341 175 3400 aaut
187 3342 306 3403 Josssm
321 3357 342 3399 a
357 3343 501 3416 mortuis,
517 3341 701 3422 periphrasis
718 3348 764 3400 est
810 3360 914 3404 verum
937 3348 968 3402 st
986 3339 1098 3402 bonum
1122 3361 1240 3403 sensum
1265 3342 1363 3417 efficit,
1387 3342 1505 3402 tametsi

67 3428 183 3506 piritns
199 3423 269 3487 Dei
293 3424 363 3505 Qua
386 3446 438 3487 cur
460 3437 567 3488 utatur
589 3427 763 3508 Apostolus,
811 3430 920 3510 prioris
934 3426 1074 3489 lectionis
1086 3448 1207 3491 sensum
1219 3427 1346 3489 arbitror
1361 3448 1428 3488 esse
1443 3448 1504 3489 ma·

68 3512 228 3595 sequeutia
254 3511 457 3575 declarabunt
491 3513 582 3595 Quod
608 3517 762 3594 sequitur:
811 3517 858 3596 gis
873 3514 1095 3576 accommodum
1110 3515 1179 3576 hnic
1193 3516 1269 3577 loco.

67 3600 188 3683 habitat
202 3601 240 3658 ia
256 3599 354 3677 vobis,
379 3600 514 3682 intellige
529 3622 584 3682 per
602 3602 764 3681 justitiam,
858 3606 905 3664 12.
937 3602 1035 3679 Erpa,
1061 3602 1192 3681 fratres,
1220 3602 1375 3663 debitores
1399 3620 1506 3662 mmor

67 3685 154 3769 idque
169 3696 413 3767 perseveranter.
812 3709 880 3751 non
895 3691 999 3765 carni,
1022 3696 1058 3750 set
1072 3690 1247 3750 secundam
1269 3707 1397 3750 carnem
1414 3691 1506 3750 vivo·

104 3776 348 3854 Quimdtavit
355 3779 469 3838 Jesssm
479 3775 640 3837 Christum
648 3792 765 3835 amor·
812 3795 890 3837 mas.
907 3776 1070 3837 Debitores
1081 3796 1198 3853 samus,
1216 3776 1313 3850 idest,
1329 3777 1506 3837 servitutem

66 3865 135 3936 tide,
153 3859 332 3936 vivificabit
346 3869 377 3921 st
390 3861 543 3922 mortalia
558 3880 694 3937 corpora
710 3880 764 3922 oe·
813 3863 965 3935 debemus,
980 3865 1033 3944 qui
1046 3861 1166 3924 Christo
1177 3865 1242 3943 jam
1255 3864 1336 3924 insiti
1350 3882 1461 3937 sumus,
1477 3870 1508 3921 et

67 3955 138 4007 ira
153 3951 283 4024 Jssssm,
299 3947 435 4010 hocloco
452 3948 570 4010 Graeca
581 3969 640 4008 nou
652 3949 765 4028 legant,
813 3947 975 4011 Christiani
991 3950 1061 4011 lacti
1072 3971 1126 4032 per
1136 3950 1325 4031 baptismum,
1341 3970 1403 4028 qua
1418 3968 1507 4029 pecu·

67 4034 118 4096 sed
139 4033 350 4095 tantummodo
372 4036 541 4109 Christum,
565 4042 598 4095 ut
620 4035 651 4094 in
675 4035 766 4114 priori
812 4035 1507 4117 liariretioneiratresvoseppello.Noaoarni.

67 4124 288 4201 perteJmm
312 4123 477 4198 Mortalia,
494 4122 619 4203 Syriaca
631 4131 764 4183 mortua:
812 4123 863 4184 De
885 4143 973 4185 carne
995 4123 1141 4205 loquitur,
1163 4131 1198 4183 ut
1219 4123 1292 4184 alibi
1314 4123 1352 4183 de
1373 4131 1509 4202 peccato,

68 4218 100 4269 ut
113 4207 274 4288 intelligas
289 4207 368 4271 idem
392 4227 459 4270 esse
474 4208 613 4270 hocloco
628 4209 765 4280 mortale,
813 4209 943 4290 quadam
968 4210 1087 4272 fictione
1116 4230 1262 4290 personae
1288 4207 1452 4270 dominium
1479 4217 1509 4269 et

67 4292 149 4377 qood
173 4314 286 4376 supra,
312 4303 483 4357 mortuum.
517 4296 604 4357 Haec
630 4316 700 4374 pars
726 4295 765 4355 ed
788 4346 791 4367 ,
813 4317 939 4377 regnum
962 4300 1045 4358 carni
1066 4297 1217 4376 affingens.
1247 4297 1383 4376 Exponit
1408 4305 1508 4357 autern

65 4383 176 4455 Deum,
197 4400 260 4444 non
275 4381 313 4443 sd
337 4383 475 4462 spiritum
489 4383 548 4443 Dei
570 4381 705 4453 refertur,
732 4390 766 4441 ut
788 4386 791 4463 Ι
813 4383 895 4444 illam
919 4386 1104 4459 servitutem,
1131 4404 1196 4444 oum
1218 4382 1316 4445 addit:
1336 4390 1373 4443 set
1398 4402 1508 4443 sccun-

66 4490 102 4532 ιι
116 4469 237 4533 Gnaeo
253 4477 345 4548 petet
369 4469 541 4531 Vivificabit
562 4478 664 4530 autem
678 4469 764 4529 Deus
788 4468 791 4545 l
813 4471 890 4530 dum
905 4491 1036 4532 carnem
1054 4475 1206 4546 vivamus,
1224 4468 1324 4543 idest,
1347 4478 1380 4529 ut
1395 4468 1510 4530 deside

66 4556 203 4619 moralis
223 4576 352 4638 corpora
374 4567 485 4629 uestra,
507 4555 713 4618 resuscitando
730 4577 766 4617 ea
789 4550 791 4567 '
813 4557 866 4618 riis
882 4579 918 4618 ac
932 4558 1083 4619 voluntati
1095 4559 1193 4618 carnis
1210 4558 1417 4639 obsequemur.
1442 4557 1509 4616 Hoc

65 4642 102 4706 sd
115 4645 212 4705 vitam
228 4644 429 4706 immortalem
440 4652 472 4703 et
485 4644 612 4716 beatam,
628 4644 765 4723 exemplo
814 4647 894 4705 enim
910 4654 990 4707 esset
1001 4648 1083 4706 carni
1095 4647 1216 4707 servire.
1238 4644 1395 4726 Relinquit
1410 4651 1510 4705 autern

66 4731 179 4795 Christi
194 4731 309 4813 cepitis
323 4739 356 4792 et
369 4731 562 4813 primogeniti
575 4738 765 4793 mortuorum.
814 4750 854 4793 ex
865 4731 994 4793 sarrano
1007 4732 1304 4814 subintelligendum:
1316 4730 1373 4793 sed
1383 4730 1510 4815 spiritui,
