3254 5190
526 269 689 325 senentes
706 269 916 325 ltu-nomos,
944 272 1027 326 vens.
1045 274 1087 327 tt.
1448 280 1518 347 821

79 446 220 505 mi
237 442 400 524 Nunquam
415 464 489 506 vero
504 449 633 508 sumitur
646 466 702 527 pro
717 445 776 507 dis·
827 446 969 509 baberet:
985 469 1023 509 ex
1037 447 1097 529 quo
1114 446 1169 508 illa
1184 449 1276 508 animi
1286 448 1438 510 fluctuatio
1453 468 1521 529 pro·

79 548 203 593 mers
216 538 274 590 ant
287 529 472 610 dijudieare:
496 532 550 594 sed
562 535 615 594 ubi
630 533 705 594 haee
721 534 777 613 sig·
828 534 956 596 cedebat
972 534 1010 596 de
1026 535 1143 597 edendo
1166 540 1216 596 aut
1231 556 1292 597 non
1307 535 1423 597 edendo
1440 537 1522 596 eibos

79 616 211 678 nideatio
226 620 366 695 oeeurrit,
389 620 420 680 in
436 617 553 681 Graeco
568 621 693 683 verbum
707 622 779 681 acti·
827 643 883 701 per
897 622 994 703 legem
1005 622 1184 683 immundos.
1198 621 1246 682 Ita
1255 621 1345 682 fidem
1355 623 1522 703 hioaeeipi‚

80 720 150 765 mn
162 712 214 765 eat
224 700 399 783 διακρίνειν,
412 716 443 766 ut
455 706 563 768 Matth.
580 710 627 768 16.
650 708 778 769 Fontem
826 707 915 770 facile
930 710 1081 790 colligitur
1097 730 1136 770 ex
1150 708 1359 788 superioribus,
1373 718 1407 769 ut
1422 729 1461 769 ex
1477 729 1522 780 eo,

81 791 156 852 aeta·
179 791 365 866 demisere
386 797 492 855 nostia
516 796 581 855 Aet.
608 798 657 856 lb.
690 795 778 855 Nihil
827 795 911 878 quod
924 797 1017 876 paulo
1032 805 1104 857 ante
1120 795 1214 856 dixit:
1243 799 1293 856 Tu
1309 797 1404 872 fidem
1418 796 1521 870 habes,

83 876 231 939 amovit
257 882 343 940 iuter
368 898 427 942 noe
452 889 482 941 et
505 882 585 943 illos.
616 886 631 941 1
656 880 724 942 (lor.
746 883 777 943 t.
827 893 857 944 et
872 883 955 965 quod
969 883 1063 944 multo
1078 884 1230 963 superius:
1247 884 1338 942 Alius
1354 886 1437 943 enim
1454 902 1521 942 cre·

83 967 154 1047 osta
167 974 202 1026 te
216 966 392 1027 discernit?
413 976 446 1028 et
466 989 532 1048 oap.
558 973 607 1030 11.
637 970 712 1029 Nost
727 967 778 1027 di·
827 971 875 1031 dit
897 989 927 1030 se
942 970 1140 1031 enaodueore
1157 973 1273 1030 ooania
1304 968 1424 1050 Quibus
1446 970 1521 1029 loeis

79 1052 674 1131 ffleueasoorptseDominiatiterum:
687 1054 778 1134 Quod
825 1058 948 1138 planum
971 1066 1025 1131 est,
1047 1056 1118 1117 fidei
1136 1057 1256 1116 nomine
1273 1056 1437 1136 significari
1455 1075 1521 1136 per·

83 1142 106 1199 d
131 1143 343 1217 aomtetiptos
371 1142 630 1219 dijudicaremus,
662 1151 717 1204 eto.
748 1148 779 1203 et
827 1146 998 1204 suasionem
1014 1151 1045 1204 et
1060 1163 1218 1204 assensum
1234 1143 1326 1202 animi
1343 1143 1520 1204 determina·

86 1245 147 1306 up.
165 1229 217 1288 14.
241 1228 366 1289 osam
380 1229 565 1304 dijudieeot.
826 1239 886 1291 tum
901 1232 932 1291 in
947 1230 1073 1291 alteram
1087 1239 1212 1310 partem,
1227 1232 1294 1291 sive
1312 1249 1453 1291 assensus
1469 1228 1521 1289 ille

120 1313 181 1374 Ilst
207 1314 301 1394 igitur
326 1314 433 1379 sensti
448 1316 622 1377 ¹seeundum
644 1315 778 1377 Graecos
826 1319 866 1379 sit
888 1317 1074 1378 certitudinis
1096 1317 1228 1389 divinae,
1251 1319 1319 1377 sive
1334 1325 1452 1377 tentum
1467 1316 1519 1376 hu·

84 1400 278 1481 stupratas:
301 1398 462 1485 Eum'lpui
475 1402 573 1464 adhue
588 1405 630 1464 ita
645 1401 777 1463 infirmus
825 1403 1288 1484 manae,siveutriusquesimul.
1309 1403 1398 1465 Unde
1406 1403 1521 1464 sthene

85 1496 133 1561 em,
146 1496 185 1547 ut
198 1507 262 1549 non
273 1495 389 1549 stamat
400 1489 457 1551 sibi
470 1488 584 1552 lieitnm
596 1506 663 1551 esse
678 1489 776 1550 eibum
825 1490 914 1551 fidem
927 1510 1019 1572 supra
1029 1493 1149 1552 miscuit
1160 1511 1226 1551 eum
1238 1492 1371 1564 seientia,
1383 1510 1452 1551 oum
1462 1492 1520 1550 ait:

84 1576 278 1655 propositum,
293 1574 347 1636 aed
358 1575 490 1641 haesitet
503 1586 604 1638 utrum
618 1575 707 1636 edere
719 1575 778 1636 sibi
825 1581 896 1642 Seio
912 1586 942 1638 et
955 1579 1082 1655 confido
1094 1582 1171 1657 quia
1182 1580 1450 1654 anticameram,
1464 1586 1519 1638 ete.

83 1660 170 1723 beent
179 1684 221 1724 an
232 1682 303 1736 non,
314 1660 341 1724 si
352 1664 498 1737 eomedet,
514 1664 686 1725 damnatum
701 1682 776 1724 esse
868 1668 969 1728 Omne
992 1674 1109 1741 auum,
1134 1667 1219 1743 qued
1241 1685 1309 1728 nort
1329 1674 1374 1725 est
1397 1686 1434 1727 es
1447 1666 1519 1743 fide,

83 1748 176 1812 Favet
195 1751 272 1810 itan
289 1749 419 1832 Syriaca
439 1753 559 1814 versio:
587 1754 642 1828 pisi
656 1751 777 1813 diuisus
822 1760 988 1831 peecatum
1005 1761 1056 1815 ert.
1089 1754 1179 1813 Hane
1202 1755 1382 1814 sententiam
1397 1753 1520 1835 quidam

84 1846 131 1914 a,
153 1838 187 1899 id
203 1845 260 1911 est
284 1837 401 1912 dubius,
416 1858 537 1919 anceps.
569 1837 708 1900 Ostendit
722 1860 774 1900 au·
825 1841 1006 1921 generaliter
1021 1843 1210 1921 interpretati
1234 1849 1305 1901 sunt
1320 1842 1359 1902 de
1375 1839 1441 1914 fide,
1460 1861 1521 1921 qua

83 1934 139 1988 tn
152 1924 207 1987 bie
221 1924 318 1999 loeus,
335 1924 370 1986 td·
382 1925 464 2006 qnod
481 1926 605 1987 tradunt
618 1927 776 2007 Theologi
825 1926 986 1989 Christiani
1001 1947 1112 2001 sumus,
1135 1938 1166 1988 et
1180 1949 1200 1989 a
1221 1947 1283 2008 qua
1303 1927 1408 1988 fideles
1430 1948 1518 1990 voea—

82 2030 145 2075 m
166 2013 223 2094 qui
236 2011 312 2073 feeit
325 2011 363 2073 tle
378 2031 440 2093 quo
455 2013 576 2074 dubitat
598 2006 638 2073 an
652 2016 693 2075 sit
705 2034 775 2096 peo-
823 2036 905 2078 mur:
920 2025 1067 2097 tanquam
1079 2033 1186 2075 sensus
1197 2017 1245 2087 sit,
1256 2034 1344 2075 omne
1352 2014 1429 2077 illud
1441 2034 1518 2095 opus

81 2110 187 2176 ratum,
202 2118 346 2180 peecams
373 2099 463 2179 Quod
484 2120 541 2162 nee
557 2099 679 2162 lunius
693 2102 776 2183 igno·
825 2124 891 2165 esse
902 2111 1068 2184 peecatum,
1080 2101 1231 2181 quodnon
1243 2101 1380 2181 procedit
1390 2102 1429 2162 ab
1441 2105 1520 2181 ejus·

82 2190 165 2261 ravit,
179 2186 235 2270 qui
250 2186 327 2247 libro
344 2191 371 2246 1.
405 2185 487 2248 offis
503 2187 577 2248 dieit
591 2188 667 2249 nihil
683 2208 775 2269 agen·
823 2189 904 2251 modi
918 2189 985 2250 fide.
1015 2191 1065 2250 Ex
1080 2208 1142 2268 quo
1160 2186 1268 2250 deinde
1289 2197 1436 2268 tanquam
1452 2210 1517 2250 eon·

80 2272 155 2349 lam,
166 2273 252 2356 quod
264 2272 381 2337 dubites
391 2292 519 2355 aequum
531 2277 571 2336 sit
581 2294 620 2335 an
632 2277 775 2356 iniquum.
823 2275 1143 2358 sequenssssevolunt,
1152 2274 1520 2358 omniainfideliumopera

118 2362 217 2423 Porro
230 2380 342 2422 nomen
356 2360 556 2423 damnationis
576 2362 607 2421 in
622 2363 776 2443 seripturis
823 2384 892 2426 asse
912 2372 1048 2445 peecata.
1082 2361 1132 2421 Βία
1147 2360 1293 2443 Origenes
1309 2363 1341 2421 iu
1362 2371 1517 2424 comment

81 2448 223 2531 pnerale
237 2457 294 2524 eat,
309 2467 346 2508 aa
361 2466 455 2527 saepe
467 2447 637 2509 extenditur
651 2449 691 2510 ad
705 2471 775 2531 poe·
823 2451 936 2512 diserte
952 2470 990 2512 ex
1007 2450 1054 2510 bis
1069 2448 1211 2527 Apostoli
1232 2448 1332 2509 verbis
1359 2452 1460 2511 onmia
1475 2452 1518 2510 in·

80 2556 144 2597 uam
158 2533 368 2616 temporalem,
383 2535 531 2602 mterdnn
546 2536 691 2597 etiam—ad
704 2557 775 2619 poe·
824 2538 956 2599 fidelium
972 2556 1064 2616 opera
1079 2538 1198 2617 peoeati
1213 2534 1429 2596 sondemnans:
1451 2537 1520 2598 lieet

80 2643 144 2684 uam
157 2622 294 2685 venialis
306 2624 438 2703 peeeati,
459 2632 496 2682 ut
512 2623 622 2683 Mattb.
641 2627 690 2685 lt.
723 2627 776 2687 Ee
824 2625 957 2706 ambigat
979 2622 1122 2695 nonnihil.
1146 2645 1187 2684 an
1202 2622 1283 2684 idem
1298 2621 1337 2682 de
1353 2623 1518 2685 haeretieo-

80 2711 179 2771 osrbie
193 2712 260 2771 tatis
270 2709 542 2786 eoademnobert's,
558 2709 612 2771 ubi
623 2708 662 2770 de
672 2712 773 2772 verbis
822 2732 887 2774 rum
902 2711 1042 2793 operibus
1056 2709 1215 2771 dicendum
1230 2711 1277 2770 sit.

80 2799 181 2859 otiosis
197 2815 297 2858 sermo
311 2805 385 2858 erat
408 2796 499 2857 Unde
512 2817 552 2858 ex
563 2798 619 2858 hoo
631 2795 699 2858 loeo
713 2819 774 2859 non
865 2800 928 2860 Pro
944 2800 1049 2861 eadem
1065 2798 1259 2875 expositione
1281 2802 1313 2856 et
1325 2795 1461 2858 doctrina
1476 2797 1517 2858 al·

80 2887 218 2967 sequitur,
244 2900 362 2944 omnem
378 2901 448 2944 eum
459 2902 587 2964 peceare
599 2884 774 2959 mortaliter,
823 2885 940 2967 legatur
949 2892 1081 2962 sapon.
1096 2882 1147 2944 lib.
1160 2888 1188 2946 t.
1205 2892 1308 2945 souma
1319 2881 1434 2945 Julian.
1450 2904 1517 2964 esp.

80 2980 105 3031 et
118 2971 285 3034 obnoxium
306 2970 373 3030 lieri
428 2969 556 3046 hennae,
582 2972 634 3051 qni
648 2972 774 3033 mandu-
823 2974 860 3048 3.,
876 2973 928 3035 nbi
944 2994 983 3036 ox
997 2972 1134 3052 professo
1149 2969 1343 3050 deoperibns
1354 2969 1518 3032 infidelium

80 3066 131 3133 ert,
155 3066 213 3119 ant
228 3056 305 3138 quid
319 3055 382 3117 aliu
419 3054 484 3136 agit
497 3066 602 3118 eontra
616 3061 772 3119 eonseisn·
823 3079 926 3141 agona
941 3059 1046 3123 exboe
1057 3057 1272 3139 Apostoli'loeo
1284 3057 1443 3131 concludit,
1457 3079 1516 3117 om-

79 3144 152 3205 t‘m
177 3145 213 3206 st
227 3144 308 3205 enim
324 3144 540 3206 eouseientiam
550 3144 642 3204 habet
654 3149 774 3224 peceati
821 3149 880 3220 nia,
904 3148 936 3207 in
959 3156 1105 3228 quantum
1128 3165 1167 3205 ex
1189 3144 1249 3205 lide
1272 3165 1331 3204 non
1346 3155 1425 3218 sunt
1448 3164 1517 3205 osse

78 3231 217 3315 mortalis,
245 3238 354 3313 peeoat
375 3232 557 3308 mortalitem
583 3232 615 3291 si·
636 3232 774 3304 venialia,
823 3243 958 3314 peooata.
974 3230 1166 3294 Adeundem
1178 3250 1299 3291 sensum
1311 3231 1385 3291 alias
1397 3251 1517 3312 quoque

80 3317 244 3381 mutter.
266 3310 492 3399 Hie'gsneralis
507 3318 675 3379 intellectus
690 3328 775 3399 patet
822 3321 920 3381 losum
949 3319 1029 3380 hune
1057 3316 1190 3390 adducit.
1215 3326 1250 3379 ut
1278 3316 1329 3377 lib.
1357 3317 1394 3378 de
1420 3321 1519 3397 gratia

80 3406 163 3467 etan
189 3416 247 3469 αἱ
271 3403 450 3484 probatione
485 3405 584 3465 statim
619 3414 773 3485 sequente,
823 3405 935 3467 christi
950 3426 1017 3486 eap.
1031 3409 1090 3478 26„
1105 3405 1158 3465 lib.
1172 3402 1250 3464 1.de
1262 3403 1437 3464 adulterinis
1451 3426 1517 3465 eon·

81 3508 168 3553 outae
194 3491 283 3569 pasotl
303 3502 375 3561 ¹saort
398 3498 441 3550 est
462 3508 501 3552 ex
515 3490 587 3568 fide,
609 3500 773 3566 peceatum
818 3495 1071 3573 jugiiaoap.18.,
1097 3494 1184 3571 epist
1202 3493 1271 3552 105.
1288 3490 1328 3550 ad
1342 3491 1470 3551 Sixtum.
1486 3502 1519 3552 et

82 3586 127 3639 ec.
162 3578 277 3658 Itaque
291 3576 512 3641 damnationem
528 3576 679 3657 intelligit,
695 3597 775 3658 quae
824 3580 895 3641 143.
912 3578 952 3639 ad
966 3579 1131 3640 Julianam
1153 3579 1206 3639 Sie
1222 3588 1254 3638 et
1267 3580 1407 3654 Prosper·
1421 3578 1471 3638 lib.
1488 3583 1517 3641 s

80 3674 202 3743 peeeato
215 3664 382 3745 respondet
395 3666 426 3725 in
438 3682 563 3743 genere:
577 3667 698 3726 tametsi
712 3684 772 3726 ma·
822 3666 861 3727 de
882 3666 948 3727 vita
969 3664 1127 3746 contempl
1149 3686 1214 3744 esp.
1240 3669 1266 3724 1.
1290 3675 1395 3726 eoutm
1417 3665 1517 3725 collat

80 3752 120 3830 gh
141 3753 298 3832 respieere
319 3750 439 3812 videtur
462 3750 501 3811 ad
524 3750 658 3811 mortale.
695 3751 773 3812 Nam
822 3772 890 3833 sap.
919 3755 969 3813 22.
993 3760 1023 3813 et
1049 3753 1099 3813 28.
1125 3761 1156 3813 et
1179 3755 1210 3812 in
1233 3753 1318 3832 epist
1340 3751 1380 3812 ad
1399 3752 1517 3824 Rnffin„

81 3854 167 3919 upra
183 3837 278 3898 dixit:
293 3836 367 3898 Noli
378 3839 445 3898 oibo
457 3845 511 3897 tuo
523 3838 617 3897 illum
624 3840 771 3913 perdere,
820 3841 957 3919 itemque
981 3840 1169 3914 Falpentius
1197 3839 1250 3898 lib.
1282 3841 1310 3897 2.
1339 3837 1377 3897 de
1402 3839 1515 3898 remiss.

76 3942 135 4001 pm
146 3944 212 4003 pato
229 3925 373 3986 otram
386 3932 531 3985 mortuus
547 3930 602 4000 eet,
622 3930 684 3985 etl
702 3924 771 3986 Oor.
821 3935 935 4006 peceat.
960 3945 1025 4006 sap.
1044 3931 1070 3986 1.
1093 3926 1165 3999 Nos,
1189 3924 1271 4006 quod
1285 3924 1325 3984 ad
1347 3943 1438 4004 opera
1454 3925 1516 3984 infi-

78 4010 104 4070 8.
124 4011 251 4073 Perseia
263 4014 299 4071 in
308 4018 366 4073 tuo
373 4014 504 4072 teleettt'a
510 4012 626 4088 frater,
638 4019 773 4089 psopter
820 4012 930 4073 delium
945 4015 1062 4084 attinet,
1077 4022 1177 4073 utrum
1194 4012 1293 4072 omnis
1307 4018 1435 4090 peecata
1449 4012 1517 4082 sint,

77 4099 469 4174 wesmannus
478 4104 529 4159 est.
545 4098 686 4178 Sequitur
696 4101 771 4160 ratio
821 4119 877 4159 neo
899 4119 947 4175 ne,
971 4106 1003 4158 et
1025 4118 1085 4180 quo
1104 4119 1196 4160 sensu
1216 4098 1314 4177 possit
1336 4096 1463 4175 intelligi
1485 4096 1515 4156 id

77 4187 256 4246 nemetae:
821 4185 932 4246 dietum
948 4206 968 4246 a
981 4185 1119 4265 patribus
1129 4186 1306 4264 Augustino,
1320 4184 1469 4263 Prospero
1485 4192 1517 4242 et

114 4268 333 4352 Quia'nonex
343 4271 415 4348 fide.
437 4270 574 4333 Snbeudi
585 4271 770 4333 mandueat.
820 4272 991 4350 ingentio,
1003 4272 1223 4333 discutiendum
1231 4272 1408 4330 remittimus
1417 4270 1514 4331 adlib.

78 4356 115 4418 lit
127 4377 237 4420 nume
250 4360 405 4439 est=.quia
420 4380 481 4419 non
496 4358 560 4418 edit
574 4377 641 4419 eum
657 4378 695 4418 ea
709 4361 771 4419 ani·
821 4361 850 4418 2.
863 4367 939 4418 sent
953 4359 1022 4419 dist.
1035 4364 1085 4420 41.
1098 4359 1175 4418 etad
1187 4366 1343 4418 comment.
1356 4357 1391 4417 B.
1400 4357 1516 4418 Perarii

76 4446 114 4505 ni
134 4446 340 4526 permanens,
366 4464 425 4526 qua
450 4445 554 4506 eredat
575 4444 631 4504 sibi
654 4444 771 4506 licitum
820 4447 851 4505 in
865 4445 944 4504 huno
959 4444 1066 4519 locum,
1089 4445 1142 4503 ubi
1158 4465 1212 4526 per
1230 4445 1367 4523 quinque
1381 4443 1514 4523 disputa·

76 4527 128 4592 be
149 4548 232 4594 esse
263 4531 404 4592 Nondum
428 4535 507 4592 enim
531 4551 566 4591 eo
593 4530 771 4610 prosederat,
820 4533 919 4592 tiones
942 4551 1010 4592 eam
1033 4532 1265 4592 controversiam
1286 4539 1396 4592 tractat
1417 4541 1450 4591 st
1464 4532 1514 4591 ab·

74 4626 110 4679 rt·
124 4618 178 4683 vel
202 4619 304 4700 legem
326 4617 365 4679 ad
388 4620 505 4700 sejam
529 4618 605 4678 nihil
619 4621 771 4698 pertinere
820 4617 916 4679 solvit.

77 4707 225 4781 ederet,
252 4705 304 4768 sel
329 4724 433 4769 omues
460 4705 551 4767 eibos
569 4725 626 4785 pru
654 4705 773 4768 mundis
863 4703 956 4766 Certe
983 4707 1140 4785 praesenti
1167 4704 1233 4767 loeo
1259 4724 1366 4766 sensus
1388 4704 1514 4780 illorum

117 4804 364 4847 uitiatum
383 4804 468 4845 ran-l.
1264 4810 1306 4871 21
