3254 5190
399 285 615 344 murnum
634 288 782 345 nosnos
800 287 884 342 vrrs
902 290 929 341 s.
1320 284 1390 365 m

72 467 178 523 toiro
192 464 289 522 ultori
296 509 307 539 ,
331 463 363 523 id
378 474 439 536 est,
465 466 490 526 si
506 465 647 546 eopnlets
694 466 732 526 de
747 463 931 525 caerimoniis
942 462 1019 541 legis
1029 457 1208 540 Apostolum
1218 475 1318 537 ogere,
1333 455 1388 517 sed

70 548 117 608 slii
147 551 223 609 viro.
253 550 312 610 Est
338 553 415 611 enim
440 553 647 616 Hebrnismus.
695 552 816 630 delego
829 549 1018 630 simplieiter,
1039 556 1071 607 et
1092 543 1213 627 quidem
1229 544 1393 623 praeeipue

71 635 149 696 tium
164 637 325 715 Angustin.
338 637 513 698 observavit
522 640 553 697 in
567 638 646 699 loou·
695 637 734 699 de
749 637 817 716 lege
832 633 976 714 deoslogi.
991 632 1071 693 Num
1087 652 1126 692 ex
1141 651 1179 691 ee
1194 629 1344 710 depromit
1358 628 1392 689 il-

71 741 77 779 ι
92 719 135 783 de
151 723 289 782 Levitico
305 743 371 803 cap.
395 727 462 784 22:
485 726 573 786 Filio
595 743 649 785 so·
696 723 762 784 lud:
777 725 851 783 Non
866 723 1071 797 corruptores.

71 810 115 868 ssi
124 809 230 884 fuerit
243 811 528 886 oiroulieoipersae.
547 814 649 872 Voou·
738 811 836 890 Igitur
851 827 956 869 seusus
972 813 1034 877 est,
1055 804 1161 866 fideles
1184 802 1245 881 legi
1258 808 1392 861 mortuos

71 914 119 953 ron
131 894 422 975 quomodocumque,
438 897 492 957 ssd
507 907 650 958 uoousuts
697 915 771 970 esse,
785 893 969 976 proindeque
984 892 1045 971 legi
1061 912 1120 952 non
1132 887 1262 968 emplius
1273 886 1392 965 subjee-

71 979 202 1041 ndioem.
229 982 308 1041 'Pele
332 982 403 1061 quid
425 985 502 1043 enim
519 985 650 1044 insinuet
697 992 761 1057 tos:
775 1002 813 1041 no
828 987 1044 1060 consequenter
1059 979 1089 1038 in
1104 978 1140 1037 iis
1147 976 1212 1052 jem
1225 974 1321 1034 loeum
1333 994 1393 1034 non

71 1084 146 1127 sees
162 1063 353 1144 χρηματίσει.
366 1070 459 1130 Reete
475 1079 578 1130 sutem
593 1071 650 1130 hoo
698 1068 809 1129 hebere
825 1088 863 1129 es
876 1068 952 1146 logis
972 1065 1083 1137 officio,
1106 1081 1186 1143 quse
1208 1061 1253 1121 illi
1273 1061 1395 1139 proprie

71 1155 127 1213 rtit
142 1154 293 1232 interpres
317 1159 439 1215 vivente
454 1159 527 1217 uiro
534 1201 545 1231 ‚
569 1155 651 1235 quod
699 1165 782 1227 suut,
797 1164 831 1215 ut
843 1175 863 1215 e
877 1153 975 1232 gratio
989 1150 1198 1229 distinguitur,
1213 1147 1244 1207 id
1261 1152 1321 1217 ost,
1342 1146 1394 1205 mi·

73 1258 92 1298 s
105 1259 170 1299 non
185 1241 292 1320 potuit
315 1241 393 1301 Sunt
414 1243 493 1302 euim
509 1243 555 1303 hio
569 1244 651 1322 geni·
698 1243 772 1315 neri,
783 1259 934 1311 eoeneum,
946 1246 1067 1310 terrere,
1079 1235 1221 1297 damnare
1232 1241 1263 1295 et
1274 1233 1393 1311 punire.

72 1327 85 1385 i
101 1324 232 1386 Graecis
245 1326 383 1388 obsolute
397 1338 561 1408 ponuntur,
578 1348 651 1408 quo·
699 1329 843 1398 Mortuos,
857 1328 991 1406 iuquum,
1013 1342 1068 1402 per
1083 1341 1192 1401 eorpus
1207 1318 1326 1391 Christi,
1339 1319 1395 1378 sei·

72 1413 173 1471 ntinis
189 1412 325 1471 elolstivi
700 1416 787 1485 lieet,
812 1422 848 1473 nt
869 1411 990 1492 quidem
1014 1415 1185 1489 exponunt,
1211 1407 1344 1467 oblatum
1365 1412 1396 1464 et

72 1504 147 1558 rtem
156 1506 300 1559 mortuos
308 1500 410 1576 suem
421 1503 557 1577 viratus,
574 1502 651 1562 libe·
699 1508 849 1561 mortuum
862 1500 893 1559 in
908 1517 1014 1572 oruoe;
1028 1506 1063 1556 ut
1077 1513 1180 1556 sensus
1195 1495 1247 1568 sit,
1262 1511 1317 1570 per
1332 1510 1396 1551 oru-

72 1586 185 1659 :slepe
196 1586 443 1646 oiri.Relutivum
456 1592 523 1661 rjus
534 1609 652 1649 rursum
700 1607 764 1648 nem
780 1597 811 1646 et
824 1593 947 1647 mortem
963 1582 1090 1655 Christi,
1105 1601 1196 1662 quum
1218 1582 1249 1640 iu
1270 1595 1397 1657 corpore

72 1679 177 1751 rprete
191 1673 371 1751 suppletum.
388 1673 456 1733 Nee
471 1673 587 1735 Grneos
602 1676 652 1735 he·
701 1694 755 1734 suo
783 1672 940 1746 sustinuit:
966 1667 1117 1749 quomodo
1142 1667 1216 1727 dioit
1242 1664 1322 1744 liph.
1353 1664 1397 1735 2„

72 1758 186 1817 beruto
203 1760 429 1834 estalepeor'rt',
445 1780 501 1820 neo
518 1761 653 1822 Hilarius
701 1759 853 1821 Christum
879 1758 1006 1819 solvisse
1033 1757 1218 1818 inimicitius
1239 1755 1276 1812 iu
1298 1768 1395 1810 eorm

72 1846 123 1903 iri.
137 1843 201 1904 Sed
209 1843 326 1904 Graece
332 1854 456 1917 tuntum,
468 1847 568 1907 libero
577 1856 622 1908 ost
632 1867 653 1906 a
700 1866 769 1922 suo,
785 1846 882 1917 idest,
895 1864 949 1924 per
960 1863 1081 1905 osrnem
1093 1861 1174 1902 susm
1187 1838 1268 1900 ornei
1278 1837 1396 1899 affixum

72 1931 653 2014 iliuetee,qusviroerutolliguteetque
701 1942 732 1993 et
747 1935 776 1993 in
793 1952 879 1992 ornoe
895 1939 1051 1991 mortuum.
1067 1927 1125 1989 Vel
1138 1928 1238 2006 potius
1253 1933 1285 1985 et
1298 1923 1396 1983 textui

72 2037 105 2089 s,
124 2036 219 2096 quem
236 2037 325 2096 supro
339 2020 459 2078 vooevit
474 2020 571 2099 legem
586 2021 651 2081 viri
701 2020 930 2099 congruentius:
951 2034 1010 2093 per
1025 2033 1139 2092 eorpus
1151 2014 1278 2086 Oloristr',
1295 2010 1397 2081 idest,

72 2122 129 2163 tort
144 2107 185 2164 stt
210 2104 377 2178 adultero,
404 2109 430 2164 ti
454 2107 556 2183 suerit
581 2125 653 2166 eum
700 2127 754 2187 per
768 2107 840 2177 hoo,
866 2102 950 2185 quod
972 2110 1043 2163 sunt
1065 2100 1247 2179 incorporati
1267 2096 1397 2166 Christo,

72 2208 115 2250 ro.
141 2190 275 2250 Grneoe:
298 2193 325 2250 si
343 2192 445 2268 ssent
463 2196 531 2254 viro
547 2195 651 2267 alteri,
700 2201 842 2273 tunquam
857 2189 1010 2270 oonjnnoti
1023 2188 1111 2249 elteri
1124 2188 1208 2258 viro,
1229 2193 1259 2245 et
1278 2203 1345 2244 oum
1359 2201 1397 2242 eo

73 2295 116 2335 rt
140 2276 270 2336 Sensus:
301 2297 337 2336 eo
359 2277 486 2356 proinde
510 2301 569 2340 nou
596 2281 654 2339 erit
700 2279 844 2339 ieotiuus
858 2297 936 2337 cero.
958 2275 1037 2335 Nem
1051 2275 1204 2354 seqnitur:

73 2382 110 2434 ι,
133 2382 190 2422 nee
204 2371 239 2420 ut
254 2363 323 2425 telis
337 2365 526 2425 sooussbitur
541 2373 595 2426 eut
604 2365 653 2443 ju·
750 2367 790 2426 Ut
803 2367 869 2425 sitis
884 2365 1024 2424 alterius.
1055 2360 1188 2433 Groeoe,
1213 2365 1250 2419 ut
1263 2359 1330 2416 sitis
1345 2355 1395 2415 ut·

73 2468 111 2520 rr,
119 2450 237 2509 etiarnsi
247 2452 409 2528 eonjunots
419 2450 654 2512 fueritsliiviro.
701 2454 771 2527 teri,
787 2453 859 2523 sive,
875 2447 1024 2529 quomodo
1039 2448 1113 2527 legit
1127 2443 1347 2513 Tertullianus,
1361 2447 1397 2500 ut

73 2544 176 2612 taque.
190 2535 311 2611 fratrer
325 2541 397 2611 mei,
424 2545 453 2597 et
467 2557 522 2598 vos
536 2542 652 2599 morti·
699 2539 885 2616 efficiamini
899 2537 1001 2597 ultori.
1018 2533 1106 2614 Ques
1120 2531 1236 2614 phresis
1247 2530 1310 2608 jem
1326 2535 1395 2597 ente

79 2624 153 2681 estis
187 2623 248 2698 loys·
281 2642 341 2700 per
378 2642 493 2701 eorpus
529 2626 652 2693 Christi.
700 2628 838 2705 exposite
861 2631 914 2684 est
942 2621 1021 2682 Num
1043 2621 1151 2681 allusio
1174 2625 1221 2680 est
1241 2614 1281 2675 sd
1295 2613 1396 2691 eonju-

73 2708 153 2779 lnm,
175 2708 255 2787 quod
279 2710 316 2769 de
338 2710 462 2770 muliere
479 2720 510 2772 et
523 2713 587 2771 viro
602 2711 652 2771 ud·
699 2714 798 2792 ginm,
820 2730 840 2770 s
862 2730 924 2790 quo
940 2709 1190 2787 computationem
1206 2702 1350 2764 desumsit
1364 2701 1395 2759 iu

73 2795 246 2873 tnpplieut
261 2798 402 2856 instituto.
425 2797 525 2868 Siout,
547 2798 653 2877 inquit
700 2798 910 2877 superioribus.
926 2796 969 2855 Et
983 2791 1106 2873 quidem
1122 2796 1151 2853 in
1166 2790 1296 2851 editione
1308 2786 1396 2848 Com·

73 2888 155 2940 ortuo
180 2881 229 2941 lex
258 2883 406 2962 conjugii,
425 2884 475 2943 vel
497 2885 586 2943 etiem
608 2886 655 2945 vir
699 2884 832 2977 plutensi
857 2885 900 2942 sie
929 2899 1075 2959 expresse
1101 2880 1211 2957 legitur
1236 2876 1294 2936 hoc
1319 2873 1396 2946 loeo,

73 2967 105 3027 rii
115 2968 653 3046 empliushubetjurisinmuliorem,
702 2962 790 3048 ανδρὶ
813 2960 927 3046 ἑτέρω,
954 2971 1023 3027 viro
1048 2968 1151 3027 alteri.
1179 2965 1222 3024 Et
1241 2963 1273 3023 in
1293 2960 1397 3022 codiee

77 3053 167 3123 Mosi,
184 3086 223 3095 -
240 3057 289 3115 oui
303 3076 358 3115 uos
373 3057 396 3116 J
397 3056 487 3117 udnei
502 3053 582 3131 (nuru
599 3057 653 3117 Ju·
700 3056 991 3129 honorariorum
1006 3055 1138 3113 alteriue
1152 3053 1225 3111 vrrs

74 3138 233 3216 dloqnitur,
249 3149 282 3200 ut
296 3141 408 3201 dietum
422 3139 488 3217 est),
504 3142 653 3222 iidemque
744 3147 805 3222 Qui
831 3161 869 3204 ex
893 3143 1027 3202 osortots
1052 3141 1232 3202 resurrexit.
1261 3135 1394 3197 Grreoe:

74 3238 127 3285 sto
143 3231 247 3285 fratres
263 3231 335 3299 mei,
351 3230 418 3306 jam
437 3231 547 3309 rnortui
572 3230 653 3299 estis,
701 3233 748 3305 ri,
763 3233 819 3306 qui
840 3247 877 3289 ex
899 3229 1033 3288 mortuis
1054 3229 1219 3287 noscitetur
1243 3231 1294 3284 ert.
1317 3222 1395 3281 Num

74 3312 652 3393 sproindevieissimvobisestmortun,
700 3316 842 3378 articulus
860 3314 981 3375 additus
1003 3313 1167 3394 emphssiru
1189 3309 1278 3382 fsoit,
1304 3326 1395 3387 quem

74 3398 232 3478 ismplius
247 3403 277 3461 in
291 3420 346 3460 vos
356 3403 434 3479 juris
451 3400 548 3462 hebet.
700 3406 743 3465 sio
756 3402 904 3481 expressit
918 3401 1027 3461 Hilarii
1043 3401 1161 3461 citetio:
1183 3405 1220 3458 ut
1235 3397 1337 3472 stipsi
1351 3395 1394 3455 st'·

90 3485 174 3566 qnod
189 3485 263 3546 dicit
274 3489 454 3566 Apostolus:
468 3489 653 3564 mortificati
700 3494 740 3551 tis
754 3491 896 3564 ulterius,
911 3490 1016 3563 hujus,
1032 3490 1087 3564 qui
1102 3505 1123 3545 a
1138 3486 1273 3547 mortuis
1287 3500 1394 3544 resur·

74 3575 120 3649 pi,
144 3573 281 3633 nonnulli
305 3575 487 3654 restringunt
501 3574 540 3634 ud
555 3575 654 3653 legem
700 3580 790 3638 rexit.
814 3576 940 3637 Sensus:
963 3574 1033 3655 Quo
1049 3574 1092 3647 iit,
1107 3579 1141 3632 ut
1154 3571 1220 3632 loeo
1232 3569 1343 3629 veteris
1354 3566 1395 3627 le·

74 3659 212 3732 mislem,
226 3671 261 3720 nt
275 3661 314 3719 sit
328 3681 450 3734 sensus,
465 3660 570 3722 fideles
586 3681 654 3723 esse
699 3665 745 3744 gis
755 3665 820 3743 jsrn
834 3661 925 3721 elium
939 3663 1036 3721 virum
1052 3659 1203 3728 habentis,
1225 3659 1315 3736 eique
1329 3675 1396 3715 oon·

74 3764 97 3805 ts
112 3745 154 3805 sb
170 3746 378 3808 observetione
400 3749 651 3822 caerimoniarum,
695 3750 793 3829 junoti
808 3749 889 3819 sitis,
904 3748 991 3826 eujus
1012 3746 1155 3826 deinceps
1171 3744 1292 3805 urbitrio
1313 3760 1396 3820 rego·

74 3851 94 3892 x
113 3831 250 3892 Moesius
271 3833 460 3912 praeseribit,
486 3834 577 3915 idque
598 3854 654 3914 per
700 3838 788 3910 mini:
804 3835 918 3895 soilioet
933 3836 1007 3912 ejus,
1023 3834 1075 3913 qui
1091 3840 1215 3892 smorte
1226 3827 1397 3897 resurrexit,

75 3916 197 3992 Olrristi,
213 3918 244 3979 id
259 3930 306 3979 est
321 3940 375 3999 per
389 3929 512 3980 mortem
529 3921 651 3998 ejusse·
700 3923 740 3983 od
762 3923 849 4001 eujus
870 3921 994 3982 formum
1016 3920 1106 3979 etism
1128 3937 1184 3977 vos
1206 3921 1344 3989 oportent
1366 3914 1397 3972 in

75 4022 222 4084 roorpns,
246 4006 276 4064 in
300 4015 407 4085 quaet
428 4007 653 4087 perqusmlex
700 4010 833 4070 novitate
863 4009 946 4067 vitas
975 4005 1144 4075 ambulare,
1173 4011 1330 4080 tanquam
1359 4016 1398 4060 rx

75 4089 250 4171 ¹⁰hlig⁸ndi
266 4091 405 4170 perdidit·
700 4098 834 4156 mortuis
864 4097 1021 4168 viventes,
1052 4099 1088 4151 ut
1116 4092 1225 4151 dietum
1256 4096 1302 4147 est
1331 4105 1397 4165 esp.

75 4178 251 4259 Apostolum
264 4200 323 4238 non
336 4176 366 4237 id
377 4179 471 4239 solum
484 4178 572 4250 velle,
586 4199 652 4259 per·
700 4179 901 4261 praecedenti.
924 4178 1014 4241 Unde
1030 4187 1059 4237 et
1074 4179 1123 4237 bio
1137 4174 1236 4235 eddit:

75 4284 85 4325 ι
106 4273 170 4337 est,
191 4264 261 4345 quio
283 4262 321 4324 de
343 4264 412 4344 lege
426 4285 486 4325 non
502 4265 590 4325 uliter
603 4265 653 4325 hio
749 4270 788 4327 Ut
797 4267 1026 4344 fructificemus
1039 4265 1116 4325 Deo.
1128 4262 1226 4323 Mutet
1237 4278 1396 4339 personum

75 4370 93 4423 r,
108 4371 199 4431 quem
215 4352 316 4429 eapite
327 4352 482 4429 superiori,
496 4351 548 4411 ubi
560 4350 652 4412 dixit:
699 4351 996 4434 (quodApostoliose
1006 4350 1170 4412 modestiae
1178 4344 1247 4423 est),
1262 4354 1296 4404 ut
1308 4344 1397 4405 etism

75 4440 128 4498 dm
141 4438 203 4498 sub
215 4438 282 4512 lepo
294 4440 377 4511 estis,
392 4438 446 4498 red
460 4438 517 4497 sub
531 4441 650 4515 pratia,
699 4459 733 4500 se
749 4442 847 4519 ipsum
862 4442 892 4501 in
907 4441 965 4500 huo
980 4437 1191 4499 exhortatione
1204 4430 1396 4512 comprehen·

75 4526 186 4587 rivom
209 4522 321 4583 dietum
345 4531 392 4584 est
414 4523 453 4584 de
474 4524 541 4603 lege
556 4528 652 4601 veteri
700 4527 767 4601 det3
790 4528 919 4589 maxime
941 4526 1014 4605 quin
1028 4522 1180 4602 generalis
1195 4529 1244 4582 est
1258 4517 1396 4580 exhorte-

75 4630 122 4673 tsn
135 4611 220 4671 dots
242 4608 359 4670 Deinde
383 4620 413 4670 et
435 4630 486 4681 es,
509 4611 653 4691 quesitio
698 4615 740 4673 tio
755 4615 907 4693 pertinens
922 4610 962 4671 sd
977 4631 1079 4673 omnes
1094 4630 1134 4670 ox
1148 4607 1274 4669 Judueis
1285 4602 1397 4665 fideles.

76 4705 272 4781 ''qum'‘
285 4696 387 4777 P*hm
401 4696 577 4774 ⁰⁸i0ssd¹¹¹¹i2
592 4719 652 4787 11011
698 4700 879 4767 Errantem
902 4708 933 4761 et
953 4699 1003 4769 bio
1022 4695 1062 4765 ud
1084 4696 1258 4788 eonjugium
1278 4688 1396 4752 nllusio.
