3254 5190
90 263 137 328 72
599 254 832 307 COMMENTARIUS
849 255 883 308 ru
899 254 966 308 cti'.
984 255 1024 307 111.

88 450 126 491 ea
136 430 228 490 lectio
240 428 417 510 suppeditat
427 430 500 490 huic
510 431 578 490 loco
590 429 787 490 commodum.
879 431 985 491 Phrasi
1000 429 1131 510 quadam
1147 430 1293 511 peculiari
1307 429 1414 491 fideles
1430 429 1538 490 dieun-

88 517 271 577 Verosimile
287 525 335 577 est
358 526 462 576 autem
478 518 677 596 interpretem
693 517 788 591 illum,
836 527 967 577 maesse
983 537 1022 577 ex
1041 517 1103 593 fide
1120 519 1235 579 Christi
1241 541 1254 596 ,·
1278 516 1538 598 quemadmodum

89 605 143 683 qui
168 606 262 664 vertit
284 607 503 679 propositum,
528 606 558 663 in
585 602 702 663 Graeco
728 624 787 664 non
837 603 998 663 ediverso
1020 603 1220 664 Judaizantes
1243 624 1312 665 esse
1334 602 1480 663 dicuntur
1498 625 1539 664 ex

89 681 229 766 πάρεσιν,
253 689 307 750 sed
323 680 469 765 πρόθεσιν
491 690 613 769 legisse.
837 690 904 768 lege
924 698 955 749 et
977 711 1017 750 ex
1040 691 1181 770 operibus
1207 692 1298 769 legis:
1320 710 1434 769 nempe
1456 689 1539 770 quod

134 780 184 838 26.
208 780 250 838 In
272 779 501 837 sustentatione
525 778 595 837 Dei.
620 777 738 837 Graece
757 767 788 832 ἐν
837 797 876 837 ex
892 777 939 835 his
950 777 1101 854 justitiam
1114 779 1171 837 sibi
1187 779 1407 857 promitterent.
1431 776 1538 837 Habes

13 904 20 925 .
91 863 129 940 τῇ
155 856 257 943 ἀνοχῇ
279 864 331 921 τοῦ
350 857 440 936 Θεοῦ,
465 861 568 935 idest,
591 865 788 924 intoleran·
838 863 986 940 ejusmodi
1015 863 1186 924 locutiones
1213 884 1280 942 cap.
1313 864 1454 944 proxime
1488 882 1537 922 se·

92 952 138 1010 tia
153 953 223 1011 Dei.
247 951 404 1029 Superiori
429 951 530 1027 capite
552 953 645 1009 vertit
670 952 787 1028 patien·
838 960 959 1028 quente,
983 960 1013 1009 et
1029 949 1068 1009 ad
1084 950 1151 1010 Gal.
1168 953 1197 1009 3.

92 1038 175 1096 tiam.
192 1036 282 1116 Quod
299 1036 367 1095 siin
380 1044 468 1114 parte
480 1035 675 1114 praecedenti
687 1038 789 1096 remis·
880 1037 1067 1095 Dioebautur
1083 1039 1173 1097 etiam
1189 1037 1303 1098 Judaei
1323 1058 1389 1097 esse
1411 1055 1451 1097 es·
1473 1040 1538 1096 eir·

92 1126 206 1183 sionem
223 1124 390 1202 accipimus
406 1120 665 1195 condonationem,
683 1142 789 1181 sensus
838 1126 1046 1199 cumeistone5
1070 1123 1124 1182 sed
1140 1124 1178 1183 ob
1196 1123 1226 1182 id
1242 1132 1366 1196 tantum,
1389 1122 1474 1203 quod
1490 1142 1537 1182 se-

93 1220 157 1269 est:
181 1230 262 1289 qnae
279 1217 407 1288 peccata
419 1210 504 1267 Deus
517 1208 665 1269 hactenus
681 1210 789 1268 tolera·
839 1209 968 1268 cundum
983 1210 1083 1288 legem
1096 1212 1262 1270 circumcisi
1274 1219 1382 1270 essent.
1398 1210 1539 1289 Inpriori

92 1299 138 1356 vit
160 1316 197 1356 ac
211 1299 364 1377 patienter
378 1296 456 1368 tulit,
478 1294 618 1356 differens
630 1295 791 1375 judicium,
838 1306 924 1375 parte
941 1299 1110 1355 sententiae
1122 1298 1225 1375 justus
1241 1296 1353 1356 dicitur
1367 1296 1463 1368 Deus,
1486 1295 1540 1356 vel

93 1394 127 1443 ut
144 1386 263 1443 interim
276 1402 330 1442 sno
347 1390 484 1461 tempore
500 1385 728 1462 propitiatorem
740 1402 789 1441 ex·
840 1385 912 1462 quia
933 1385 1080 1462 promissa
1102 1393 1210 1456 servat,
1232 1392 1267 1442 ut
1288 1383 1426 1463 plerique
1448 1401 1540 1462 expo

93 1470 218 1530 hiberet
235 1471 266 1530 Si
280 1490 353 1530 vero
369 1469 577 1529 remissionem
594 1470 791 1548 intelligimus
839 1478 927 1544 nunt3
950 1470 1001 1530 vel
1017 1471 1117 1549 potius
1140 1472 1212 1550 quia
1232 1471 1263 1529 iu
1287 1472 1385 1549 seipso
1407 1470 1539 1530 rectissi-

93 1556 281 1635 languorem,
297 1557 401 1636 aptius
413 1557 561 1615 referetur
577 1557 652 1615 haec
668 1578 739 1635 pars
753 1554 791 1615 ad
839 1577 905 1615 mus
931 1566 991 1629 est,
1015 1559 1113 1616 omnis
1140 1559 1309 1636 iniquitatis
1332 1577 1451 1636 expers.
1490 1555 1541 1616 Sic

95 1646 193 1723 ipsam
208 1645 416 1704 remissionem
439 1644 496 1701 hoc
511 1642 616 1702 modo:
640 1663 732 1722 qnam
748 1662 792 1701 re·
840 1645 917 1702 euim
933 1646 1024 1724 priori
1045 1646 1123 1722 parti
1146 1643 1254 1703 melius
1276 1642 1472 1721 respondebit
1488 1662 1539 1721 po

94 1732 285 1803 missionem,
316 1731 346 1790 id
373 1739 435 1802 est,
464 1729 642 1808 languorem
668 1730 792 1789 humani
841 1731 955 1803 sterior,
979 1751 1040 1810 qua
1063 1728 1183 1802 dieitur,
1207 1739 1237 1790 et
1258 1731 1440 1806 justificans
1468 1747 1541 1789 eum

96 1820 214 1892 generis
230 1837 268 1877 ex
284 1818 417 1895 peccatis
434 1825 530 1875 ortum
546 1817 631 1876 Deus
646 1817 793 1875 hactenus
841 1828 906 1890 etc,
928 1828 959 1875 ut
975 1818 1136 1897 utrobique
1160 1817 1294 1895 ejusdem
1310 1818 1437 1878 rationis
1448 1817 1541 1894 justi-

96 1903 247 1964 toleravit.
272 1903 320 1963 Ad
335 1903 414 1961 hunc
425 1900 546 1962 modum
560 1905 685 1982 exponit
697 1902 792 1981 Chry·
841 1906 883 1963 tia
905 1904 1097 1982 intelligatur.
1128 1905 1207 1963 Nam
1234 1914 1265 1963 et
1286 1905 1418 1983 justitia,
1442 1902 1542 1963 idest

97 2002 256 2061 eostomus,
273 1999 382 2049 etcum
395 1999 517 2049 secutus
530 1989 792 2068 Theophylactus.
841 1990 989 2050 rectitudo
1005 1992 1064 2051 Dei
1081 1992 1110 2049 in
1129 1991 1188 2049 hoc
1208 1993 1339 2051 maxime
1361 1989 1542 2063 declaratur,

98 2080 283 2158 Quanquam
298 2077 391 2154 hujus
405 2078 555 2154 interpres
568 2079 699 2135 lustinus
714 2096 793 2135 men·
842 2077 922 2156 quod
936 2097 1032 2157 usque
1048 2076 1124 2136 adeo
1145 2076 1207 2136 odit
1228 2086 1395 2156 peecatum,
1417 2086 1453 2135 ut
1473 2077 1540 2155 ejus

99 2176 157 2226 tem
175 2165 221 2222 sui
238 2163 351 2222 autoris
368 2182 427 2222 uon
443 2162 568 2222 videtur
583 2171 749 2222 assecutus.
842 2162 1002 2223 delendiet
1014 2164 1142 2223 hominis
1149 2163 1335 2243 justificandi
1342 2162 1542 2242 gratiafilium

143 2251 194 2311 Ad
217 2253 424 2310 ostensione-m
444 2251 587 2323 justitiae
605 2255 672 2322 etus
686 2252 722 2308 in
738 2250 795 2308 hoc
843 2269 926 2309 suum
942 2252 1057 2309 miserit
1069 2252 1098 2309 in
1113 2250 1254 2310 muudum
1267 2251 1541 2330 atqueinmortem

99 2349 246 2412 tempore.
271 2337 357 2397 Verti
373 2344 476 2415 potest
494 2339 739 2410 justitiaetuae,
763 2342 797 2393 ut
844 2335 1008 2396 tradiderit

99 2444 200 2503 supra.
229 2423 364 2503 Repetit,
388 2422 469 2501 quod
492 2420 618 2493 dixerat,
641 2431 674 2481 ut
695 2421 796 2492 addat,
888 2421 1047 2482 Caeterum
1069 2423 1114 2481 his
1136 2422 1237 2483 verbis
1260 2422 1396 2482 alludere
1417 2421 1541 2481 videtur

101 2517 135 2572 tn
151 2511 207 2569 hoe
222 2516 362 2585 tempo-re
370 2532 382 2585 ;
405 2508 512 2568 volens
536 2529 590 2587 per
608 2508 666 2568 hoc
685 2508 796 2587 signifi·
845 2509 1011 2588 Apostolus
1023 2507 1062 2567 ad
1073 2509 1169 2569 locum
1182 2509 1205 2570 J
1207 2528 1247 2567 es.
1258 2513 1307 2571 53.
1321 2510 1371 2590 qni
1384 2509 1427 2567 sic
1439 2506 1542 2566 habet:

100 2616 177 2668 care,
200 2596 300 2654 Deum
324 2596 443 2653 misisse
466 2594 562 2653 filium
585 2614 672 2653 snum
689 2598 719 2654 in
735 2595 797 2672 ple·
847 2599 888 2656 In
911 2599 1042 2655 scientia
1058 2615 1125 2654 'suc
1144 2597 1331 2672 justificabit
1354 2599 1419 2670 ipse
1439 2598 1544 2667 natus

100 2682 237 2744 nitudine
253 2683 405 2759 temporis,
421 2682 467 2739 uti
482 2679 673 2740 diciturGal.
688 2685 725 2753 4.,
742 2682 798 2739 hoc
845 2702 953 2744 sescus
979 2702 1066 2742 meua
1093 2685 1215 2742 multos.
1242 2683 1321 2742 Nam
1347 2685 1384 2741 s'n
1410 2683 1545 2740 scientio

102 2780 155 2842 est,
179 2788 215 2826 eo
238 2774 381 2845 tempore,
405 2785 466 2845 quo
485 2767 552 2845 jam
567 2769 641 2826 satis
659 2768 797 2846 explora·
846 2791 914 2845 sno,
939 2772 1013 2841 sive,
1037 2778 1069 2828 ut
1083 2769 1137 2828 alii
1154 2778 1281 2842 vertunt,
1304 2771 1544 2842 recognitione

101 2867 165 2917 tum
179 2862 209 2912 et
221 2862 407 2932 compertum
420 2862 509 2925 esset,
525 2871 690 2934 nequeper
702 2856 798 2932 legem
846 2861 906 2932 sui,
931 2855 1010 2915 idem
1034 2865 1080 2915 est
1100 2856 1195 2937 quod:
1219 2858 1250 2915 in
1272 2856 1332 2915 fide
1354 2875 1433 2935 quae
1452 2863 1500 2913 ost
1514 2855 1544 2913 in

102 2951 238 3012 naturae,
256 2960 358 3020 neque
368 2959 425 3019 per
435 2940 535 3020 legem
550 2942 694 3019 scriptam
710 2962 799 3020 posse
847 2947 952 3024 ipsum.
977 2941 1159 3002 Obseruauit
1173 2942 1228 3001 hoc
1244 2942 1334 3003 Joan.
1355 2942 1499 3001 Forerius
1515 2941 1546 3000 in

102 3031 281 3107 languorem
309 3026 429 3105 peccati
455 3027 572 3101 sanari,
596 3035 626 3087 et
648 3028 800 3105 justitiam
848 3031 1057 3091 commentario
1072 3029 1245 3109 prophetae.
1262 3029 1409 3108 Loquitur
1423 3026 1546 3108 quidem

103 3116 234 3175 restitui.
257 3113 475 3173 Potesttamen
487 3123 519 3174 et
534 3114 624 3174 aliter
638 3114 714 3174 haec
729 3135 800 3193 pars
847 3117 995 3198 propheta
1010 3115 1048 3175 de
1058 3114 1191 3188 Christo,
1208 3115 1322 3174 Paulus
1337 3114 1376 3174 de
1390 3116 1474 3174 Deo:
1491 3111 1546 3173 sed

105 3203 226 3282 exponi.
242 3201 311 3260 Non
328 3201 407 3260 enim
419 3201 468 3259 hic
480 3208 527 3261 est
541 3202 572 3259 in
585 3199 701 3261 Graeco
714 3222 801 3281 prae·
848 3205 904 3263 hoc
919 3203 996 3262 nihil
1012 3202 1110 3261 obstat
1125 3201 1272 3275 suasioni,
1290 3202 1465 3281 praesertim
1482 3220 1547 3261 cum

106 3292 216 3371 positio
240 3279 286 3355 εἰς
308 3306 387 3367 quae
403 3306 504 3367 supra,
526 3288 570 3345 ad
593 3293 801 3349 ostensionem
849 3290 985 3352 Christus
1002 3291 1089 3347 etiam
1107 3290 1145 3347 sit
1159 3290 1252 3360 Deus,
1274 3307 1389 3367 nosque
1404 3308 1466 3347 non
1482 3300 1545 3347 tau·

100 3380 344 3454 justitiaetuae,
369 3373 422 3433 sed
438 3366 527 3450 πρὸς,
551 3393 614 3453 qua
636 3377 800 3456 significari
849 3386 910 3436 tum
925 3376 1038 3446 merito,
1062 3375 1115 3434 sed
1132 3386 1161 3434 ct
1176 3382 1325 3454 potestate
1335 3374 1491 3454 justificet

105 3471 208 3545 potest
228 3481 326 3538 sesque
349 3460 412 3536 σὼ·
435 3468 470 3519 ut
492 3463 532 3520 ait
555 3481 675 3536 sensus,
698 3465 801 3523 Deum
893 3465 943 3522 27.
973 3463 1030 3524 Chi
1055 3470 1098 3522 est
1119 3481 1193 3537 erpo
1215 3463 1365 3537 ploriatio
1386 3464 1468 3520 tua?
1491 3480 1545 3523 ex·

104 3554 249 3613 tolerasse
279 3555 404 3628 peccata
442 3547 595 3607 hominum
632 3570 732 3631 usque
761 3549 801 3610 ad
849 3551 936 3610 elusa
951 3556 1003 3608 est.
1027 3549 1061 3608 lu
1077 3549 1192 3610 Graeco
1213 3558 1243 3608 et
1264 3548 1390 3628 Syriaco
1411 3556 1471 3608 tuu
1486 3569 1547 3608 non

104 3641 306 3700 ostensionem
317 3634 460 3714 justitiae
475 3653 558 3706 suae,
582 3634 612 3693 id
628 3647 683 3711 est,
703 3656 802 3716 nsque
850 3645 956 3707 exstat,
972 3644 1005 3695 ut
1019 3656 1075 3695 nce
1089 3635 1170 3714 apud
1186 3634 1449 3713 chrysostomum:
1472 3644 1545 3695 tam·

103 3726 207 3786 adhoc
216 3734 343 3802 tempus,
360 3740 421 3799 quo
430 3740 515 3780 suam
526 3722 680 3799 justitiam
689 3722 801 3783 mundo
849 3724 905 3782 etsi
928 3722 1179 3802 Theophylactus
1202 3722 1311 3800 legisse
1330 3720 1460 3780 videtur.
1486 3722 1547 3800 Qui

102 3814 202 3873 voluit
216 3811 389 3891 patefacere
402 3816 432 3866 et
449 3806 601 3867 exhibere.
619 3811 717 3889 Quem
733 3830 799 3870 sen·
848 3807 1009 3888 legendum
1025 3817 1077 3867 aut
1098 3807 1296 3889 supplendum
1316 3816 1433 3887 putant,
1456 3808 1546 3869 intel·

102 3920 169 3958 sum
184 3898 340 3957 confirmat
352 3893 457 3954 addita
469 3895 613 3972 temporis
625 3897 800 3977 explicatio,
847 3896 943 3974 ligant
958 3893 1136 3975 Apostolum
1152 3896 1198 3954 hic
1214 3893 1326 3975 alloqui
1338 3892 1501 3968 Judaeum,
1516 3904 1548 3956 et

104 3989 141 4046 tn
156 3988 213 4045 boe
229 3993 377 4058 tempore.
847 3982 1024 4043 concludere
1039 3982 1183 4043 adversus
1198 4001 1265 4041 eum
1281 4001 1319 4041 ex
1335 3982 1547 4061 superioribus,

151 4073 190 4131 Ut
205 4075 245 4130 rit
260 4073 326 4145 ipse
337 4073 451 4143 justus,
476 4073 505 4123 et
516 4069 698 4146 justificans
716 4090 798 4145 eum,
848 4068 928 4149 quod
942 4090 1001 4128 non
1017 4068 1129 4128 habeat
1144 4068 1223 4128 unde
1245 4069 1388 4147 glorietur
1404 4076 1433 4127 et
1450 4069 1547 4129 extol·

100 4160 156 4233 qut
172 4165 215 4217 est
231 4174 269 4216 et·
288 4157 348 4231 (ide
363 4159 444 4216 Jesu
461 4154 585 4216 Christi.
610 4159 725 4218 Christi
741 4178 798 4216 non
847 4157 890 4215 lat
897 4176 929 4214 se
938 4154 975 4214 de
987 4175 1041 4214 sua
1048 4156 1164 4233 justitia
1173 4176 1263 4234 supra
1276 4156 1434 4233 gentilem:
1451 4175 1545 4236 quan·

101 4251 149 4302 est
161 4244 193 4303 in
205 4243 331 4304 Graeco.
349 4242 476 4300 Sensus:
494 4237 603 4302 desum
616 4243 702 4303 dedit
713 4244 799 4303 Deus
847 4239 1010 4322 doquidem
1026 4262 1122 4322 aeque
1143 4249 1176 4299 ut
1198 4242 1320 4320 gentilis
1339 4250 1463 4321 propter
1477 4261 1547 4320 pec·

99 4331 340 4408 propitiatorem,
363 4336 396 4385 ut
411 4335 442 4383 et
458 4328 524 4403 ipse
540 4340 722 4408 agnoscatur
733 4331 798 4408 jus·
846 4339 912 4388 cata
934 4329 1001 4387 Deo
1026 4330 1063 4386 sit
1085 4327 1241 4401 obnoxius,
1264 4335 1295 4388 et
1315 4326 1427 4387 Christi
1446 4330 1546 4409 propi-

98 4425 148 4475 tus
165 4418 195 4476 in
211 4436 252 4487 se,
278 4426 308 4474 et
323 4422 480 4494 practerea
503 4420 590 4474 autor
607 4418 750 4496 justitiae
766 4418 798 4475 in
845 4416 960 4475 tiatoris
976 4414 1102 4492 indigus.

98 4501 178 4575 aliia,
201 4502 318 4561 scilicet
342 4503 387 4571 iis,
414 4500 467 4578 qui
490 4510 559 4561 eunt
582 4524 619 4563 ex
644 4504 703 4564 fide
719 4503 797 4564 Jesu
889 4500 951 4560 Alii
967 4501 1137 4561 existimant
1159 4501 1296 4560 absoluto
1312 4520 1404 4560 sensu
1419 4500 1544 4560 dictum:

98 4586 220 4660 Christi,
244 4588 300 4647 hoc
316 4595 370 4660 est,
386 4589 439 4663 qui
456 4587 486 4643 in
505 4581 658 4650 Christum
675 4588 795 4649 creden·
852 4589 910 4649 Ubi
920 4591 1020 4662 initur
1030 4588 1206 4663 gloriatio?
1220 4586 1294 4648 Cum
1308 4588 1395 4658 enim,
1406 4589 1544 4667 utajunt,

97 4683 143 4735 tes
155 4675 307 4754 justitiam
323 4673 361 4733 ab
379 4692 414 4733 eo
431 4691 485 4753 per
500 4668 590 4737 fidem
607 4684 794 4757 exspectant.
844 4676 874 4734 in
890 4674 1092 4754 superioribus
1115 4682 1267 4734 ostensum
1289 4675 1327 4733 sit
1349 4694 1451 4748 omnes
1472 4694 1541 4756 pec-
