3254 5190
473 262 637 318 museum
654 263 671 317 t.
689 264 729 317 m
748 224 936 319 cosmrmos.
972 262 1057 317 usus.
1075 264 1100 317 5.
1117 265 1142 317 e.
1453 271 1527 342 885

90 434 480 521 inplicitavpmttoasrs
506 430 674 502 Corinthiis
695 438 782 501 curt·
831 441 928 503 canda
957 440 1010 513 iis,
1043 441 1098 520 qui
1122 439 1188 519 jam
1204 422 1318 500 'essent
1345 441 1377 501 in
1407 440 1528 504 christo

90 544 170 601 nur,
191 534 224 587 et
238 545 309 587 aum
326 520 514 601 arusifiium,
534 520 599 587 sine
622 528 705 588 cultu
721 546 781 588 ser
831 529 1043 610 provectiores.

90 614 430 692 mouisset-sapientiae
451 613 611 674 humanae.
649 615 715 676 Noc
729 613 780 674 ad·
873 617 943 675 Huc
958 615 1049 674 etiam
1070 612 1175 674 referri
1197 613 1324 694 possunt
1344 614 1530 694 quorundam

91 699 167 776 didit,
195 718 230 760 ss
243 699 415 780 protulisse
429 699 510 779 apud
537 719 608 760 suos
628 699 781 761 auditores
831 701 1024 763 articulorum
1051 698 1123 759 fidel
1148 699 1355 780 tropologicae
1382 701 1530 780 significa·

91 784 238 848 mudita
252 786 419 866 sapientiae
432 784 570 860 divinas,
586 787 666 866 quod
681 797 783 848 tamen
831 790 942 861 hones,
958 796 991 846 ut
1005 786 1170 867 passionis,
1186 787 1400 862 crucifixionis,
1416 789 1529 864 mortis,
1567 841 1568 845 ,

94 871 486 954 oportuit,·posthumanam
502 875 680 953 sapientiam
694 893 781 953 repu-
832 875 1017 955 sepulturae,
1047 875 1276 934 resurrectionis
1300 881 1330 933 et
1345 875 1531 934 ascensionis

93 958 203 1021 tutam
241 958 330 1020 nanc
351 959 445 1038 igitur
466 976 529 1019 rem
546 978 625 1019 nuuc
641 961 782 1040 explieat,
830 961 1021 1032 Dominicae,
1051 977 1126 1039 quas
1155 960 1266 1020 Petrus
1296 968 1326 1020 et
1354 960 1468 1020 Paulus
1498 960 1531 1019 in

93 1066 122 1105 ao
139 1044 204 1105 duo
229 1044 321 1106 docet
344 1052 441 1127 utque
473 1045 511 1104 ad
536 1044 628 1107 finem
658 1047 783 1125 eapitis3
832 1049 893 1108 suis
922 1045 1084 1127 Epistolis,
1113 1044 1152 1105 ad
1182 1047 1419 1106 exhortationem
1448 1049 1532 1106 vitae

93 1152 208 1213 qaorum
221 1133 307 1213 prins
327 1130 393 1204 est,
420 1130 642 1193 reconditorum
664 1134 783 1213 sapien-
832 1134 1035 1205 Christianae,
1058 1133 1234 1211 opportunis
1255 1133 1331 1192 locis
1355 1130 1532 1193 admiscent

94 1220 144 1279 tias
171 1217 463 1280 dium-notitiam
489 1217 547 1278 sibi
576 1239 636 1279 uon
660 1218 782 1294 deesse;
832 1221 904 1281 Huc
924 1221 1016 1298 igitur
1035 1219 1126 1280 etiam
1152 1221 1281 1297 pertinet
1305 1238 1445 1279 arcanum
1471 1218 1532 1278 Dei

93 1303 219 1379 altarum,
235 1323 342 1365 sesam
357 1305 534 1384 sapientiam
544 1307 784 1387 nonpromiscue
833 1306 1002 1380 consilium,
1041 1324 1102 1385 quo
1131 1306 1228 1366 voluit
1256 1324 1310 1384 per
1338 1306 1533 1385 opprobrium

93 1390 218 1473 notan
230 1390 499 1472 apud-quoslibet,
522 1390 576 1452 sed
591 1392 689 1452 solum
701 1390 784 1472 apud
834 1395 930 1454 crucis
957 1402 988 1452 et
1009 1391 1211 1452 humilitatem
1233 1391 1447 1471 predicationis
1463 1412 1532 1452 con·

94 1477 233 1559 psiathi
249 1476 477 1559 etspirituales.
514 1478 684 1559 Utrumque
705 1498 783 1539 com·
832 1479 1144 1560 funderesapisntiam
1153 1478 1324 1554 humanam,
1339 1487 1371 1538 et
1379 1478 1533 1538 destruere

94 1566 193 1645 plexus
208 1573 258 1626 ast
271 1563 504 1626 horsantsntia:
519 1565 719 1642 Sapientiam
735 1567 783 1626 lo-
833 1566 1021 1647 tyrannidem
1044 1563 1166 1625 diaboli.
1205 1564 1304 1644 Quam
1329 1565 1391 1626 Dei
1414 1566 1533 1644 sapien·

95 1656 224 1730 paim
243 1654 332 1711 inter
355 1652 531 1729 perfectos,
565 1670 602 1712 ac
632 1654 659 1713 si
687 1651 783 1713 dieat:
833 1655 906 1714 tiam
920 1651 968 1713 hic
990 1653 1176 1731 potissimum
1191 1671 1209 1710 a
1223 1651 1319 1711 Paulo
1344 1650 1535 1725 considerari,

96 1737 232 1818 quamtis
242 1746 300 1800 nst
311 1738 459 1820 Apostoli,
470 1739 524 1818 qui
534 1736 689 1800 christun
699 1758 784 1820 prae·
834 1738 968 1800 indicant
983 1757 1021 1799 ea
1037 1756 1117 1819 quae
1133 1746 1304 1818 sequuntur.
1339 1739 1381 1799 itt
1396 1738 1472 1798 haec
1488 1744 1535 1798 est

97 1827 235 1901 ὃωιω,
250 1825 412 1886 immense
424 1824 609 1906 ''sapientiae
631 1824 784 1907 praesidia
835 1826 998 1907 sapientia,
1018 1844 1111 1905 quam
1125 1824 1255 1886 necdum
1269 1825 1402 1886 hahebat
1414 1824 1535 1897 Petrus,

97 1932 145 1973 aaa
163 1914 371 1993 requiramus,
397 1931 457 1972 uon
479 1921 578 1974 tamen
605 1930 713 1992 expers
740 1918 785 1973 est
835 1911 957 1993 quando
974 1910 1096 1973 Christo
1117 1913 1287 1992 passionem
1311 1932 1397 1973 suam
1418 1910 1535 1990 praodi·

43 2000 46 2041 ²
98 1998 253 2080 sapientiae
267 1997 451 2079 praedicatio
474 2007 585 2059 nostra.
622 2000 785 2080 Laquimur
835 1999 918 2060 oenti
940 1997 1031 2058 dixit:
1070 1998 1203 2059 Atetta
1227 2000 1436 2072 teDomirsc,
1466 2012 1535 2058 non

43 2118 47 2175 p
99 2085 367 2147 nisset-doeemur
386 2102 491 2146 veram
511 2095 544 2145 et
558 2086 605 2162 (ut
618 2082 709 2163 infra)
724 2086 784 2146 Dei
836 2089 896 2146 erit
913 2086 973 2145 tibi
994 2086 1059 2146 hoc.
1094 2082 1196 2163 Quare
1224 2092 1257 2144 et
1282 2087 1319 2145 ab
1343 2103 1378 2145 eo
1402 2084 1534 2145 audivit:

100 2173 280 2253 sapientiam,
294 2173 373 2232 iuter
386 2170 549 2252 periectos.
835 2175 909 2233 Non
932 2175 1018 2249 sapis
1041 2190 1097 2248 ca,
1120 2188 1202 2248 quor
1227 2173 1290 2231 Dei
1312 2179 1403 2246 sunt,
1428 2171 1481 2230 aad
1496 2187 1536 2231 aa

130 2258 242 2322 Graeci
257 2258 379 2339 quidam
395 2267 643 2320 commentatores
654 2261 785 2337 sopien-
835 2278 916 2338 quae
931 2260 1096 2319 hominum
1104 2301 1115 2332 ,
1132 2257 1237 2317 Matth.
1258 2260 1306 2318 16.
1335 2258 1538 2333 Peculiariter

100 2345 504 2425 timhoelo'cogeuoraliter
513 2345 690 2425 intelligunt
701 2363 785 2425 prae·
836 2354 935 2406 autem
948 2345 1028 2405 hanc
1050 2344 1212 2426 Apostolus
1238 2346 1418 2425 sapientium
1439 2350 1535 2419 vocat,

100 2429 266 2493 dintiomm
282 2430 395 2492 Christi
409 2432 559 2505 cmcifixi,
586 2440 617 2493 et
627 2433 786 2509 perfector
835 2430 918 2513 quod
934 2433 1083 2512 sapientia
1105 2432 1227 2511 proprie
1241 2430 1280 2491 sit
1294 2430 1434 2491 derebus
1449 2431 1535 2491 altio·

100 2516 387 2599 inponere-fideles
425 2517 486 2579 Sed
508 2519 619 2580 rectius
641 2519 693 2579 alii
714 2538 783 2598 per·
834 2519 916 2580 ribus
925 2512 1138 2579 ¹etacommuul
1146 2512 1408 2577 notitiahomihum
1416 2518 1534 2578 alienis.

101 2601 179 2666 iscus
195 2606 320 2667 eosdem
335 2604 496 2684 ascipiunt,
511 2622 589 2685 quos
600 2604 680 2666 infra
694 2610 786 2665 vocat
878 2605 967 2665 Haec
982 2605 1131 2684 expositio
1146 2605 1322 2664 Latinorum
1347 2605 1409 2677 est,
1433 2625 1469 2666 ac
1482 2623 1534 2664 no·

101 2691 270 2770 cumaea
285 2708 422 2771 quosque
437 2691 606 2752 carnalibus
621 2701 652 2752 st
666 2693 783 2753 anima·
834 2692 965 2752 minatim
992 2691 1023 2752 S.
1055 2690 1195 2751 Thomas
1216 2700 1280 2750 tam
1309 2691 1340 2750 in
1367 2699 1533 2767 comment,

43 2810 50 2865 ξ
100 2774 342 2860 lihwopponitr·
356 2783 388 2835 ct
409 2796 486 2857 quos
508 2794 613 2838 rursus
634 2778 786 2858 perfectos
834 2796 926 2859 quam
947 2779 978 2838 in
995 2781 1023 2838 2.
1041 2779 1069 2837 i.
1093 2785 1208 2858 quaest
1231 2778 1282 2839 tt.
1304 2784 1358 2837 art
1383 2777 1472 2839 1.'ad
1497 2783 1534 2851 1,

43 2868 50 2935 ξ
99 2864 218 2945 rppsllat
235 2862 337 2924 ἶΗυὶπ.
362 2863 391 2921 h.
415 2862 535 2924 dicensr
566 2863 786 2943 Persectomm
834 2864 886 2925 ubi
901 2873 931 2923 et
953 2866 1062 2944 probat
1082 2883 1150 2943 eam
1171 2882 1211 2925 ex
1232 2864 1429 2944 sequentibus
1453 2864 1534 2944 Apo·

43 2946 50 3005 ἐ
99 2952 262 3012 assurios·
282 2949 385 3023 cibus,
414 2952 603 3027 conmorit
621 2969 685 3028 pro
708 2958 790 3013 oon·'
816 2950 903 3013 vstoli
918 2952 1038 3013 verbis:
1060 2951 1240 3028 Loqatmur
1263 2953 1323 3012 Dei
1344 2954 1536 3028 sapientiam

43 3040 50 3117 ζ
99 3038 250 3099 Μειδίου
264 3037 459 3098 sufflator
481 3037 598 3097 tutent
619 3056 727 3099 accusa
741 3037 790 3098 ad.
833 3042 870 3099 in
885 3040 1049 3113 mysterio,
1067 3046 1148 3114 qaae
1162 3036 1349 3120 abscondita
1366 3046 1416 3098 est.
1439 3036 1534 3097 Porro

43 3124 50 3153 ¹
100 3121 307 3189 &nostem
322 3122 399 3183 bons·
412 3141 451 3184 ac
464 3124 552 3182 malt.
586 3122 676 3203 Quae
690 3125 786 3185 verba
834 3123 933 3185 simile
948 3131 996 3186 est
1008 3125 1080 3184 huic
1094 3124 1177 3195 loco,
1199 3121 1282 3204 quod
1300 3123 1450 3185 Dominus
1472 3124 1535 3183 suis

99 3218 156 3271 ms
182 3208 241 3292 pro
258 3206 483 3275 atomnontario
503 3209 578 3270 -loci
607 3210 784 3293 praesentis.
817 3210 992 3290 'discipulis
1014 3209 1093 3271 dixit
1107 3209 1199 3270 Joan.
1218 3213 1266 3271 16.
1304 3211 1418 3271 Adhuc
1432 3210 1536 3271 molto

99 3292 161 3356 hdo
176 3292 393 3359 assensuum
416 3295 568 3369 discimus,
594 3298 785 3377 sapientiam,
833 3297 932 3358 haheo
960 3296 1050 3358 uobis
1075 3293 1195 3371 dicore,
1228 3296 1282 3357 aad
1310 3312 1380 3358 nort
1402 3298 1536 3375 potestis

100 3398 178 3459 quam
190 3382 269 3444 iuter
283 3381 439 3462 perfectos
462 3382 598 3463 loquitur
611 3382 785 3485 Apostolus,
830 3391 964 3459 portare
979 3384 1083 3461 modo.
1110 3381 1210 3461 Quam
1225 3385 1407 3444 sententiam
1422 3383 1537 3444 edisse-¹

100 3466 214 3548 heingi
239 3462 540 3549 respuerimus-ue
567 3468 720 3529 doctinam
747 3469 786 3529 de
832 3486 901 3530 rens
931 3469 1116 3549 Augustinus
1140 3470 1226 3546 tract.
1258 3470 1308 3531 96.
1336 3470 1387 3532 st.
1418 3479 1462 3531 et*
1476 3471 1536 3547 98Ί

100 3550 154 3614 lieo
167 3562 200 3615 et
209 3554 358 3628 Christo,¹
367 3552 428 3615 sod
443 3568 522 3628 tam,
552 3573 633 3636 quae
652 3557 793 3639 continet¹
818 3557 974 3636 proponit
988 3574 1030 3616 ac·
1044 3558 1148 3616 vetem
1164 3563 1201 3615 et
1224 3556 1351 3616 aliarum
1366 3557 1536 3637 Scriptura*

43 3608 48 3703 d
101 3642 249 3701 mator·
273 3650 323 3701 et·
338 3634 447 3701 a'ltior'a
480 3649 600 3701 nostrae
628 3641 785 3723 religionis
832 3661 897 3702 ruru
913 3642 1075 3702 collatione
1097 3642 1231 3722 explicat
1245 3640 1424 3720 'hujusmodi
1442 3640 1538 3725 quae*

43 3720 49 3803 ξ
101 3727 246 3805 meis,
273 3722 440 3805 eujusmodi
449 3735 541 3800 -sunt,
567 3744 648 3809 quas
669 3727 784 3789 Paulus
819 3729 974 3807 galonem:
995 3730 1108 3789 Utrum
1122 3728 1305 3803 spirituales
1319 3730 1460 3790 temtari
1474 3726 1538 3788 lta-³

101 3810 222 3874 uttan
236 3812 385 3894 Epistolis
399 3813 438 3874 ad
452 3810 613 3888 ¹Romanos,
631 3815 784 3894 Ephesios
832 3815 930 3875 trent
944 3815 1068 3891 olipairl
1084 3817 1121 3874 in
1136 3810 1533 3892 decertarunt-rorat

43 3900 48 3935 ³
102 3896 346 3971 adulterasset,
368 3898 406 3958 de
429 3900 578 3960 electione
596 3910 627 3961 et
641 3902 793 3980 reproba:
832 3902 914 3960 litus
928 3908 1073 3975 taceant,
1090 3902 1120 3959 et
1134 3902 1355 3976 spiritualibus
1371 3902 1489 3962 dicaret.
1519 3906 1541 3921 '¹

43 3964 49 4045 l
102 3981 587 4064 ussurus-loquendorum
603 3988 736 4066 gentium
753 3994 786 4047 st
874 3987 933 4048 Est
948 3996 1048 4049 autem
1063 3988 1268 4067 responsionis
1280 3989 1347 4067 ejus
1362 3986 1439 4047 haec
1454 3986 1539 4047 sum·'

43 4078 45 4083 '
101 4064 474 4147 emunctoriorum,
501 4089 582 4152 quae
597 4070 637 4132 ad
651 4072 783 4133 Thessa·
830 4094 895 4133 ma:
935 4073 1080 4153 Quamvis
1107 4073 1249 4152 Apostoli
1275 4092 1335 4134 uon
1360 4075 1461 4134 omnia
1492 4070 1532 4133 ad

101 4149 254 4218 triam
272 4156 532 4234 deAntichrist03
555 4176 636 4238 quas
658 4158 698 4219 ad
719 4160 781 4218 He
831 4159 996 4220 doctrinam
1025 4160 1181 4238 religionis
1215 4159 1402 4220 Christianae
1438 4160 1545 4240 parti·-

100 4235 189 4304 δῆσα
201 4242 241 4304 de
262 4242 430 4304 uterdotio
446 4241 575 4317 Christi,
598 4253 631 4305 et
651 4263 731 4325 quae
751 4245 784 4306 in
831 4248 934 4306 nentia
948 4240 1048 4306 statim
1061 4247 1146 4307 initio
1165 4245 1343 4307 tradiderint
1357 4246 1403 4317 iis,
1419 4248 1530 4327 quibus

101 4320 141 4387 he
155 4332 222 4410 ipsa
242 4328 384 4410 Epistola
404 4329 444 4391 de
462 4339 542 4390 statu
566 4351 602 4392 ao
625 4333 714 4392 modo
736 4350 793 4392 res
830 4332 1034 4414 Evangelitrm
1049 4331 1279 4413 praedicabant:
1294 4338 1469 4395 nontamen
1481 4330 1531 4394 vel

101 4417 277 4478 metionis
298 4425 487 4477 mortuorum.
523 4418 611 4476 Haec
631 4418 711 4478 enim
731 4417 783 4477 vel
831 4420 925 4498 ipsos,
956 4418 1006 4479 vel
1032 4419 1107 4479 allos
1134 4416 1309 4497 spirituales
1334 4418 1468 4480 hemines
1492 4417 1531 4481 ab

100 4515 144 4560 tou
156 4504 259 4575 statim
274 4500 470 4564 tradebantur
483 4503 624 4575 rudibus,
638 4504 687 4562 vel
704 4510 781 4564 sum·
829 4505 984 4585 Apostolis
1010 4506 1176 4578 institutos,
1204 4504 1347 4566 habuisse
1370 4504 1484 4586 aliquid
1499 4508 1530 4567 in

100 4590 177 4651 wie
193 4594 325 4666 tautum
347 4589 577 4651 reservabantur
600 4597 700 4651 autem
721 4600 780 4650 tra·
829 4590 978 4668 doctrina,
1008 4591 1090 4672 quod
1116 4610 1176 4651 uon
1203 4590 1369 4672 opportuno
1392 4598 1530 4673 ‘tempore

100 4666 196 4751 tnta,
217 4676 410 4758 vstaptenins
431 4696 467 4736 ac
489 4673 670 4756 molundino
686 4676 780 4761 expli·
829 4676 1055 4760 depromerent,
1081 4698 1118 4737 ac
1139 4678 1238 4757 palam
1264 4677 1347 4758 apud
1362 4677 1528 4739 multitudi-

137 4774 202 4816 ult.
214 4774 289 4817 ΜΗ
301 4777 376 4817 tau
395 4776 450 4816 tan.
464 4775 481 4816 1.
1281 4782 1322 4841 25
