3254 5190
141 276 214 342 21⁶
619 267 854 324 comuursuus
871 267 903 322 ns
924 266 990 324 css.
1010 266 1052 321 rx.

139 444 208 504 illos
225 443 375 523 reprobet,
395 463 484 525 quam
506 444 687 506 liberrimam
704 446 768 525 ejus
783 465 836 506 vc·
883 443 929 506 dis
950 442 1079 522 intelligi
1100 448 1214 523 potest,
1244 440 1369 518 adalb,
1393 438 1425 500 id
1448 447 1509 514 ert,
1530 437 1579 501 ad·

139 531 299 602 luntatem,
322 550 402 591 nunc
424 533 571 592 rationem
592 530 709 604 adfert,
732 552 785 593 cur
805 531 836 591 in
883 531 979 604 duxit,
1004 537 1057 590 aut
1068 529 1214 606 pertulit,
1237 526 1268 588 id
1291 538 1344 601 est,
1367 526 1522 598 sustinuit,
1542 534 1581 586 to

141 617 277 696 generali
291 616 377 677 Deus
393 617 470 678 alios
486 617 598 698 eligere
611 618 745 693 voluerit,
761 618 836 679 elios
884 617 1000 692 lsrsrit,
1015 617 1059 678 ita
1074 624 1105 676 et
1118 615 1268 677 Graecum
1283 608 1397 694 ἤνεγκε
1404 635 1417 692 ,·
1442 611 1580 694 quemad·

139 704 319 784 reprobare3
340 706 495 776 rationem,
509 706 643 786 inquam,
657 726 717 766 non
733 725 773 766 ex
788 725 837 765 eo·
883 704 1005 767 modum
1017 701 1126 764 Graeci
1138 704 1319 781 interpretes
1329 700 1582 782 Theopbylsotus

139 790 497 870 rumpraevisismeritis,
516 791 624 853 sodex
639 812 729 853 causa
744 790 836 852 finali
885 800 917 853 et
940 789 1140 852 Oecumenius
1161 794 1351 850 annotarunt
1396 786 1583 866 Augustinus

140 878 186 937 Ac
200 876 416 957 reprobationis
428 877 552 956 quidem
568 898 689 939 causam
705 879 839 957 assignat
884 880 916 939 in
938 876 1126 957 expositione
1147 876 1236 954 hujus
1258 874 1316 936 loci
1334 882 1368 936 et
1381 874 1456 936 alibi
1470 874 1583 952 passim

140 962 410 1023 manifestationem
431 971 491 1024 tam
509 965 654 1044 justitiae,
678 984 770 1045 quam
783 985 836 1045 po·
885 965 960 1046 legit
982 963 1100 1024 attulit.

139 1051 253 1111 tentiae
266 1051 336 1121 Dei,
357 1070 419 1131 qua
440 1050 574 1111 vindicat
594 1060 739 1132 peccata;
761 1051 837 1112 elec·
928 1052 1029 1132 Atque
1053 1049 1111 1108 boc
1136 1047 1336 1128 significatum
1361 1046 1449 1109 uerbi
1476 1045 1583 1108 Graeci

140 1137 230 1196 tionis
250 1156 324 1196 vero
347 1156 467 1197 causam
489 1136 603 1198 indicat
621 1137 836 1205 manifestatio·
886 1135 1121 1216 attonditSyrus
1132 1134 1355 1215 paraphrastes,
1370 1132 1445 1194 dnm
1461 1135 1507 1195 ita
1519 1131 1582 1194 rad·

139 1241 208 1283 uem
223 1222 365 1283 bonitatis
388 1223 455 1302 ejus
471 1244 508 1283 au
522 1222 755 1298 misericordiae,
778 1243 839 1305 qus
886 1223 931 1284 dit
958 1222 1038 1283 hunc
1063 1221 1177 1282 locum:
1200 1221 1354 1297 ludunt,
1381 1223 1449 1283 sive
1473 1220 1582 1280 intulit

140 1308 320 1389 quibusdam
332 1317 361 1370 et
368 1310 494 1389 gratiam
502 1309 639 1390 Iungitur,
652 1319 684 1371 et
694 1310 838 1390 glorism3
883 1328 946 1388 pro
961 1328 1081 1386 magna
1095 1308 1342 1384 lonuonimitctc
1352 1326 1412 1368 suu
1427 1310 1517 1368 irum
1531 1325 1580 1369 sss·

140 1402 174 1454 ut
195 1396 238 1455 sic
260 1403 320 1455 tum
341 1397 372 1455 in
392 1396 536 1476 reprobis,
558 1417 648 1478 quam
670 1397 702 1457 in
723 1397 838 1473 electis,
883 1399 1121 1474 pervorairce.
1143 1394 1204 1455 Ubi
1216 1393 1353 1456 videmus
1364 1393 1582 1474 paraphrasten

140 1481 224 1542 Deus
239 1482 400 1542 secundnm
423 1481 546 1543 diversa
567 1503 622 1544 sua
637 1502 738 1563 opers,
758 1504 839 1564 quae
886 1482 1001 1563 aliquid
1018 1480 1129 1544 addere
1143 1480 1182 1541 de
1196 1501 1261 1555 suo,
1276 1480 1420 1542 videlicet
1436 1483 1534 1556 irum,
1552 1485 1583 1539 ut

141 1569 221 1628 circa
246 1568 314 1628 illos
344 1578 479 1640 exercet,
505 1569 705 1650 glorificetur3
734 1579 839 1651 utpote
886 1589 1005 1631 sensum
1027 1569 1170 1648 perficiat.
1194 1566 1279 1630 Idem
1300 1566 1476 1629 faciendum
1494 1567 1581 1648 signi

111 1721 114 1727 ,
142 1656 195 1734 qui
211 1657 310 1716 omnis
333 1655 463 1716 finaliter
486 1656 603 1718 ordinat
625 1678 661 1717 ao
681 1657 784 1738 dirigit
799 1657 838 1718 ad
886 1656 957 1718 licat
981 1655 1181 1718 Oscumeuius
1206 1653 1253 1715 his
1278 1654 1394 1715 verbis:
1425 1653 1580 1736 Ουσννιαά·

142 1760 227 1801 suem
250 1742 384 1821 gloriam.
412 1742 462 1803 De
484 1742 540 1802 bac
562 1744 696 1823 generali
720 1747 839 1805 ratione
885 1745 1017 1805 modum
1030 1747 1067 1804 irs
1083 1761 1162 1802 vasa
1184 1743 1259 1816 irae,
1273 1741 1349 1802 tulit
1361 1744 1460 1817 irum,
1484 1742 1581 1803 mutto

143 1827 298 1888 electionis
310 1837 341 1888 et
352 1827 571 1907 reprobationis
583 1829 663 1899 vide,
680 1850 758 1908 quse
768 1833 838 1891 scri·
884 1834 1026 1908 primum
1049 1848 1127 1891 urus
1149 1829 1404 1905 bocansmttase,
1428 1831 1478 1888 ito
1499 1835 1530 1888 at
1549 1830 1580 1889 is

141 1913 186 1974 bit
205 1914 239 1972 Β.
263 1915 397 1976 Thomas
420 1917 591 1976 doctissime
611 1919 643 1976 in
665 1917 757 1996 hujus
779 1918 839 1979 loci
889 1936 967 1979 vasa
988 1916 1223 1978 misericordius
1248 1915 1323 1977 sotis
1345 1916 1579 1991 benignitatem

142 2020 246 2062 comm.
271 2011 300 2061 et
323 2003 353 2062 in
373 2002 496 2063 Summa
517 2022 580 2083 par.
606 2007 632 2064 1.
655 2013 773 2083 quaest
789 2009 839 2068 23.
888 2003 1089 2084 Quamquam,
1105 2003 1221 2063 etiamsi
1235 2003 1372 2082 legamus
1387 2003 1511 2078 auulit,
1527 2022 1581 2064 nou

144 2097 201 2147 art.
219 2090 247 2148 5.
264 2087 304 2148 sd
320 2089 347 2148 3.
887 2111 965 2171 opus
976 2090 1097 2151 videtur
1108 2088 1279 2168 hujusmodi
1291 2089 1512 2168 supplemento.
1527 2089 1579 2150 Po

134 2208 136 2213 =
186 2174 289 2234 Verba
305 2175 446 2254 Apostoli
468 2195 672 2256 exponamus:
695 2177 839 2256 Quodsi,
887 2185 947 2239 test
961 2178 1043 2239 enim
1058 2175 1111 2237 ills
1125 2196 1204 2255 pars,
1220 2178 1256 2237 in
1267 2178 1446 2252 interitum,
1463 2176 1523 2238 etsi
1537 2196 1580 2237 oo·

142 2261 249 2341 inquit,
271 2264 360 2322 Deus
381 2264 491 2323 volens
513 2264 674 2324 ostendere
690 2269 784 2339 tram,
808 2262 841 2324 id
886 2264 1009 2325 bsereat
1017 2283 1082 2324 cum
1089 2262 1248 2342 participio
1256 2270 1380 2339 aptatu,
1398 2263 1490 2324 simul
1498 2262 1580 2324 etiam

143 2358 200 2420 est,
223 2347 380 2409 declarare
399 2349 551 2427 justitiam
573 2371 660 2411 susm
677 2350 839 2412 vindicati·
886 2350 991 2412 referri
1005 2349 1045 2410 sd
1060 2349 1186 2410 verbum
1209 2350 1316 2410 attulit
1337 2351 1404 2412 sive
1426 2351 1579 2427 wdone

142 2453 227 2508 vam,
252 2455 333 2514 quae
358 2438 467 2516 utique
488 2437 658 2498 ostenditur
679 2457 733 2516 per
755 2446 840 2498 actus
887 2446 921 2497 nt
944 2457 1049 2498 sensus
1070 2437 1121 2510 sit,
1144 2437 1246 2497 Deum
1268 2436 1307 2498 ad
1333 2438 1391 2497 boc
1416 2435 1580 2497 adduxisse

143 2522 310 2598 punitionis
331 2532 363 2583 st
381 2522 532 2583 vindictae
546 2532 737 2602 peccatorum
752 2521 841 2599 (banc
887 2544 960 2585 vass
974 2525 1045 2598 irae,
1060 2523 1099 2583 ad
1115 2522 1198 2603 quod
1214 2532 1316 2604 aptata
1332 2533 1412 2598 sunt,
1426 2523 1459 2584 id
1475 2534 1532 2596 est,
1545 2521 1580 2583 ad

145 2609 225 2666 enim
240 2609 315 2668 irem
330 2617 427 2680 vocat,
443 2610 712 2691 anthropopatbice
724 2610 762 2670 de
774 2611 840 2669 Deo
887 2610 1094 2689 perditionem.
1124 2609 1341 2672 Verumtamen
1362 2610 1443 2671 alter
1470 2628 1580 2682 sensus,

144 2692 281 2772 loquens,
304 2715 386 2755 more
406 2692 591 2776 scripturae),
616 2705 647 2755 ct
660 2705 771 2758 uotam
784 2698 840 2773 fu·
888 2696 1051 2759 secundum
1063 2716 1152 2777 quem
1165 2697 1238 2756 tulit
1248 2697 1328 2759 idem
1340 2707 1398 2772 cst,
1414 2696 1497 2779 quod
1508 2713 1580 2775 par·

143 2798 211 2840 cere
230 2786 409 2856 potentiam
429 2801 531 2856 mam,
555 2783 587 2842 in
608 2782 768 2862 puniendis
788 2784 840 2842 im·
887 2785 970 2861 tulit,
989 2787 1149 2859 sustinuit,
1172 2784 1263 2844 multo
1278 2786 1429 2863 receptior
1443 2793 1501 2847 est
1524 2783 1579 2845 Sed

141 2868 212 2945 piis,
229 2875 505 2951 quantumcumque
522 2868 564 2929 illi
574 2873 677 2950 magni
692 2879 721 2930 et
735 2878 839 2951 poten·
887 2880 919 2931 et
933 2872 1061 2951 August.
1078 2879 1196 2950 quaest
1213 2872 1262 2931 68.
1277 2871 1363 2932 inter.
1381 2872 1432 2935 83.
1455 2872 1580 2950 legiter

142 2963 188 3014 tes
214 2954 342 3026 fuerint,
366 2954 535 3034 cujusmodi
560 2966 630 3016 sunt
650 2977 737 3036 reges
764 2958 840 3016 inter
887 2958 947 3018 slis
973 2958 1116 3037 quapiam
1142 2958 1279 3019 versione
1299 2960 1442 3035 pertulit.
1479 2957 1580 3020 Graeci

140 3039 286 3112 homines,
302 3049 336 3099 ut
347 3041 475 3117 Pbaruo,
492 3041 579 3119 cnjus
592 3063 683 3125 supra
694 3045 839 3114 meminit,
887 3064 1011 3125 quoque
1026 3044 1138 3105 diserte
1150 3045 1183 3104 in
1197 3044 1275 3105 hunc
1286 3064 1408 3108 sensum
1419 3051 1580 3125 exponunt,

142 3128 247 3207 quales
263 3130 332 3188 item
350 3128 451 3208 angeli
466 3127 632 3190 secuudum
646 3138 792 3203 naturam,
809 3138 840 3191 et
887 3140 920 3190 ut
936 3131 1054 3192 dicatur
1067 3131 1153 3191 Deus
1175 3151 1244 3191 cunr
1264 3133 1359 3194 mults
1372 3133 1525 3212 patientis
1540 3138 1579 3190 to·

143 3216 273 3275 maxims
285 3233 442 3294 supremus
455 3218 638 3297 angolorum,
651 3220 769 3278 tametsi
781 3218 839 3277 boc
887 3218 1000 3279 lerssse
1022 3238 1097 3278 vasa
1113 3220 1184 3290 irae,
1208 3226 1290 3279 tanto
1312 3220 1438 3299 gravius
1460 3239 1498 3280 ea
1519 3226 1579 3278 tsn-

142 3301 265 3380 quidem
288 3302 354 3362 loco
374 3302 411 3363 de
434 3304 508 3364 solis
531 3304 701 3365 homiuibus
722 3302 838 3365 Paulus
887 3305 953 3365 dem
966 3307 1131 3384 puniturus,
1148 3311 1259 3386 quanto
1271 3305 1386 3368 diutius
1398 3306 1580 3368 toleraverit.

142 3386 283 3470 loquitur.
499 3395 504 3404 '
930 3390 992 3471 Qui
1008 3411 1112 3454 sensus
1135 3401 1300 3472 utcumque
1321 3393 1489 3474 respondet
1507 3392 1582 3473 parti

182 3475 332 3556 Adjnngit
353 3486 453 3536 sutem
475 3477 554 3537 banc
573 3496 703 3550 causam,
728 3476 761 3538 id
782 3487 837 3551 eet,
885 3478 1091 3558 praecedeuti.
1106 3480 1242 3540 Sustinet
1250 3481 1329 3541 enim
1337 3478 1424 3541 Deus
1435 3501 1498 3555 eos,
1510 3498 1582 3561 quos

141 3564 342 3624 ostensionem
358 3566 511 3641 potentiae
523 3562 656 3633 divinae,
673 3564 758 3625 velut
769 3586 838 3626 can·
886 3567 941 3625 scit
951 3586 1009 3625 non
1023 3567 1222 3645 corrigendos,
1238 3574 1270 3627 ut
1280 3568 1311 3627 in
1323 3567 1367 3628 eis
1381 3579 1492 3648 postea
1503 3585 1582 3628 suam

140 3669 203 3709 sam
227 3650 344 3710 finalem
368 3652 587 3730 reprobationis
607 3653 721 3731 potius,
745 3671 837 3730 quarn
886 3654 962 3712 iram
984 3672 1020 3712 sc
1042 3654 1210 3732 potentiam
1234 3653 1381 3715 ostendat
1404 3655 1468 3716 Sed
1491 3654 1581 3716 scisu-

140 3736 297 3798 electionis
307 3734 430 3813 (liceret
439 3740 519 3799 circa
532 3736 647 3799 electos
660 3758 742 3798 susm
752 3738 837 3799 Deus
886 3739 955 3798 dum
967 3747 1021 3808 est,
1038 3738 1188 3800 Graecum
1199 3740 1339 3801 soristum
1356 3734 1478 3819 ἤνεγκα
1488 3744 1520 3802 in
1530 3740 1584 3800 bac

140 3822 281 3884 ostendat
304 3822 500 3903 potentiam),
531 3844 565 3885 eo
593 3824 676 3905 quod
701 3827 838 3905 potentis
886 3825 1106 3905 significatione
1131 3829 1231 3888 rarius
1258 3828 1397 3888 inveniri.
1437 3827 1530 3890 Certe
1553 3826 1583 3886 in

137 3913 235 3991 magis
259 3911 431 3971 declaretur
453 3913 484 3972 in
507 3912 681 3972 subactione
705 3922 736 3972 et
750 3912 837 3991 puni·
886 3913 979 3973 sacris
994 3912 1091 3972 literis
1101 3913 1212 3993 legisse
1224 3934 1283 3974 non
1295 3915 1430 3990 memini,
1445 3934 1516 3975 cum
1530 3912 1582 3975 bu·

138 3999 219 4059 tione
234 3997 386 4070 melorum,
408 4018 535 4078 quorum
556 4007 714 4080 permanet
729 4018 837 4079 repug·
881 4000 932 4079 jus
959 4000 1186 4079 significationis
1212 3999 1272 4062 slis
1304 4002 1418 4082 passim
1443 4001 1584 4082 legantur

138 4106 215 4145 nans
230 4086 380 4158 voluutas,
397 4105 485 4164 quam
501 4086 533 4146 in
548 4085 731 4147 exaltatione
746 4085 837 4146 bono·
887 4077 1064 4165 ἇνᾶχεσθαι,
1088 4077 1216 4163 στέγειν,
1241 4078 1407 4165 ὑπομένειν.
1432 4086 1584 4168 Quocirca

138 4191 216 4244 rum,
243 4192 370 4253 qnorum
400 4172 520 4234 tandem
543 4174 662 4233 omnino
685 4171 837 4253 perfectus
884 4175 966 4254 prior
979 4193 1086 4234 sensus
1101 4173 1181 4233 forte
1193 4174 1263 4252 plus
1278 4174 1372 4235 babet
1386 4175 1582 4255 probabilita-

139 4259 197 4317 erit
212 4278 280 4318 cum
294 4259 354 4318 Dei
368 4259 525 4322 voluntate
540 4280 714 4321 consensus.
884 4262 932 4336 tis,
954 4261 1130 4342 pracsertim
1145 4279 1212 4320 cum
1235 4270 1265 4322 et
1283 4268 1385 4321 actum
1400 4260 1526 4324 divinae
1539 4281 1583 4322 rs·

181 4346 340 4406 Srsstinuit
369 4349 405 4408 in
435 4348 537 4407 multu
567 4349 729 4423 patientia
759 4365 837 4407 vasu
883 4348 1069 4428 probationis
1084 4349 1255 4427 expressius
1271 4348 1431 4422 contineat,
1454 4350 1508 4428 qui
1531 4358 1596 4427 est,

137 4433 216 4506 irae,
242 4441 321 4509 apto
342 4436 377 4493 in
401 4437 575 4495 interitum.
598 4434 699 4512 Hujus
721 4434 836 4513 perico·
883 4434 1034 4496 adducere
1063 4435 1095 4495 in
1119 4436 1287 4506 interitum,
1317 4433 1464 4496 videlieet
1485 4435 1584 4498 dimit·

136 4537 191 4597 pes
214 4519 334 4599 singula
356 4540 455 4600 paene
477 4519 571 4580 verba
593 4529 683 4599 egent
705 4520 835 4601 explica·
885 4522 983 4596 tendo,
1007 4520 1204 4594 excoecando,
1227 4521 1412 4583 obdurando.

138 4605 227 4666 tione.
251 4609 420 4684 Sustinuit,
438 4607 555 4670 Graece
575 4600 718 4686 ἤνεγκεν,
733 4606 764 4670 id
780 4614 836 4681 est,
927 4607 1023 4669 Addit
1051 4614 1168 4681 antem,
1205 4611 1242 4671 ist
1271 4609 1374 4671 mutto
1407 4611 1584 4687 patientia,

137 4692 219 4756 tulit.
243 4692 307 4755 Sed
329 4702 363 4753 ut
375 4694 520 4781 Latinum·
539 4695 614 4756 tulit
635 4691 754 4757 duobus
774 4714 843 4755 mo··
885 4693 1004 4759 Grsece
1013 4689 1221 4778 μακροθυμίᾳ,
1234 4695 1268 4761 id
1279 4703 1334 4773 est,
1344 4695 1481 4773 lenitcte,
1490 4716 1585 4780 quam
