3254 5190
128 284 198 354 tur
628 275 906 332 numennumen
919 277 1059 334 esuuu.

122 461 212 526 rotet,
228 454 301 533 quin
317 461 348 513 et
362 472 437 512 voce
452 452 601 531 exprimet
616 451 691 512 illud
703 451 820 513 deside·
869 451 1005 534 diligunt
1035 454 1141 527 Adde,
1166 453 1249 537 quod
1272 455 1371 515 minus
1392 448 1568 515 commodus

123 543 199 601 rium
214 586 221 612 ,
238 538 291 598 sed
309 538 408 599 verbis
424 539 722 598 convenientissimis.
738 540 819 600 Ten·
869 562 965 602 sermo
982 551 1036 614 est,
1055 561 1115 622 quo
1130 542 1267 621 seperari
1282 541 1352 621 quis
1366 538 1480 603 dicitur
1492 560 1513 600 s
1522 558 1570 599 es·

122 626 347 687 tumhumilites
356 625 409 685 ille
417 623 617 705 supplicandi,
626 625 746 686 Christo
755 626 820 704 jem
868 630 957 690 ritete
969 631 1033 689 sire
1043 648 1152 702 umore¹
1165 647 1224 708 quo
1238 627 1331 710 vium
1340 625 1461 707 diligit,
1476 643 1571 706 quum

122 714 289 793 glorificato
304 711 444 791 indigns,
472 712 509 771 ub
534 712 600 789 ejus
624 713 760 771 cretione
775 732 819 772 re·
868 716 966 793 potius
982 713 1125 776 dicendus
1142 725 1223 775 esset
1238 712 1338 784 illum,
1361 711 1530 795 sliqnundo
1553 732 1572 771 ι

122 797 271 860 movenda
286 807 341 870 est,
357 799 403 857 uti
412 807 568 859 removent
579 796 746 877 Gregorius
757 799 819 859 Nn·
869 821 902 861 se
917 800 1075 872 dilectum,
1091 820 1110 860 e
1124 820 1179 860 suo
1195 819 1296 860 rmore
1311 818 1458 878 reperere
1471 819 1509 859 so
1524 819 1568 858 re·

122 890 217 949 risun.
235 893 309 945 oret.
326 889 355 947 4.
371 884 410 945 de
421 883 540 956 Theoi,
555 893 585 944 et
600 886 756 964 Repertus
767 886 819 945 lib.
867 907 1000 948 movere.
1023 888 1165 968 Denique
1188 906 1244 947 nec
1266 905 1370 947 omnes
1396 885 1489 946 electi
1503 883 1571 946 dili·

123 976 150 1033 9.
168 973 206 1033 de
229 971 339 1031 divinis
360 972 464 1031 officiis
486 991 553 1050 cup.
576 971 605 1030 3.
629 972 742 1031 Verum
764 972 821 1032 lruc
868 984 945 1054 gunt
967 975 1083 1050 Deum3
1109 973 1196 1033 multi
1222 975 1302 1034 enim
1325 970 1461 1032 nondum
1481 980 1568 1046 ιιιιιις

122 1061 160 1120 de
176 1079 208 1119 re
222 1056 350 1139 emplius
365 1057 480 1137 aliquid
494 1057 603 1117 dicturi
627 1077 745 1129 sumus,
768 1058 820 1118 ubi
868 1062 952 1121 multi
968 1060 1066 1120 edhuc
1081 1062 1152 1120 meli
1167 1067 1254 1134 sunt3
1271 1078 1373 1120 omnes
1389 1066 1491 1121 umen
1506 1057 1571 1119 dili·

121 1153 300 1227 perventum
316 1147 373 1205 erit
390 1144 429 1205 sd
444 1144 541 1203 locum
553 1145 679 1204 similem
692 1144 772 1204 Eeb.
793 1146 820 1203 7.
869 1155 979 1226 guntur
993 1168 1012 1207 u
1026 1147 1102 1208 Deo.
1124 1147 1274 1228 Loquitur
1285 1155 1385 1207 eutem
1396 1145 1571 1224 Apostolus,

166 1232 214 1295 36.
240 1234 316 1310 Quis
332 1249 406 1308 erpo
420 1249 480 1291 nos
493 1230 655 1307 reparabit
669 1249 691 1291 u
713 1232 820 1292 cbari-
868 1242 902 1293 ut
917 1253 955 1294 ex
969 1232 1162 1313 pnecedenti
1178 1233 1326 1293 sententis
1341 1232 1447 1312 liquet,
1462 1233 1493 1292 in
1504 1251 1570 1313 per·

121 1327 186 1379 tute
202 1319 342 1380 Christi?
359 1321 447 1394 Enyo
462 1337 522 1377 non
537 1317 666 1377 hebetur
681 1319 710 1376 in
726 1317 820 1377 Gree-
869 1339 944 1380 sone
960 1321 1140 1394 electorum,
1161 1340 1221 1380 non
1245 1327 1343 1379 eutem
1367 1318 1501 1379 solorum
1521 1329 1572 1378 rut

120 1426 172 1478 co,
199 1406 341 1485 Syriaco,
368 1404 568 1464 Ambrosieno
590 1413 691 1478 textu,
718 1413 751 1465 ut
767 1424 822 1464 nec
870 1408 997 1468 omnium
1005 1408 1165 1485 justorum,
1178 1414 1213 1466 ut
1223 1425 1279 1485 nec
1287 1404 1570 1466 omniumddelium

120 1490 821 1658 titinniusattribuisti
869 1492 1572 1660 „lllltttltlttbrutum

121 1667 192 1727 Dei.
204 1666 315 1746 Sisque
330 1665 469 1745 legerunt
484 1663 639 1744 Origenes,
655 1664 820 1744 Theophy·
868 1665 1000 1727 fidelium
1017 1676 1131 1726 certum
1147 1688 1184 1727 ec
1206 1685 1344 1728 securum
1364 1685 1433 1728 esse
1455 1664 1496 1727 ds
1518 1685 1572 1726 sus

121 1755 219 1814 lsctus
235 1761 266 1812 et
281 1750 491 1824 Oscumenius,
507 1752 628 1813 temetsi
640 1750 819 1830 Chrysosto·
870 1754 900 1812 in
915 1754 994 1815 bono
1009 1758 1243 1832 perseverantie.
1273 1752 1368 1813 Porro
1384 1751 1443 1813 sub
1459 1771 1571 1814 mucu-

119 1860 200 1902 mum
216 1848 333 1900 constet
347 1838 459 1920 legisse
476 1839 600 1900 Obrirti.
616 1836 819 1898 Nemetudio·
869 1839 929 1900 lino
946 1843 1015 1917 quis
1045 1843 1136 1901 etism
1163 1849 1320 1909 neutrum,
1346 1838 1439 1918 quid,
1466 1837 1572 1911 idest,

120 1949 153 1991 se
164 1927 195 1988 id
208 1926 361 1999 observet,
372 1923 552 2005 Apostolum
564 1923 678 1984 dixisse
691 1926 818 1998 Christi,
869 1947 948 2007 quse
964 1946 1011 1987 res
1034 1927 1161 2008 intelligi
1176 1927 1276 1987 debet.
1300 1925 1380 1986 Nem
1402 1946 1505 1988 rerum
1529 1935 1572 1986 est

119 2035 179 2077 non
194 2015 265 2076 Dei.
288 2013 470 2073 Tertullien.
502 2030 624 2092 quoque
644 2012 761 2072 Obristi
778 2011 819 2070 le·
868 2014 1052 2074 enumeratio
1064 2035 1202 2094 sequens,
1213 2014 1335 2073 temetsi
1344 2031 1396 2073 res
1407 2012 1483 2074 illxe
1494 2014 1570 2094 ejur

118 2104 165 2182 git
178 2103 208 2161 in
230 2101 394 2178 Scorpieco
417 2118 484 2178 cup.
511 2104 558 2160 13.
581 2098 632 2158 Sic
655 2106 686 2157 et
706 2100 820 2158 caeteri
867 2100 947 2160 modi
962 2109 1040 2171 sunt,
1057 2121 1136 2179 quae
1150 2102 1190 2161 rb
1205 2099 1377 2160 hominibus
1393 2099 1570 2161 intuentur.

118 2188 233 2259 Latini,
259 2187 394 2267 iecitque
419 2206 472 2264 pro
500 2204 536 2244 es
568 2185 710 2257 lectione,
737 2183 819 2263 quod
914 2187 1116 2248 Tribulotio?
1131 2208 1175 2248 en
1191 2185 1368 2261 anquene?
1382 2205 1430 2248 ost
1442 2186 1570 2266 foma?

118 2276 254 2356 proxime
270 2273 449 2354 praecessit:
478 2273 619 2334 Christus
641 2275 746 2345 Jesur,
763 2273 820 2347 qni
867 2293 910 2333 an
927 2275 1081 2334 nuditas?
1105 2292 1150 2334 ao
1171 2272 1378 2351 periculum?
1397 2293 1446 2335 nn
1463 2293 1570 2353 perre-

118 2369 263 2423 morerer
278 2367 322 2419 ert
351 2369 406 2418 etc.
442 2358 571 2418 Sensus:
596 2377 664 2417 cum
679 2358 818 2420 Christus
865 2361 973 2421 nabo?
996 2380 1040 2420 an
1055 2361 1202 2436 plndius?
1217 2360 1253 2419 In
1266 2357 1386 2420 Graeco
1399 2361 1569 2442 etflyrisec

117 2448 192 2508 heco
214 2448 315 2507 omnis
337 2446 444 2506 iecerit
466 2455 497 2506 et
523 2443 617 2504 faciet
643 2465 696 2524 pro
722 2444 818 2517 nobis,
864 2451 1042 2524 peremtio
1068 2449 1186 2528 ponitur
1211 2448 1299 2506 tertio
1325 2445 1411 2521 loeo,
1434 2467 1518 2529 quse
1539 2451 1569 2509 ln

118 2537 187 2617 quis
206 2536 270 2613 jem
293 2552 348 2592 uos
372 2551 512 2610 seperare
529 2541 560 2591 et
576 2530 750 2590 abstrahere
766 2551 818 2609 po·
868 2534 985 2594 Latinis
1002 2543 1102 2606 sexto,
1128 2554 1186 2594 nou
1201 2533 1339 2593 omnibus
1355 2540 1471 2596 temen
1493 2534 1568 2596 Con·

117 2622 189 2681 terit
201 2621 241 2680 sb
256 2619 323 2697 ejus
339 2617 508 2688 dilectione,
524 2618 591 2676 sive
606 2637 666 2696 qus
683 2637 735 2676 nos
751 2637 817 2676 enm
866 2622 990 2680 veniunt
1015 2622 1094 2680 enim
1120 2640 1186 2680 cum
1209 2617 1334 2678 Graecis
1354 2628 1570 2682 commentetur

117 2705 286 2786 diligimus,
310 2707 375 2764 sive
399 2722 460 2782 qus
480 2723 535 2763 nos
550 2705 617 2782 ipse
632 2701 748 2779 diligit,
764 2704 817 2782 qui
866 2707 1013 2777 Ambros,
1024 2705 1220 2774 Lombrrdus,
1237 2706 1372 2784 Aquinus
1388 2708 1568 2781 etLirenur,

117 2801 163 2853 tot
178 2802 210 2853 et
223 2800 308 2851 tenta
323 2810 377 2871 pro
393 2789 480 2850 nobis
495 2787 588 2849 fecit?
866 2795 923 2852 imo
950 2802 979 2852 et
1007 2791 1175 2873 Cyprianus
1202 2791 1253 2851 lib.
1272 2795 1299 2853 3.
1325 2795 1479 2855 testimon.
1503 2814 1566 2876 esp.

161 2878 251 2960 Quod
278 2879 304 2937 si
320 2898 386 2937 cum
402 2874 526 2936 Graecis
541 2875 679 2955 legumus
706 2896 726 2934 n
741 2878 816 2935 cbe-
867 2883 915 2940 18.
940 2887 970 2939 et
984 2879 1064 2939 olibi.
1080 2877 1169 2958 Apud
1181 2878 1363 2939 Primrsium
1378 2889 1488 2960 quarto
1502 2879 1567 2942 lom

117 2968 212 3025 ritate
234 2966 296 3025 Dei
300 3009 311 3040 ,
339 2980 446 3022 sensus
471 2962 542 3021 erit:
566 2960 642 3023 Cum
668 2971 752 3022 tante
778 2964 816 3021 sit
865 2965 1026 3025 collocetur
1039 2968 1224 3042 persecutio.
1234 2963 1323 3043 Apud
1332 2962 1566 3029 cmhusisnum

118 3051 177 3113 Dei
192 3054 304 3111 ceritas
321 3069 393 3128 erge
408 3069 471 3122 nos,
487 3059 520 3107 ιιι
535 3048 611 3109 heco
627 3051 726 3109 omnis
738 3048 814 3107 fece·
865 3055 977 3132 quinto.
1003 3051 1182 3111 Tertullien.
1208 3070 1274 3109 eum
1296 3054 1418 3113 omnino
1434 3063 1565 3134 prester

116 3139 171 3211 rit,
193 3157 230 3197 sc
251 3137 360 3198 Filium
376 3154 463 3194 suurn
477 3155 531 3214 pro
547 3134 634 3195 nobis
649 3135 750 3195 lucere
764 3155 814 3194 vo·
864 3140 961 3198 mittit.
978 3138 1159 3198 Tribulatio
1170 3138 1236 3196 sire
1247 3137 1366 3198 afflietio
1378 3142 1566 3218 potissimum

115 3224 223 3296 luerit,
246 3226 314 3303 quis
334 3221 373 3281 eb
397 3223 579 3281 securitate
601 3242 655 3280 nos
675 3241 815 3302 seperare
864 3224 1041 3303 intelligitur
1067 3227 1096 3282 in
1119 3241 1245 3302 corpore
1266 3234 1300 3284 et
1313 3224 1406 3286 rebus
1422 3229 1566 3300 externie

116 3312 231 3392 poterit,
246 3310 303 3371 hoc
315 3316 369 3379 est,
381 3308 507 3379 efficere,
523 3318 557 3367 ut
567 3308 652 3367 Deus
663 3328 726 3384 nos,
743 3328 815 3387 quo·
864 3314 1015 3386 repudio
1031 3312 1060 3370 in
1075 3312 1184 3382 animo,
1199 3309 1249 3369 vel
1265 3319 1345 3370 certe
1361 3313 1393 3371 in
1408 3313 1503 3376 rebe·
1514 3313 1565 3375 du·

116 3393 815 3476 rumgretistemmulteiecit,smeredesinut?
863 3397 920 3457 biis
948 3405 979 3457 et
1002 3396 1173 3476 perplexis,
1198 3395 1250 3455 ubi
1273 3397 1434 3458 consilium
1467 3401 1566 3461 hume

116 3484 177 3543 Hic
200 3501 317 3556 sensus,
343 3501 404 3562 quo
425 3481 600 3561 intelligitur
628 3482 737 3540 ceritas
760 3501 815 3540 seu
864 3503 935 3544 nurn
945 3482 1053 3542 delicit
1071 3481 1201 3542 (laetere
1215 3481 1297 3543 clere
1312 3493 1389 3543 sunt.

116 3570 190 3643 Dei,
218 3589 271 3629 seu
287 3567 415 3641 Christi,
443 3587 516 3646 erge
529 3588 600 3638 nos,
626 3566 815 3646 scejeeno,
909 3571 959 3630 36.
983 3572 1071 3631 Sicut
1085 3572 1238 3645 scriptum
1253 3576 1305 3629 cst.
1329 3569 1463 3650 Supple:
1489 3573 1565 3635 eleo·

117 3656 244 3729 Toleto,
271 3656 400 3734 aliisque
415 3653 512 3715 doctis
528 3654 739 3733 interpretibus
755 3663 813 3713 tra·
864 3665 910 3717 tos
933 3657 996 3734 peti
1020 3663 1051 3715 et
1073 3673 1216 3735 passuros
1240 3675 1317 3715 esse.
1340 3657 1442 3719 Locus
1466 3669 1515 3721 est
1535 3661 1566 3719 in

117 3743 212 3817 ditur,
228 3751 333 3823 estque
349 3738 440 3801 velde
463 3739 638 3820 probabilis.
660 3739 816 3818 Expendit
864 3741 945 3802 Psnl.
962 3742 1013 3803 43.
1031 3742 1091 3821 Qui
1106 3740 1229 3822 quidem
1245 3741 1386 3803 Pselmus
1400 3742 1455 3804 rel
1469 3765 1489 3806 r
1503 3745 1564 3807 Dr·

116 3830 192 3890 enim
219 3827 333 3888 Paulus
357 3826 595 3906 magnitudinem
625 3826 720 3886 divini
743 3847 816 3906 erge
863 3828 948 3900 vide,
971 3827 1038 3900 vel,
1060 3827 1142 3907 quod
1165 3847 1202 3887 ex
1225 3836 1289 3888 toto
1304 3829 1371 3908 ejus
1386 3839 1565 3910 trgum

115 3935 170 3976 nos
185 3916 293 3976 amoris
315 3934 353 3974 ex
377 3913 530 3973 beneficiis
553 3912 640 3973 nobis
661 3914 814 3992 impensis,
862 3917 957 3994 megis
974 3924 1117 3994 apparet,
1143 3923 1276 3994 tempore
1296 3913 1497 3994 dispersionis
1515 3939 1564 4000 po·

116 4023 175 4082 quo
191 4002 312 4083 probet,
339 3999 422 4080 quod
437 4002 626 4071 institueret,
647 3999 721 4065 nihil
737 4001 813 4061 obsi·
862 4002 927 4082 puli
942 3999 1064 4061 Judeioi
1079 4000 1119 4061 erl
1134 3999 1208 4061 deos
1220 4000 1316 4061 falsos
1332 4021 1394 4061 non
1408 4000 1564 4065 declim-

116 4097 193 4149 stere
209 4107 307 4169 posse,
323 4106 383 4167 quo
398 4089 496 4147 minus
511 4086 676 4146 certissime
686 4105 813 4165 perven-
862 4089 908 4160 tis,
925 4089 1094 4167 squopism
1105 4089 1172 4147 viro
1183 4088 1243 4147 Dei
1254 4088 1454 4168 comeriptns,
1465 4091 1566 4172 etpi'x

115 4177 174 4236 turi
183 4176 274 4236 simus
286 4173 325 4233 ed
337 4174 481 4248 salutem3
498 4173 575 4232 sicut
590 4181 621 4232 et
631 4172 723 4252 peulc
735 4183 813 4253 pust,
862 4175 921 4234 Dei
933 4173 1097 4233 cultoribus
1109 4172 1148 4233 ad
1159 4173 1342 4253 precandum
1354 4182 1387 4234 et
1396 4174 1565 4239 merom

115 4261 167 4321 ubi
182 4263 239 4321 nit:
251 4268 386 4338 propter
401 4279 490 4333 eum,
505 4262 561 4337 qui
576 4259 688 4320 dilexit
702 4277 769 4321 nor.
863 4260 1006 4332 orditus,
1022 4278 1111 4342 sensu
1128 4268 1228 4320 temen
1242 4260 1352 4321 sltiors
1368 4258 1573 4343 propheticus

159 4347 245 4408 Alter
259 4367 334 4407 vero
350 4366 471 4418 sensus,
494 4364 555 4427 quo
571 4345 750 4425 intelligitur
765 4366 813 4407 cr-
863 4355 925 4421 est,
948 4356 979 4406 et
992 4344 1033 4405 ed
1046 4348 1286 4425 persecutionem
1302 4346 1453 4410 ecclesiae
1467 4349 1564 4430 prisni-

115 4437 188 4494 rites
202 4446 304 4494 nostre
316 4453 388 4514 erge
398 4434 506 4506 Deum,
519 4441 591 4510 eget
604 4432 812 4512 supplemento
861 4435 945 4494 tivee
961 4431 1145 4493 referendus.

115 4519 297 4600 hujusmodi:
321 4519 397 4599 Quis
411 4538 466 4580 nos
482 4517 636 4599 seperabit
648 4517 811 4580 finaliterr
905 4520 988 4597 Quia
1014 4527 1147 4596 propter
1175 4526 1205 4578 te
1230 4518 1472 4596 mortificemur
1495 4528 1563 4583 tots

115 4608 237 4668 caritate
253 4604 337 4666 Dei?
352 4606 431 4667 Num
447 4604 486 4666 ed
502 4615 622 4685 tempus
637 4623 728 4685 sespe
743 4625 812 4666 con·
860 4606 921 4666 die.
950 4604 1020 4666 Vox
1046 4605 1205 4666 electorum
1220 4602 1258 4663 ed
1280 4605 1391 4667 Deum.
1417 4611 1503 4691 (irtio
1524 4607 1563 4670 sd

114 4693 208 4772 tingit.
221 4691 699 4770 electosexeiderecrritstequr
712 4692 811 4752 Deum
859 4711 983 4752 sensum
1009 4690 1166 4755 redundet
1201 4693 1343 4768 Propter
1369 4701 1416 4769 ts,
1447 4693 1564 4757 Grecos
