3254 5190
91 266 165 349 m
553 244 559 261 '
600 256 834 313 commutes
855 256 887 319 lli
901 256 970 313 clt’.
984 256 1025 313 lx.

133 434 167 495 Si
182 435 230 497 cui
240 434 337 514 magis
348 432 449 514 placet
459 433 574 500 versio:
593 452 657 511 pre
670 434 784 510 lsrael,
834 427 998 495 iocundum
1021 432 1096 493 illud
1118 431 1255 511 ejusdem
1278 432 1455 515 Prophetae
1471 453 1533 513 rap.

88 523 198 602 poterit
219 522 298 581 hunc
321 540 442 581 sensnm
462 523 575 581 facere:
597 520 711 582 Iesaias
728 520 786 582 hoc
833 525 878 583 4.:
903 521 1023 596 Omnis,
1047 523 1102 598 qui
1118 519 1245 579 relictus
1266 520 1371 599 suerit
1393 526 1432 581 iro
1446 522 1533 596 aar,

90 608 189 669 solum
211 608 322 671 elamat
343 629 397 688 pro
421 607 530 680 Israbl,
553 608 699 687 reliquias
721 610 787 688 ejus
834 615 864 668 et
877 608 1025 668 residuae
1039 611 1075 668 io
1086 607 1280 682 Jerusalem,
1295 615 1427 687 sanctus
1441 627 1535 670 voea-

89 694 197 775 populi
212 694 314 757 salvas
329 695 410 770 fore,
429 696 601 776 caeteroqui
616 694 786 768 denunciat,
835 695 928 754 bitur.
952 692 1045 773 Quod
1072 693 1227 773 impletum
1248 694 1343 756 fuisse
1365 696 1535 756 temtatin

89 780 487 861 multitudinemperituram.
500 782 697 861 Prosequitur
704 783 786 862 Apo·
833 780 987 860 Apostolis
1003 802 1039 841 ac
1051 781 1178 841 cacteris
1194 782 1367 860 primitivae
1378 783 1536 842 Ecclesiae

90 869 201 929 stolus:
832 867 985 941 fidelibus,
1008 888 1083 948 quos
1100 867 1280 946 apostolica
1303 866 1454 950 scriptura
1467 887 1535 949 pas·

133 957 183 1016 28.
214 953 350 1015 Verbum
376 957 463 1016 mim
488 973 729 1030 consummem,
757 961 787 1014 et
834 955 888 1015 sim
906 963 1024 1014 sanctos
1041 952 1184 1034 appellat

89 1041 279 1103 abbreviem
300 1045 337 1101 ia
360 1045 529 1120 aequitate.
565 1041 712 1118 Verbum,
738 1061 785 1101 ae·
878 1038 1011 1119 Quidam
1035 1043 1092 1100 sic:
1115 1043 1151 1102 im
1171 1043 1351 1118 aequitate,
1376 1040 1486 1115 idest,
1508 1042 1536 1102 in

88 1129 219 1202 cusativi
229 1146 325 1202 meua
337 1126 463 1204 Graece,
474 1120 576 1204 λόγον.
599 1127 715 1188 Vitabis
726 1148 786 1188 am·
834 1128 953 1206 negotio
988 1127 1222 1207 consequendae
1254 1128 1411 1207 justitiae,
1452 1136 1535 1190 erunt

88 1215 269 1294 biguitatenr
291 1216 316 1275 si
331 1233 509 1277 sermonem
526 1216 629 1294 legas3
651 1213 787 1276 nonnulli
833 1215 1015 1294 paucissimi.

87 1304 250 1363 rationem
262 1301 385 1361 malunt
407 1303 485 1363 Nam
496 1311 527 1364 et
537 1301 683 1362 rationem
691 1292 786 1377 λόγος
877 1300 991 1361 Rursus
1012 1300 1081 1360 alii:
1104 1304 1140 1361 ia
1157 1303 1297 1378 joastitia,
1319 1301 1351 1361 id
1375 1309 1433 1378 est,
1452 1301 1534 1380 juste

90 1387 248 1469 significat.
271 1387 333 1449 Sed
348 1407 422 1455 sane
436 1391 506 1451 huic
519 1390 587 1451 loco
602 1408 661 1448 non
678 1408 785 1449 eonve-
835 1406 888 1446 seu
908 1388 994 1466 justo
1015 1386 1134 1466 jndicio
1158 1386 1189 1447 id
1211 1388 1344 1451 tacturus
1371 1396 1420 1450 est
1441 1389 1533 1450 Deus.

88 1475 141 1550 nit,
164 1474 258 1538 multo
280 1476 378 1535 minna
398 1476 539 1555 originali
553 1477 724 1554 scripturae,
748 1494 787 1535 ex
835 1473 923 1546 Nam,
937 1481 973 1534 ut
983 1474 1049 1552 jam
1061 1483 1130 1534 ante
1143 1472 1284 1548 diximus,
1299 1496 1361 1537 non
1376 1474 1428 1537 hic
1442 1477 1535 1537 inten-

89 1581 151 1642 qua
157 1561 344 1641 desumptum
356 1562 688 1624 esthoctestimonium.
701 1563 787 1624 Ooo-
836 1559 880 1620 dit
893 1561 1056 1641 Apostolus
1071 1559 1201 1642 probare
1216 1564 1410 1625 vocatiouem
1421 1563 1534 1644 aliquo·

88 1667 268 1724 rammam,
296 1647 414 1711 Graece
440 1645 614 1725 συντελῶν,·
645 1670 698 1727 pro
725 1668 786 1730 qno
835 1647 959 1708 remed
974 1648 1125 1726 justitiam
1142 1658 1174 1709 et
1189 1651 1325 1723 salutern,
1342 1648 1398 1711 eod
1413 1649 1534 1712 Judaici

88 1736 234 1798 Erasmus
247 1734 426 1811 perficieris.
448 1736 518 1810 Sed,
532 1743 567 1797 ut
577 1755 617 1795 ex
629 1755 719 1796 sensu
734 1756 786 1816 pa·
834 1733 940 1815 populi
955 1735 1204 1814 reprobationem,
1220 1737 1316 1798 salvis
1328 1734 1481 1798 duntaxat
1494 1757 1533 1799 re

89 1823 173 1895 tebit,
186 1822 296 1887 melius
311 1830 413 1883 noster
428 1825 532 1885 vertit:
556 1841 787 1884 coammmam.
835 1823 946 1903 liquiis.
978 1820 1130 1901 Quocirca
1153 1824 1441 1885 consummationem
1467 1845 1534 1906 quo

90 1908 183 1989 Quod
196 1911 353 1989 sequitur:
376 1917 405 1970 et
418 1910 610 1971 abbrevians
624 1912 660 1970 ia
676 1911 787 1987 aequi·
836 1928 896 1989 que
923 1929 983 1969 non
1004 1908 1229 1989 perfectionem,
1255 1912 1310 1973 sed
1337 1914 1534 1993 consumptio

88 2003 166 2072 tate,
183 1993 368 2067 Graeceest:
387 2004 417 2057 et
428 1997 594 2059 concideris
604 1999 641 2057 ia
651 2000 787 2071 jactitia.
836 2016 913 2066 uem,
937 2014 1005 2055 cum
1021 1994 1162 2068 Vatablo,
1184 1997 1310 2059 Forerio
1335 2005 1366 2058 et
1389 1997 1467 2070 aliis,
1490 2018 1534 2060 ex·

134 2084 218 2163 Quia
244 2082 375 2145 verbam
397 2084 577 2146 breviatam
599 2083 698 2162 saciet
718 2086 787 2145 Do·
835 2083 932 2164 posui,
956 2083 1068 2163 quippe
1083 2101 1150 2143 cum
1171 2092 1279 2163 agatur
1301 2083 1340 2145 de
1362 2086 1473 2165 populi
1495 2088 1533 2146 in·

90 2173 197 2241 minut
208 2188 304 2247 cuper
315 2177 445 2232 terram.
459 2173 657 2247 Breviatam,
672 2169 788 2232 Graece
836 2171 937 2229 terito.
961 2166 1039 2228 (ium
1055 2171 1132 2231 enirn
1156 2189 1204 2231 res
1220 2170 1339 2234 duobus
1355 2171 1456 2234 modis
1471 2193 1534 2234 con·

90 2259 259 2320 emotmm.
283 2255 422 2319 Oitantur
444 2258 520 2319 haec
536 2278 555 2318 a
570 2257 666 2321 Paulo
686 2276 788 2319 secun‘
836 2262 1014 2330 summetur,
1038 2254 1089 2315 vel
1111 2254 1183 2317 dum
1204 2257 1366 2338 perficitur,
1394 2258 1446 2321 vel
1468 2259 1534 2320 dun

90 2343 160 2409 dum
177 2342 341 2407 editionem
354 2344 465 2419 LXX,
480 2342 788 2425 nisiquodapudeos
835 2344 936 2404 linitur
958 2353 1053 2423 atque
1076 2362 1144 2404 esse
1167 2342 1285 2418 desinit,
1307 2345 1471 2426 utriusque
1491 2367 1533 2409 to·

112 2452 145 2492 ro
161 2419 212 2490 ἐπὶ
231 2430 290 2509 τῆς
302 2430 380 2575 Ζῆς,
405 2450 502 2508 saper
524 2439 655 2507 terram,
679 2431 789 2511 legitur
835 2431 981 2513 ceptionis
1011 2428 1116 2489 horum
1146 2431 1361 2493 vocabulorum
1387 2450 1533 2494 evomas·

89 2450 122 2577 ἵν
138 2515 180 2597 τῇ
195 2507 301 2594 οἰκουμ
321 2533 356 2596 νη
372 2509 442 2598 ὅλῃ,
459 2516 559 2592 idest,
582 2521 617 2578 ia
633 2525 699 2579 toto
715 2517 788 2579 orbe
835 2535 922 2576 mare
945 2523 976 2575 et
996 2519 1238 2592 consummatio,
1263 2520 1339 2579 satis
1358 2517 1533 2581 obviarunt

91 2611 264 2665 terraram.
275 2601 438 2665 Caeterum
446 2602 625 2683 exponenda
635 2604 711 2664 baec
721 2615 789 2665 eunt
836 2602 974 2682 exempla
990 2604 1021 2663 in
1036 2604 1129 2663 saeris
1143 2602 1249 2679 literis,
1264 2613 1298 2666 ut
1313 2624 1350 2666 ea
1364 2605 1425 2669 hue
1440 2605 1531 2669 addu-

91 2710 129 2751 ex
143 2690 295 2764 Hebraeo,
316 2688 369 2749 ubi
383 2691 426 2751 sie
440 2690 578 2769 legimus,
600 2688 788 2770 Hieronymo
837 2708 903 2751 cere
917 2709 978 2749 non
994 2691 1034 2751 sit
1048 2707 1178 2751 necesse.

90 2778 271 2856 interprete:
289 2777 526 2839 vmmmmotto
539 2775 723 2837 abbreviata
735 2779 788 2837 ia·
878 2776 989 2849 Porro,
1012 2775 1093 2856 quod
1114 2777 1250 2839 nonnulli
1272 2776 1400 2840 verbum
1420 2799 1477 2862 pro
1504 2798 1534 2842 rc

88 2862 226 2925 undabit
256 2864 427 2938 iristitiam.
477 2863 787 2924 Conmmmatiortem
835 2862 967 2944 positum
989 2863 1225 2943 interpretantur
1244 2864 1303 2925 hoc
1322 2884 1431 2927 censu:
1454 2867 1535 2928 Deus

91 2951 176 3011 mim
200 2956 230 3009 et
251 2949 522 3013 abbreviationem
543 2948 709 3026 (Hebraico
730 2949 788 3009 ab·
837 2948 1052 3010 consummabit
1074 2957 1105 3008 et
1126 2949 1318 3012 abbreviabit
1340 2951 1486 3028 verbnm,
1506 2949 1535 3014 id

92 3031 285 3111 breviatam)
307 3037 470 3097 Dominus
483 3039 571 3098 Deve
594 3038 788 3097 exercituum
838 3044 892 3110 eet,
916 3038 1203 3098 consummationem
1224 3044 1255 3097 et
1275 3036 1534 3109 abbreviationem

90 3123 241 3202 societte
255 3123 360 3183 medio
376 3126 478 3184 omnir
492 3130 605 3184 torrae.
836 3121 936 3197 faciet,
956 3121 1069 3182 ideirco
1084 3123 1182 3184 minus
1196 3123 1299 3204 placet
1313 3124 1397 3207 quod
1412 3128 1535 3189 verbnm

134 3209 210 3271 Cum
225 3210 316 3289 igitur
330 3210 363 3269 in
376 3208 517 3271 Hebraeo
540 3209 625 3271 nulla
639 3209 690 3269 liat
704 3206 789 3269 verbi
836 3228 890 3289 pro
902 3229 934 3269 re
945 3206 1063 3270 Graece
1074 3207 1240 3272 dicisoleat
1249 3197 1346 3290 p‘ippa,
1358 3232 1423 3275 non
1433 3203 1534 3292 didm

91 3297 212 3370 mendo,
233 3314 292 3356 non
308 3303 354 3359 est
374 3295 423 3355 hic
445 3296 628 3359 vocabulum
649 3293 724 3355 illud
737 3313 789 3374 pe·
838 3293 927 3375 Quod
955 3292 1043 3355 facile
1064 3296 1096 3356 in
1122 3294 1206 3357 libris
1233 3296 1358 3360 Graecia
1379 3302 1535 3382 ntrinsquo

91 3382 242 3444 cubariter
258 3379 496 3462 expendendum,
518 3391 553 3442 nt
568 3383 618 3445 vel
637 3380 675 3444 de
697 3379 789 3442 verbo
837 3383 1007 3442 testamenti
1022 3381 1172 3445 studiosus
1189 3382 1283 3445 lector
1298 3384 1484 3448 observabit

90 3468 150 3531 Dei
165 3471 331 3543 incarnato,
353 3468 404 3529 vel
424 3468 463 3528 de
477 3468 569 3531 verbo
589 3469 667 3550 legis
681 3468 789 3528 Mosai-
880 3467 904 3529 J
905 3488 953 3527 am
964 3481 1037 3530 vero
1049 3471 1223 3548 posterioris
1238 3470 1376 3533 membri:
1392 3476 1452 3551 qui
1468 3490 1535 3535 aer·

91 3575 153 3629 cae,
177 3555 228 3617 vel
243 3552 282 3615 de
296 3554 390 3615 verbo
405 3555 638 3635 praedicationis
662 3572 789 3634 evange·
838 3554 913 3614 bom
935 3553 1123 3631 breviatum,
1147 3563 1202 3617 ete
1227 3557 1332 3618 eadem
1355 3579 1424 3621 eum
1436 3561 1534 3642 priore

91 3641 169 3705 licam
190 3641 386 3720 intelligetur,
411 3641 522 3723 quibus
544 3642 672 3704 diversis
694 3639 791 3702 modis
838 3641 987 3701 sententia
1003 3649 1056 3715 est,
1071 3643 1130 3704 nisi
1145 3643 1228 3722 quod
1243 3642 1374 3719 additur,
1387 3646 1492 3708 Deum
1505 3642 1535 3708 id

5 3795 9 3802 ,
93 3725 208 3789 diversi
221 3728 351 3788 verbam
363 3729 420 3788 hoe
432 3729 497 3788 loco
509 3729 702 3809 interpretati
712 3735 790 3798 sunt,
837 3725 987 3787 facturum
1002 3746 1097 3804 reaper
1112 3736 1244 3806 terram,
1261 3729 1313 3791 vel
1327 3732 1361 3794 in
1375 3740 1466 3808 terra,
1482 3733 1534 3794 sci·

94 3814 133 3876 de
148 3815 261 3897 quibus
276 3816 399 3878 consule
412 3813 515 3877 Toleti
532 3815 790 3888 commentarium
837 3814 909 3876 licet
922 3813 1097 3888 Israblitice,
1119 3817 1150 3876 in
1167 3836 1228 3896 qua
1243 3825 1307 3878 erat
1327 3819 1463 3899 populus
1476 3828 1535 3885 tm

91 3900 146 3963 sed
159 3900 351 3964 referendum
364 3900 483 3963 videtur
499 3901 539 3964 ad
553 3904 647 3965 verba
657 3901 789 3982 Prophe·
837 3920 1030 3981 numerosum
1054 3901 1103 3963 vel
1114 3902 1203 3980 juxta
1217 3903 1316 3965 Lxx
1333 3908 1370 3968 iri
1384 3910 1535 3970 uaivem

90 3996 141 4050 tae
154 3987 374 4070 praecedentia,
398 3988 507 4069 quibus
522 3988 649 4066 dixerm,
671 4009 710 4050 ex
727 3997 790 4049 toto
837 3995 934 4062 terra,
951 3990 1024 4069 quia
1034 4008 1090 4067 por
1100 3995 1195 4050 toturn
1211 3991 1312 4052 orbem
1323 3990 1441 4055 Judaoi
1453 3998 1536 4056 eram

89 4076 204 4157 populo
231 4075 375 4157 reliquias
400 4076 502 4139 salvas
519 4075 599 4149 fore,
625 4085 659 4137 ut
680 4075 728 4137 hic
751 4077 792 4137 sit
837 4074 972 4155 dispersi.
992 4074 1060 4136 Nee
1071 4075 1156 4136 aliud
1168 4077 1241 4150 vult,
1258 4076 1535 4160 quotinHebrreo

92 4182 218 4225 seneuez·
235 4163 320 4225 Dens
343 4163 399 4224 erit
421 4182 629 4224 consummans
642 4170 672 4223 et
686 4162 790 4224 abbre·
838 4172 897 4223 est:
920 4164 956 4223 ia
971 4162 1075 4222 medio
1099 4166 1196 4224 totivr
1219 4171 1332 4226 terrae.
1355 4166 1436 4229 Nam
1458 4168 1536 4230 idem

91 4252 178 4312 viane
190 4249 316 4310 verbum
329 4250 360 4311 in
370 4249 501 4328 justitia,
516 4250 566 4310 vel
578 4269 647 4310 eum
653 4249 790 4328 justitia,
820 4248 893 4310 ·hoe
909 4257 964 4322 est,
982 4269 1018 4308 ae
1034 4250 1059 4309 si
1074 4249 1166 4324 dicas,
1189 4253 1221 4313 in
1235 4261 1301 4313 tota
1315 4261 1404 4329 terra,
1428 4253 1536 4317 videli-

91 4335 123 4397 id
139 4344 194 4410 est,
209 4336 304 4410 Dens,
327 4334 409 4418 quod
424 4336 544 4400 locutus
561 4345 615 4412 cst,
630 4335 729 4410 lacict,
745 4355 789 4396 re·
837 4345 886 4396 eet
895 4336 986 4414 juxta
1000 4335 1133 4416 phrasim
1144 4358 1248 4399 sacrae
1261 4339 1387 4420 linguae
1400 4342 1535 4423 peculia·

91 4421 199 4502 digena
214 4423 367 4498 Israblem,
390 4443 477 4504 quem
494 4422 666 4484 salvaturus
681 4423 728 4496 sit,
751 4421 791 4483 ad
836 4443 913 4496 rem,
935 4420 974 4483 de
997 4442 1057 4500 qna
1077 4422 1148 4486 vide
1171 4425 1420 4499 morentiae.
1443 4429 1535 4491 inIe·

92 4509 229 4581 brevem,
252 4511 385 4571 aceistun
407 4518 438 4572 et
460 4511 603 4591 exiguum
624 4527 789 4584 numerum,
836 4510 929 4572 caiam
946 4528 1009 4587 cap.
1030 4513 1077 4571 13.

90 4595 135 4659 ita
149 4602 293 4676 utpaene
304 4606 505 4659 consumatur.
528 4595 592 4658 Sed
603 4605 705 4658 tamen
716 4616 789 4677 pau·
880 4599 929 4658 29.
945 4597 989 4656 Et
1000 4597 1253 4672 ricutpraedivit
1264 4600 1395 4662 Ieiaiae.
1417 4598 1538 4667 &dens

92 4702 144 4743 cos
166 4681 234 4757 illos
255 4683 347 4746 faciet
362 4685 502 4763 justitiae
523 4682 610 4749 donia
623 4683 789 4760 affluentes,
835 4684 968 4766 pertinet
981 4681 1040 4744 hoc
1054 4686 1264 4763 matimonium,
1287 4706 1348 4770 quo
1371 4691 1539 4773 seperiora.
