<?xml version="1.0" encoding="UTF-8"?>
<!DOCTYPE html PUBLIC "-//W3C//DTD XHTML 1.0 Transitional//EN"
    "http://www.w3.org/TR/xhtml1/DTD/xhtml1-transitional.dtd">
<html xmlns="http://www.w3.org/1999/xhtml" xml:lang="en" lang="en">
 <head>
  <title>
</title>
<meta http-equiv="Content-Type" content="text/html;charset=utf-8" />
  <meta name='ocr-system' content='tesseract 3.04.00' />
  <meta name='ocr-capabilities' content='ocr_page ocr_carea ocr_par ocr_line ocrx_word'/>
</head>
<body>
  <div class='ocr_page' id='page_1' title='image "./guilielmiestiii00estigoog/guilielmiestiii00estigoog_0325.png"; bbox 0 0 3270 5182; ppageno 0'>
   <div class='ocr_carea' id='block_1_1' title="bbox 147 260 1126 337">
    <p class='ocr_par' dir='ltr' id='par_1_1' title="bbox 147 260 1126 337">
     <span class='ocr_line' id='line_1_1' title="bbox 147 260 1126 337; baseline -0.002 -20"><span class='ocrx_word' id='word_1_1' title='bbox 147 269 221 337; x_wconf 68' lang='lat'>304</span> <span class='ocrx_word' id='word_1_2' title='bbox 634 260 1081 318; x_wconf 62' lang='lat' dir='ltr'>comminuerentur.</span> <span class='ocrx_word' id='word_1_3' title='bbox 1122 318 1126 325; x_wconf 75' lang='grc'><strong>,</strong></span> 
     </span>
    </p>
   </div>
   <div class='ocr_carea' id='block_1_2' title="bbox 137 428 1587 2956">
    <p class='ocr_par' dir='ltr' id='par_1_2' title="bbox 137 428 1587 2956">
     <span class='ocr_line' id='line_1_2' title="bbox 146 428 1586 521; baseline -0.001 -20"><span class='ocrx_word' id='word_1_4' title='bbox 146 437 402 521; x_wconf 68' lang='lat' dir='ltr'>conseruationem</span> <span class='ocrx_word' id='word_1_5' title='bbox 413 438 500 504; x_wconf 82' lang='lat' dir='ltr'>vobis</span> <span class='ocrx_word' id='word_1_6' title='bbox 509 437 676 519; x_wconf 73' lang='lat' dir='ltr'>adjungite,</span> <span class='ocrx_word' id='word_1_7' title='bbox 688 448 720 502; x_wconf 87' lang='lat' dir='ltr'>et</span> <span class='ocrx_word' id='word_1_8' title='bbox 731 439 840 502; x_wconf 84' lang='lat' dir='ltr'>hebete</span> <span class='ocrx_word' id='word_1_9' title='bbox 889 448 944 502; x_wconf 78' lang='lat' dir='ltr'>ost.</span> <span class='ocrx_word' id='word_1_10' title='bbox 982 437 1100 501; x_wconf 75' lang='lat' dir='ltr'>Graeco</span> <span class='ocrx_word' id='word_1_11' title='bbox 1115 428 1240 516; x_wconf 76' lang='grc' dir='ltr'><strong>λάχανα</strong></span> <span class='ocrx_word' id='word_1_12' title='bbox 1255 428 1364 513; x_wconf 76' lang='lat' dir='ltr'>lolius,</span> <span class='ocrx_word' id='word_1_13' title='bbox 1388 437 1479 498; x_wconf 80' lang='lat' dir='ltr'>oleru</span> <span class='ocrx_word' id='word_1_14' title='bbox 1494 455 1586 500; x_wconf 77' lang='lat' dir='ltr'>mun·</span> 
     </span>
     <span class='ocr_line' id='line_1_3' title="bbox 143 523 1587 608; baseline 0 -23"><span class='ocrx_word' id='word_1_15' title='bbox 143 534 178 587; x_wconf 92' lang='lat' dir='ltr'>ut</span> <span class='ocrx_word' id='word_1_16' title='bbox 188 525 326 603; x_wconf 77' lang='lat' dir='ltr'>fretrem3</span> <span class='ocrx_word' id='word_1_17' title='bbox 341 546 398 589; x_wconf 88' lang='lat' dir='ltr'>uec</span> <span class='ocrx_word' id='word_1_18' title='bbox 409 525 547 607; x_wconf 84' lang='lat' dir='ltr'>repellite</span> <span class='ocrx_word' id='word_1_19' title='bbox 555 536 697 608; x_wconf 74' lang='lat' dir='ltr'>tunquam</span> <span class='ocrx_word' id='word_1_20' title='bbox 708 528 840 589; x_wconf 81' lang='lat' dir='ltr'>slienum</span> <span class='ocrx_word' id='word_1_21' title='bbox 888 528 994 602; x_wconf 71' lang='lat' dir='ltr'>donat,</span> <span class='ocrx_word' id='word_1_22' title='bbox 1018 526 1170 587; x_wconf 77' lang='lat' dir='ltr'>comedit.-</span> <span class='ocrx_word' id='word_1_23' title='bbox 1193 523 1445 606; x_wconf 85' lang='lat' dir='ltr'>quemsdmodum</span> <span class='ocrx_word' id='word_1_24' title='bbox 1467 530 1499 585; x_wconf 88' lang='lat' dir='ltr'>et</span> <span class='ocrx_word' id='word_1_25' title='bbox 1518 525 1587 586; x_wconf 74' lang='lat' dir='ltr'>citet</span> 
     </span>
     <span class='ocr_line' id='line_1_4' title="bbox 144 610 1585 695; baseline 0.001 -23"><span class='ocrx_word' id='word_1_26' title='bbox 144 610 303 684; x_wconf 70' lang='lat' dir='ltr'>comisto,</span> <span class='ocrx_word' id='word_1_27' title='bbox 318 614 392 695; x_wconf 88' lang='lat' dir='ltr'>quin</span> <span class='ocrx_word' id='word_1_28' title='bbox 402 614 503 695; x_wconf 87' lang='lat' dir='ltr'>potius</span> <span class='ocrx_word' id='word_1_29' title='bbox 516 622 550 673; x_wconf 90' lang='lat' dir='ltr'>ut</span> <span class='ocrx_word' id='word_1_30' title='bbox 565 613 711 675; x_wconf 83' lang='lat' dir='ltr'>infirmum</span> <span class='ocrx_word' id='word_1_31' title='bbox 726 622 757 675; x_wconf 91' lang='lat' dir='ltr'>et</span> <span class='ocrx_word' id='word_1_32' title='bbox 768 633 840 676; x_wconf 80' lang='lat' dir='ltr'>cure</span> <span class='ocrx_word' id='word_1_33' title='bbox 888 613 1028 677; x_wconf 75' lang='lat' dir='ltr'>Clemens</span> <span class='ocrx_word' id='word_1_34' title='bbox 1051 611 1200 676; x_wconf 75' lang='lat' dir='ltr'>Alexuntl</span> <span class='ocrx_word' id='word_1_35' title='bbox 1225 614 1311 675; x_wconf 91' lang='lat' dir='ltr'>initio</span> <span class='ocrx_word' id='word_1_36' title='bbox 1332 613 1384 674; x_wconf 90' lang='lat' dir='ltr'>lib.</span> <span class='ocrx_word' id='word_1_37' title='bbox 1403 613 1432 671; x_wconf 85' lang='grc'>6.</span> <span class='ocrx_word' id='word_1_38' title='bbox 1456 610 1585 673; x_wconf 82' lang='lat' dir='ltr'>Stroms·</span> 
     </span>
     <span class='ocr_line' id='line_1_5' title="bbox 144 697 1584 777; baseline -0.001 -18"><span class='ocrx_word' id='word_1_39' title='bbox 144 706 283 777; x_wconf 81' lang='lat' dir='ltr'>egeutem</span> <span class='ocrx_word' id='word_1_40' title='bbox 298 697 408 762; x_wconf 76' lang='lat' dir='ltr'>fovete</span> <span class='ocrx_word' id='word_1_41' title='bbox 887 709 959 762; x_wconf 87' lang='lat' dir='ltr'>tum.</span> <span class='ocrx_word' id='word_1_42' title='bbox 993 699 1042 761; x_wconf 82' lang='lat' dir='ltr'>Itu</span> <span class='ocrx_word' id='word_1_43' title='bbox 1058 707 1178 761; x_wconf 84' lang='lat' dir='ltr'>veteres</span> <span class='ocrx_word' id='word_1_44' title='bbox 1193 700 1305 774; x_wconf 77' lang='lat' dir='ltr'>hutini,</span> <span class='ocrx_word' id='word_1_45' title='bbox 1325 708 1361 760; x_wconf 86' lang='lat' dir='ltr'>ut</span> <span class='ocrx_word' id='word_1_46' title='bbox 1376 697 1511 761; x_wconf 73' lang='lat' dir='ltr'>&#39;Pertulb</span> <span class='ocrx_word' id='word_1_47' title='bbox 1534 697 1584 759; x_wconf 92' lang='lat' dir='ltr'>lib.</span> 
     </span>
     <span class='ocr_line' id='line_1_6' title="bbox 187 776 1584 867; baseline -0.001 -21"><span class='ocrx_word' id='word_1_48' title='bbox 187 776 302 847; x_wconf 72' lang='lat' dir='ltr'>Nesciet</span> <span class='ocrx_word' id='word_1_49' title='bbox 310 786 591 865; x_wconf 70' lang='lat' dir='ltr'>dicceptationibus</span> <span class='ocrx_word' id='word_1_50' title='bbox 598 789 837 863; x_wconf 78' lang='lat' dir='ltr'>copitationum.</span> <span class='ocrx_word' id='word_1_51' title='bbox 888 789 927 849; x_wconf 88' lang='lat' dir='ltr'>de</span> <span class='ocrx_word' id='word_1_52' title='bbox 933 787 1069 867; x_wconf 76' lang='lat' dir='ltr'>jejuniis,</span> <span class='ocrx_word' id='word_1_53' title='bbox 1082 806 1149 867; x_wconf 81' lang='lat' dir='ltr'>cup.</span> <span class='ocrx_word' id='word_1_54' title='bbox 1161 786 1209 846; x_wconf 79' lang='lat'>16.</span> <span class='ocrx_word' id='word_1_55' title='bbox 1227 787 1315 848; x_wconf 75' lang='lat' dir='ltr'>oleru</span> <span class='ocrx_word' id='word_1_56' title='bbox 1325 787 1475 860; x_wconf 70' lang='lat' dir='ltr'>emitur,</span> <span class='ocrx_word' id='word_1_57' title='bbox 1492 783 1584 847; x_wconf 79' lang='lat' dir='ltr'>Gree-</span> 
     </span>
     <span class='ocr_line' id='line_1_7' title="bbox 143 866 1583 953; baseline 0.001 -21"><span class='ocrx_word' id='word_1_58' title='bbox 143 869 275 933; x_wconf 83' lang='lat' dir='ltr'>Grseoe:</span> <span class='ocrx_word' id='word_1_59' title='bbox 298 866 341 952; x_wconf 80' lang='grc' dir='ltr'>μὴ</span> <span class='ocrx_word' id='word_1_60' title='bbox 363 866 410 942; x_wconf 80' lang='grc' dir='ltr'>οἷς</span> <span class='ocrx_word' id='word_1_61' title='bbox 430 866 601 953; x_wconf 74' lang='grc' dir='ltr'><strong>διακρίσεις</strong></span> <span class='ocrx_word' id='word_1_62' title='bbox 623 869 838 952; x_wconf 77' lang='grc' dir='ltr'><strong>διαλογισμῶν.</strong></span> <span class='ocrx_word' id='word_1_63' title='bbox 887 894 923 934; x_wconf 87' lang='lat' dir='ltr'>oo</span> <span class='ocrx_word' id='word_1_64' title='bbox 949 875 1087 935; x_wconf 87' lang='lat' dir='ltr'>nimirum</span> <span class='ocrx_word' id='word_1_65' title='bbox 1113 892 1186 934; x_wconf 81' lang='lat' dir='ltr'>cusu</span> <span class='ocrx_word' id='word_1_66' title='bbox 1211 881 1337 935; x_wconf 87' lang='lat' dir='ltr'>retento.</span> <span class='ocrx_word' id='word_1_67' title='bbox 1375 871 1583 952; x_wconf 70' lang='lat' dir='ltr'>Hieronymus</span> 
     </span>
     <span class='ocr_line' id='line_1_8' title="bbox 143 955 1582 1038; baseline 0 -20"><span class='ocrx_word' id='word_1_68' title='bbox 143 955 235 1038; x_wconf 72' lang='lat' dir='ltr'>Quod</span> <span class='ocrx_word' id='word_1_69' title='bbox 248 959 393 1025; x_wconf 76' lang='lat' dir='ltr'>Eruemns</span> <span class='ocrx_word' id='word_1_70' title='bbox 407 962 514 1022; x_wconf 69' lang='lat' dir='ltr'>vertite</span> <span class='ocrx_word' id='word_1_71' title='bbox 536 979 604 1022; x_wconf 80' lang='grc' dir='ltr'><strong>ιιοιι</strong></span> <span class='ocrx_word' id='word_1_72' title='bbox 619 960 663 1020; x_wconf 84' lang='lat' dir='ltr'>od</span> <span class='ocrx_word' id='word_1_73' title='bbox 678 961 838 1036; x_wconf 67' lang='lat' dir='ltr'>dijudico·</span> <span class='ocrx_word' id='word_1_74' title='bbox 887 959 1020 1023; x_wconf 87' lang='lat' dir='ltr'>scribens</span> <span class='ocrx_word' id='word_1_75' title='bbox 1031 962 1064 1022; x_wconf 90' lang='lat' dir='ltr'>in</span> <span class='ocrx_word' id='word_1_76' title='bbox 1074 959 1283 1021; x_wconf 68' lang='lat' dir='ltr'>Ecclesiastico</span> <span class='ocrx_word' id='word_1_77' title='bbox 1300 963 1344 1022; x_wconf 62' lang='lat' dir='ltr'>b:</span> <span class='ocrx_word' id='word_1_78' title='bbox 1360 959 1500 1021; x_wconf 76' lang='lat' dir='ltr'>oloribus</span> <span class='ocrx_word' id='word_1_79' title='bbox 1517 977 1582 1019; x_wconf 82' lang='grc' dir='ltr'><strong>οιι-</strong></span> 
     </span>
     <span class='ocr_line' id='line_1_9' title="bbox 142 1045 1584 1124; baseline 0.001 -19"><span class='ocrx_word' id='word_1_80' title='bbox 142 1047 243 1107; x_wconf 73' lang='lat' dir='ltr'>tieem</span> <span class='ocrx_word' id='word_1_81' title='bbox 264 1046 541 1124; x_wconf 78' lang='lat' dir='ltr'>disceptationum.</span> <span class='ocrx_word' id='word_1_82' title='bbox 574 1048 701 1109; x_wconf 76' lang='lat' dir='ltr'>Rectim</span> <span class='ocrx_word' id='word_1_83' title='bbox 714 1050 757 1108; x_wconf 81' lang='lat' dir='ltr'>ite</span> <span class='ocrx_word' id='word_1_84' title='bbox 771 1067 837 1110; x_wconf 84' lang='lat' dir='ltr'>ver·</span> <span class='ocrx_word' id='word_1_85' title='bbox 886 1051 978 1110; x_wconf 80' lang='lat' dir='ltr'>citur.</span> <span class='ocrx_word' id='word_1_86' title='bbox 1016 1046 1101 1109; x_wconf 84' lang='lat' dir='ltr'>Idem</span> <span class='ocrx_word' id='word_1_87' title='bbox 1116 1045 1165 1109; x_wconf 91' lang='lat' dir='ltr'>lib.</span> <span class='ocrx_word' id='word_1_88' title='bbox 1183 1048 1211 1109; x_wconf 82' lang='lat'>2.</span> <span class='ocrx_word' id='word_1_89' title='bbox 1228 1045 1374 1109; x_wconf 73' lang='lat' dir='ltr'>adversus</span> <span class='ocrx_word' id='word_1_90' title='bbox 1385 1046 1584 1107; x_wconf 76' lang='lat' dir='ltr'>Jovinisuum</span> 
     </span>
     <span class='ocr_line' id='line_1_10' title="bbox 142 1133 1582 1212; baseline 0.001 -20"><span class='ocrx_word' id='word_1_91' title='bbox 142 1139 206 1193; x_wconf 81' lang='lat' dir='ltr'>tes:</span> <span class='ocrx_word' id='word_1_92' title='bbox 232 1151 300 1194; x_wconf 81' lang='lat' dir='ltr'>non</span> <span class='ocrx_word' id='word_1_93' title='bbox 315 1135 358 1195; x_wconf 80' lang='grc' dir='ltr'>αδ</span> <span class='ocrx_word' id='word_1_94' title='bbox 373 1138 551 1197; x_wconf 77' lang='lat' dir='ltr'>oertomino</span> <span class='ocrx_word' id='word_1_95' title='bbox 573 1134 837 1212; x_wconf 76' lang='lat' dir='ltr'>disputatiommt.</span> <span class='ocrx_word' id='word_1_96' title='bbox 887 1135 1183 1197; x_wconf 78' lang='lat' dir='ltr'>etincommenturiis</span> <span class='ocrx_word' id='word_1_97' title='bbox 1191 1133 1215 1194; x_wconf 88' lang='lat' dir='ltr'><strong>J</strong></span> <span class='ocrx_word' id='word_1_98' title='bbox 1216 1135 1320 1196; x_wconf 73' lang='lat' dir='ltr'>meite</span> <span class='ocrx_word' id='word_1_99' title='bbox 1330 1139 1374 1195; x_wconf 86' lang='lat'>1.:</span> <span class='ocrx_word' id='word_1_100' title='bbox 1389 1133 1480 1193; x_wconf 75' lang='lat' dir='ltr'>olera</span> <span class='ocrx_word' id='word_1_101' title='bbox 1488 1151 1582 1194; x_wconf 79' lang='grc' dir='ltr'><strong>οιοο·</strong></span> 
     </span>
     <span class='ocr_line' id='line_1_11' title="bbox 140 1216 1583 1303; baseline -0.001 -22"><span class='ocrx_word' id='word_1_102' title='bbox 140 1217 223 1283; x_wconf 74' lang='lat' dir='ltr'>Nom</span> <span class='ocrx_word' id='word_1_103' title='bbox 236 1221 363 1283; x_wconf 85' lang='lat' dir='ltr'>verbum</span> <span class='ocrx_word' id='word_1_104' title='bbox 378 1216 586 1299; x_wconf 74' lang='grc' dir='ltr'><strong>διακρίνεσθαι</strong></span> <span class='ocrx_word' id='word_1_105' title='bbox 609 1221 762 1283; x_wconf 77' lang='lat' dir='ltr'>interulis</span> <span class='ocrx_word' id='word_1_106' title='bbox 776 1223 837 1302; x_wconf 80' lang='lat' dir='ltr'>sig·</span> <span class='ocrx_word' id='word_1_107' title='bbox 886 1222 991 1283; x_wconf 81' lang='lat' dir='ltr'>ducat.</span> <span class='ocrx_word' id='word_1_108' title='bbox 1016 1220 1104 1303; x_wconf 75' lang='lat' dir='ltr'>Quae</span> <span class='ocrx_word' id='word_1_109' title='bbox 1119 1220 1226 1282; x_wconf 82' lang='lat' dir='ltr'>eudem</span> <span class='ocrx_word' id='word_1_110' title='bbox 1240 1221 1328 1299; x_wconf 85' lang='lat' dir='ltr'>lectio</span> <span class='ocrx_word' id='word_1_111' title='bbox 1343 1228 1389 1283; x_wconf 88' lang='lat' dir='ltr'>ost</span> <span class='ocrx_word' id='word_1_112' title='bbox 1404 1228 1583 1280; x_wconf 75' lang='lat' dir='ltr'>commentu-</span> 
     </span>
     <span class='ocr_line' id='line_1_12' title="bbox 140 1305 1582 1391; baseline 0.001 -25"><span class='ocrx_word' id='word_1_113' title='bbox 140 1305 481 1383; x_wconf 78' lang='lat' dir='ltr'>nificetcertsreverbis‚</span> <span class='ocrx_word' id='word_1_114' title='bbox 497 1309 643 1382; x_wconf 60' lang='lat' dir='ltr'>ulterari,</span> <span class='ocrx_word' id='word_1_115' title='bbox 655 1316 689 1368; x_wconf 91' lang='lat' dir='ltr'>ut</span> <span class='ocrx_word' id='word_1_116' title='bbox 700 1309 836 1391; x_wconf 84' lang='lat' dir='ltr'>inEpist.</span> <span class='ocrx_word' id='word_1_117' title='bbox 886 1310 959 1370; x_wconf 88' lang='lat' dir='ltr'>toris</span> <span class='ocrx_word' id='word_1_118' title='bbox 974 1308 1113 1370; x_wconf 85' lang='lat' dir='ltr'>Ambros.</span> <span class='ocrx_word' id='word_1_119' title='bbox 1129 1327 1186 1368; x_wconf 89' lang='lat' dir='ltr'>nec</span> <span class='ocrx_word' id='word_1_120' title='bbox 1199 1328 1261 1371; x_wconf 87' lang='lat' dir='ltr'>nou</span> <span class='ocrx_word' id='word_1_121' title='bbox 1275 1309 1369 1390; x_wconf 90' lang='lat' dir='ltr'>ipsius</span> <span class='ocrx_word' id='word_1_122' title='bbox 1381 1307 1539 1369; x_wconf 75' lang='lat' dir='ltr'>Ambrosii</span> <span class='ocrx_word' id='word_1_123' title='bbox 1553 1309 1582 1367; x_wconf 92' lang='lat' dir='ltr'>iu</span> 
     </span>
     <span class='ocr_line' id='line_1_13' title="bbox 140 1390 1582 1478; baseline 0.002 -25"><span class='ocrx_word' id='word_1_124' title='bbox 140 1390 253 1467; x_wconf 81' lang='lat' dir='ltr'>Judee,</span> <span class='ocrx_word' id='word_1_125' title='bbox 275 1394 330 1457; x_wconf 87' lang='lat' dir='ltr'>ubi</span> <span class='ocrx_word' id='word_1_126' title='bbox 350 1394 411 1457; x_wconf 81' lang='lat' dir='ltr'>duo</span> <span class='ocrx_word' id='word_1_127' title='bbox 426 1395 529 1471; x_wconf 79' lang='lat' dir='ltr'>verbu,</span> <span class='ocrx_word' id='word_1_128' title='bbox 552 1415 681 1477; x_wconf 89' lang='lat' dir='ltr'>quorum</span> <span class='ocrx_word' id='word_1_129' title='bbox 695 1396 745 1457; x_wconf 85' lang='lat' dir='ltr'>bio</span> <span class='ocrx_word' id='word_1_130' title='bbox 760 1396 836 1457; x_wconf 90' lang='lat' dir='ltr'>deri·</span> <span class='ocrx_word' id='word_1_131' title='bbox 885 1397 1076 1478; x_wconf 85' lang='lat' dir='ltr'>expositione</span> <span class='ocrx_word' id='word_1_132' title='bbox 1082 1394 1194 1457; x_wconf 81' lang='lat' dir='ltr'>Peslm·</span> <span class='ocrx_word' id='word_1_133' title='bbox 1204 1396 1254 1458; x_wconf 86' lang='grc'>36.</span> <span class='ocrx_word' id='word_1_134' title='bbox 1267 1394 1401 1476; x_wconf 68' lang='lat' dir='ltr'>syriane</span> <span class='ocrx_word' id='word_1_135' title='bbox 1411 1394 1482 1456; x_wconf 78' lang='lat' dir='ltr'>olus</span> <span class='ocrx_word' id='word_1_136' title='bbox 1488 1413 1582 1456; x_wconf 77' lang='lat' dir='ltr'>mou·</span> 
     </span>
     <span class='ocr_line' id='line_1_14' title="bbox 139 1479 1579 1563; baseline -0.001 -20"><span class='ocrx_word' id='word_1_137' title='bbox 139 1488 212 1543; x_wconf 73' lang='lat' dir='ltr'>tntu</span> <span class='ocrx_word' id='word_1_138' title='bbox 232 1483 354 1543; x_wconf 83' lang='lat' dir='ltr'>nomine</span> <span class='ocrx_word' id='word_1_139' title='bbox 374 1481 530 1559; x_wconf 72' lang='lat' dir='ltr'>habentur,</span> <span class='ocrx_word' id='word_1_140' title='bbox 547 1481 661 1544; x_wconf 85' lang='lat' dir='ltr'>itidem</span> <span class='ocrx_word' id='word_1_141' title='bbox 675 1484 838 1562; x_wconf 81' lang='lat' dir='ltr'>conjunctu</span> <span class='ocrx_word' id='word_1_142' title='bbox 885 1483 998 1561; x_wconf 74' lang='lat' dir='ltr'>ducot5</span> <span class='ocrx_word' id='word_1_143' title='bbox 1014 1481 1202 1563; x_wconf 75' lang='lat' dir='ltr'>quodetiam</span> <span class='ocrx_word' id='word_1_144' title='bbox 1218 1483 1248 1543; x_wconf 92' lang='lat' dir='ltr'>in</span> <span class='ocrx_word' id='word_1_145' title='bbox 1263 1481 1414 1544; x_wconf 76' lang='lat' dir='ltr'>nonnullis</span> <span class='ocrx_word' id='word_1_146' title='bbox 1429 1489 1478 1541; x_wconf 89' lang='lat' dir='ltr'>est</span> <span class='ocrx_word' id='word_1_147' title='bbox 1493 1479 1579 1542; x_wconf 73' lang='lat' dir='ltr'>MSS.</span> 
     </span>
     <span class='ocr_line' id='line_1_15' title="bbox 140 1565 1581 1652; baseline 0.001 -25"><span class='ocrx_word' id='word_1_148' title='bbox 140 1565 282 1647; x_wconf 74' lang='lat' dir='ltr'>legimus:</span> <span class='ocrx_word' id='word_1_149' title='bbox 298 1569 377 1631; x_wconf 78' lang='lat' dir='ltr'>Gom</span> <span class='ocrx_word' id='word_1_150' title='bbox 393 1571 527 1632; x_wconf 77' lang='lat' dir='ltr'>Micbool</span> <span class='ocrx_word' id='word_1_151' title='bbox 543 1571 837 1646; x_wconf 73' lang='lat' dir='ltr'>orobunqclusoum</span> <span class='ocrx_word' id='word_1_152' title='bbox 884 1571 1011 1633; x_wconf 72' lang='lat' dir='ltr'>Latinis.</span> <span class='ocrx_word' id='word_1_153' title='bbox 1044 1569 1174 1631; x_wconf 86' lang='lat' dir='ltr'>Sensus:</span> <span class='ocrx_word' id='word_1_154' title='bbox 1190 1568 1252 1652; x_wconf 78' lang='lat' dir='ltr'>Qui</span> <span class='ocrx_word' id='word_1_155' title='bbox 1267 1578 1368 1632; x_wconf 83' lang='lat' dir='ltr'>nutem</span> <span class='ocrx_word' id='word_1_156' title='bbox 1384 1566 1520 1633; x_wconf 80' lang='lat' dir='ltr'>infirmus</span> <span class='ocrx_word' id='word_1_157' title='bbox 1536 1574 1581 1629; x_wconf 92' lang='lat' dir='ltr'>est</span> 
     </span>
     <span class='ocr_line' id='line_1_16' title="bbox 139 1647 1580 1738; baseline 0.001 -24"><span class='ocrx_word' id='word_1_158' title='bbox 139 1653 268 1716; x_wconf 75' lang='lat' dir='ltr'>diabolo</span> <span class='ocrx_word' id='word_1_159' title='bbox 283 1648 511 1735; x_wconf 81' lang='grc' dir='ltr'><strong>διακρινόμενος</strong></span> <span class='ocrx_word' id='word_1_160' title='bbox 526 1647 693 1734; x_wconf 70' lang='grc' dir='ltr'><strong>διελέγετο,</strong></span> <span class='ocrx_word' id='word_1_161' title='bbox 712 1665 837 1720; x_wconf 64' lang='lat' dir='ltr'>artato</span> <span class='ocrx_word' id='word_1_162' title='bbox 883 1657 953 1732; x_wconf 80' lang='lat' dir='ltr'>lide,</span> <span class='ocrx_word' id='word_1_163' title='bbox 968 1656 1099 1719; x_wconf 87' lang='lat' dir='ltr'>comedit</span> <span class='ocrx_word' id='word_1_164' title='bbox 1113 1656 1187 1732; x_wconf 79' lang='lat' dir='ltr'>olus,</span> <span class='ocrx_word' id='word_1_165' title='bbox 1208 1657 1261 1720; x_wconf 84' lang='lat' dir='ltr'>vel</span> <span class='ocrx_word' id='word_1_166' title='bbox 1276 1656 1350 1738; x_wconf 83' lang='lat' dir='ltr'>quid</span> <span class='ocrx_word' id='word_1_167' title='bbox 1364 1653 1473 1731; x_wconf 83' lang='lat' dir='ltr'>simile,</span> <span class='ocrx_word' id='word_1_168' title='bbox 1500 1653 1580 1737; x_wconf 83' lang='lat' dir='ltr'>quod</span> 
     </span>
     <span class='ocr_line' id='line_1_17' title="bbox 140 1741 1580 1825; baseline 0.001 -22"><span class='ocrx_word' id='word_1_169' title='bbox 140 1741 327 1819; x_wconf 76' lang='lat' dir='ltr'>dlrpotoret</span> <span class='ocrx_word' id='word_1_170' title='bbox 884 1744 1098 1825; x_wconf 75' lang='lat' dir='ltr'>legellosuice</span> <span class='ocrx_word' id='word_1_171' title='bbox 1110 1742 1580 1824; x_wconf 76' lang='lat' dir='ltr'>conontnonossoprohibitum</span> 
     </span>
     <span class='ocr_line' id='line_1_18' title="bbox 183 1828 1579 1913; baseline 0.001 -24"><span class='ocrx_word' id='word_1_172' title='bbox 183 1828 254 1891; x_wconf 84' lang='lat' dir='ltr'>Nou</span> <span class='ocrx_word' id='word_1_173' title='bbox 269 1839 316 1892; x_wconf 89' lang='lat' dir='ltr'>est</span> <span class='ocrx_word' id='word_1_174' title='bbox 330 1840 433 1893; x_wconf 83' lang='lat' dir='ltr'>nutem</span> <span class='ocrx_word' id='word_1_175' title='bbox 444 1831 496 1893; x_wconf 88' lang='lat' dir='ltr'>bic</span> <span class='ocrx_word' id='word_1_176' title='bbox 506 1830 699 1913; x_wconf 81' lang='lat' dir='ltr'>repetendum</span> <span class='ocrx_word' id='word_1_177' title='bbox 709 1830 835 1896; x_wconf 82' lang='lat' dir='ltr'>verbum</span> <span class='ocrx_word' id='word_1_178' title='bbox 883 1831 1039 1893; x_wconf 71' lang='lat' dir='ltr'>abstinens</span> <span class='ocrx_word' id='word_1_179' title='bbox 1054 1831 1253 1912; x_wconf 77' lang='lat' dir='ltr'>eprobibitis.</span> <span class='ocrx_word' id='word_1_180' title='bbox 1276 1832 1439 1913; x_wconf 77' lang='lat' dir='ltr'>Specistim</span> <span class='ocrx_word' id='word_1_181' title='bbox 1452 1828 1521 1892; x_wconf 90' lang='lat' dir='ltr'>olus</span> <span class='ocrx_word' id='word_1_182' title='bbox 1531 1848 1579 1891; x_wconf 90' lang='lat' dir='ltr'>no·</span> 
     </span>
     <span class='ocr_line' id='line_1_19' title="bbox 140 1916 1580 2003; baseline -0.002 -22"><span class='ocrx_word' id='word_1_183' title='bbox 140 1920 306 1981; x_wconf 65' lang='lat' dir='ltr'>moute:</span> <span class='ocrx_word' id='word_1_184' title='bbox 328 1920 387 1980; x_wconf 86' lang='lat' dir='ltr'>nisi</span> <span class='ocrx_word' id='word_1_185' title='bbox 409 1917 487 1981; x_wconf 78' lang='lat' dir='ltr'>forte</span> <span class='ocrx_word' id='word_1_186' title='bbox 505 1919 659 1982; x_wconf 70' lang='lat' dir='ltr'>demutato</span> <span class='ocrx_word' id='word_1_187' title='bbox 677 1919 836 2003; x_wconf 74' lang='lat' dir='ltr'>paululum</span> <span class='ocrx_word' id='word_1_188' title='bbox 884 1921 985 1995; x_wconf 76' lang='lat' dir='ltr'>minut,</span> <span class='ocrx_word' id='word_1_189' title='bbox 997 1939 1055 2000; x_wconf 94' lang='lat' dir='ltr'>quo</span> <span class='ocrx_word' id='word_1_190' title='bbox 1067 1920 1251 1998; x_wconf 80' lang='lat' dir='ltr'>significetur</span> <span class='ocrx_word' id='word_1_191' title='bbox 1263 1922 1358 1981; x_wconf 89' lang='lat' dir='ltr'>omnis</span> <span class='ocrx_word' id='word_1_192' title='bbox 1370 1916 1580 1992; x_wconf 77' lang='lat' dir='ltr'>herbusstivs,</span> 
     </span>
     <span class='ocr_line' id='line_1_20' title="bbox 140 2002 1582 2088; baseline -0.001 -21"><span class='ocrx_word' id='word_1_193' title='bbox 140 2006 207 2086; x_wconf 87' lang='lat' dir='ltr'>ejus</span> <span class='ocrx_word' id='word_1_194' title='bbox 229 2005 459 2086; x_wconf 65' lang='lat' dir='ltr'>significatione.</span> <span class='ocrx_word' id='word_1_195' title='bbox 495 2006 642 2088; x_wconf 84' lang='lat' dir='ltr'>Alioquin</span> <span class='ocrx_word' id='word_1_196' title='bbox 663 2008 733 2071; x_wconf 87' lang='lat' dir='ltr'>huic</span> <span class='ocrx_word' id='word_1_197' title='bbox 753 2008 835 2087; x_wconf 82' lang='lat' dir='ltr'>perti</span> <span class='ocrx_word' id='word_1_198' title='bbox 884 2025 965 2088; x_wconf 82' lang='lat' dir='ltr'>quse</span> <span class='ocrx_word' id='word_1_199' title='bbox 987 2007 1018 2065; x_wconf 90' lang='lat' dir='ltr'>in</span> <span class='ocrx_word' id='word_1_200' title='bbox 1040 2025 1096 2066; x_wconf 89' lang='lat' dir='ltr'>usu</span> <span class='ocrx_word' id='word_1_201' title='bbox 1119 2006 1234 2068; x_wconf 72' lang='lat' dir='ltr'>ciborio</span> <span class='ocrx_word' id='word_1_202' title='bbox 1251 2015 1312 2068; x_wconf 88' lang='lat' dir='ltr'>est:</span> <span class='ocrx_word' id='word_1_203' title='bbox 1340 2028 1385 2080; x_wconf 90' lang='lat' dir='ltr'>eo,</span> <span class='ocrx_word' id='word_1_204' title='bbox 1408 2003 1494 2085; x_wconf 81' lang='lat' dir='ltr'>quod</span> <span class='ocrx_word' id='word_1_205' title='bbox 1508 2002 1582 2066; x_wconf 89' lang='lat' dir='ltr'>nibil</span> 
     </span>
     <span class='ocr_line' id='line_1_21' title="bbox 138 2092 1417 2177; baseline 0.005 -23"><span class='ocrx_word' id='word_1_206' title='bbox 138 2112 199 2154; x_wconf 92' lang='lat' dir='ltr'>non</span> <span class='ocrx_word' id='word_1_207' title='bbox 228 2095 379 2155; x_wconf 84' lang='lat' dir='ltr'>convenit.</span> <span class='ocrx_word' id='word_1_208' title='bbox 415 2093 496 2155; x_wconf 82' lang='lat' dir='ltr'>Nem</span> <span class='ocrx_word' id='word_1_209' title='bbox 525 2096 559 2155; x_wconf 91' lang='lat' dir='ltr'>in</span> <span class='ocrx_word' id='word_1_210' title='bbox 583 2095 692 2157; x_wconf 82' lang='lat' dir='ltr'>bouem</span> <span class='ocrx_word' id='word_1_211' title='bbox 719 2100 835 2177; x_wconf 82' lang='lat' dir='ltr'>purtem</span> <span class='ocrx_word' id='word_1_212' title='bbox 884 2092 1042 2155; x_wconf 86' lang='lat' dir='ltr'>berburum</span> <span class='ocrx_word' id='word_1_213' title='bbox 1058 2093 1126 2172; x_wconf 82' lang='lat' dir='ltr'>lege</span> <span class='ocrx_word' id='word_1_214' title='bbox 1142 2094 1270 2155; x_wconf 81' lang='lat' dir='ltr'>vetitum</span> <span class='ocrx_word' id='word_1_215' title='bbox 1283 2092 1417 2161; x_wconf 79' lang='lat' dir='ltr'>fuerit.</span> 
     </span>
     <span class='ocr_line' id='line_1_22' title="bbox 139 2177 1581 2263; baseline 0.001 -22"><span class='ocrx_word' id='word_1_216' title='bbox 139 2180 282 2262; x_wconf 75' lang='lat' dir='ltr'>smipitur</span> <span class='ocrx_word' id='word_1_217' title='bbox 296 2198 457 2256; x_wconf 74' lang='lat' dir='ltr'>assumere,</span> <span class='ocrx_word' id='word_1_218' title='bbox 471 2188 561 2263; x_wconf 91' lang='lat' dir='ltr'>prout</span> <span class='ocrx_word' id='word_1_219' title='bbox 570 2182 636 2261; x_wconf 80' lang='lat' dir='ltr'>jem</span> <span class='ocrx_word' id='word_1_220' title='bbox 650 2183 834 2263; x_wconf 74' lang='lat' dir='ltr'>explicatum</span> <span class='ocrx_word' id='word_1_221' title='bbox 928 2177 1058 2259; x_wconf 79' lang='lat' dir='ltr'>Quidum</span> <span class='ocrx_word' id='word_1_222' title='bbox 1080 2180 1139 2240; x_wconf 85' lang='lat' dir='ltr'>sic:</span> <span class='ocrx_word' id='word_1_223' title='bbox 1168 2178 1242 2242; x_wconf 90' lang='lat' dir='ltr'>Olus</span> <span class='ocrx_word' id='word_1_224' title='bbox 1264 2181 1427 2243; x_wconf 84' lang='grc' dir='ltr'><strong>ιοιοδιιοιι</strong></span> <span class='ocrx_word' id='word_1_225' title='bbox 1450 2202 1470 2242; x_wconf 89' lang='grc' dir='ltr'><strong>ι</strong></span> <span class='ocrx_word' id='word_1_226' title='bbox 1493 2198 1581 2242; x_wconf 65' lang='lat' dir='ltr'>carue</span> 
     </span>
     <span class='ocr_line' id='line_1_23' title="bbox 139 2265 1580 2350; baseline 0 -21"><span class='ocrx_word' id='word_1_227' title='bbox 139 2276 202 2345; x_wconf 77' lang='lat' dir='ltr'>ett3</span> <span class='ocrx_word' id='word_1_228' title='bbox 227 2267 479 2350; x_wconf 67' lang='lat' dir='ltr'>quemadmodum</span> <span class='ocrx_word' id='word_1_229' title='bbox 505 2276 535 2329; x_wconf 88' lang='lat' dir='ltr'>et</span> <span class='ocrx_word' id='word_1_230' title='bbox 560 2267 647 2343; x_wconf 79' lang='lat' dir='ltr'>infru,</span> <span class='ocrx_word' id='word_1_231' title='bbox 672 2269 747 2331; x_wconf 88' lang='lat' dir='ltr'>locis</span> <span class='ocrx_word' id='word_1_232' title='bbox 768 2267 835 2346; x_wconf 84' lang='lat' dir='ltr'>jum</span> <span class='ocrx_word' id='word_1_233' title='bbox 883 2268 1004 2348; x_wconf 86' lang='lat' dir='ltr'>ponitus</span> <span class='ocrx_word' id='word_1_234' title='bbox 1019 2265 1183 2340; x_wconf 73' lang='lat' dir='ltr'>abstinens,</span> <span class='ocrx_word' id='word_1_235' title='bbox 1198 2287 1238 2328; x_wconf 91' lang='lat' dir='ltr'>ne</span> <span class='ocrx_word' id='word_1_236' title='bbox 1251 2266 1330 2329; x_wconf 77' lang='lat' dir='ltr'>forte</span> <span class='ocrx_word' id='word_1_237' title='bbox 1344 2265 1459 2331; x_wconf 69' lang='lat' dir='ltr'>incidet</span> <span class='ocrx_word' id='word_1_238' title='bbox 1472 2270 1506 2331; x_wconf 91' lang='lat' dir='ltr'>iu</span> <span class='ocrx_word' id='word_1_239' title='bbox 1521 2286 1580 2329; x_wconf 76' lang='lat' dir='ltr'>our</span> 
     </span>
     <span class='ocr_line' id='line_1_24' title="bbox 139 2352 1582 2436; baseline -0.001 -19"><span class='ocrx_word' id='word_1_240' title='bbox 139 2355 248 2430; x_wconf 75' lang='lat' dir='ltr'>citetis,</span> <span class='ocrx_word' id='word_1_241' title='bbox 272 2354 325 2417; x_wconf 91' lang='lat' dir='ltr'>ubi</span> <span class='ocrx_word' id='word_1_242' title='bbox 350 2355 382 2415; x_wconf 89' lang='lat' dir='ltr'>iu</span> <span class='ocrx_word' id='word_1_243' title='bbox 403 2352 521 2417; x_wconf 74' lang='lat' dir='ltr'>Graeco</span> <span class='ocrx_word' id='word_1_244' title='bbox 547 2373 667 2436; x_wconf 91' lang='lat' dir='ltr'>semper</span> <span class='ocrx_word' id='word_1_245' title='bbox 688 2355 768 2418; x_wconf 88' lang='lat' dir='ltr'>idem</span> <span class='ocrx_word' id='word_1_246' title='bbox 789 2363 836 2415; x_wconf 89' lang='lat' dir='ltr'>est</span> <span class='ocrx_word' id='word_1_247' title='bbox 883 2371 952 2416; x_wconf 85' lang='lat' dir='ltr'>uem</span> <span class='ocrx_word' id='word_1_248' title='bbox 969 2352 1196 2415; x_wconf 69' lang='lat' dir='ltr'>immolatitium.</span> <span class='ocrx_word' id='word_1_249' title='bbox 1226 2352 1288 2415; x_wconf 78' lang='lat' dir='ltr'>ssd</span> <span class='ocrx_word' id='word_1_250' title='bbox 1303 2355 1366 2434; x_wconf 73' lang='lat' dir='ltr'>jum</span> <span class='ocrx_word' id='word_1_251' title='bbox 1388 2354 1582 2426; x_wconf 84' lang='lat' dir='ltr'>ostendimus,</span> 
     </span>
     <span class='ocr_line' id='line_1_25' title="bbox 137 2435 1581 2522; baseline 0.001 -20"><span class='ocrx_word' id='word_1_252' title='bbox 137 2435 552 2520; x_wconf 69' lang='lat' dir='ltr'>verbumttpeclupfidveubs.</span> <span class='ocrx_word' id='word_1_253' title='bbox 567 2441 836 2519; x_wconf 83' lang='lat' dir='ltr'>Proindevelsup·</span> <span class='ocrx_word' id='word_1_254' title='bbox 884 2441 933 2502; x_wconf 90' lang='lat' dir='ltr'>bic</span> <span class='ocrx_word' id='word_1_255' title='bbox 958 2438 998 2499; x_wconf 79' lang='lat' dir='ltr'>cle</span> <span class='ocrx_word' id='word_1_256' title='bbox 1022 2438 1219 2501; x_wconf 70' lang='lat' dir='ltr'>immolatitiis</span> <span class='ocrx_word' id='word_1_257' title='bbox 1240 2461 1300 2503; x_wconf 87' lang='lat' dir='ltr'>non</span> <span class='ocrx_word' id='word_1_258' title='bbox 1323 2443 1381 2522; x_wconf 70' lang='lat' dir='ltr'>egi.</span> <span class='ocrx_word' id='word_1_259' title='bbox 1420 2440 1581 2504; x_wconf 75' lang='lat' dir='ltr'>(iustorum</span> 
     </span>
     <span class='ocr_line' id='line_1_26' title="bbox 140 2527 1581 2610; baseline 0 -21"><span class='ocrx_word' id='word_1_260' title='bbox 140 2527 253 2610; x_wconf 82' lang='lat' dir='ltr'>pleurls</span> <span class='ocrx_word' id='word_1_261' title='bbox 267 2527 317 2589; x_wconf 83' lang='lat' dir='ltr'>vel</span> <span class='ocrx_word' id='word_1_262' title='bbox 333 2528 514 2608; x_wconf 79' lang='lat' dir='ltr'>exponentis</span> <span class='ocrx_word' id='word_1_263' title='bbox 529 2529 587 2588; x_wconf 90' lang='lat' dir='ltr'>erit</span> <span class='ocrx_word' id='word_1_264' title='bbox 602 2530 697 2590; x_wconf 74' lang='lat' dir='ltr'>oratio</span> <span class='ocrx_word' id='word_1_265' title='bbox 712 2530 743 2589; x_wconf 87' lang='lat' dir='ltr'>in</span> <span class='ocrx_word' id='word_1_266' title='bbox 758 2528 837 2588; x_wconf 90' lang='lat' dir='ltr'>huuc</span> <span class='ocrx_word' id='word_1_267' title='bbox 884 2527 1091 2605; x_wconf 81' lang='lat' dir='ltr'>Hieronymus</span> <span class='ocrx_word' id='word_1_268' title='bbox 1108 2527 1218 2589; x_wconf 75' lang='lat' dir='ltr'>alicubi</span> <span class='ocrx_word' id='word_1_269' title='bbox 1228 2528 1424 2608; x_wconf 81' lang='lat' dir='ltr'>praeceptive</span> <span class='ocrx_word' id='word_1_270' title='bbox 1436 2528 1522 2609; x_wconf 76' lang='lat' dir='ltr'>legit,</span> <span class='ocrx_word' id='word_1_271' title='bbox 1535 2546 1581 2589; x_wconf 75' lang='lat' dir='ltr'>sc</span> 
     </span>
     <span class='ocr_line' id='line_1_27' title="bbox 138 2611 1582 2695; baseline -0.001 -20"><span class='ocrx_word' id='word_1_272' title='bbox 138 2614 275 2676; x_wconf 84' lang='lat' dir='ltr'>modum:</span> <span class='ocrx_word' id='word_1_273' title='bbox 302 2614 457 2695; x_wconf 67' lang='lat' dir='ltr'>infirmum</span> <span class='ocrx_word' id='word_1_274' title='bbox 480 2616 633 2688; x_wconf 74' lang='lat' dir='ltr'>assumite,</span> <span class='ocrx_word' id='word_1_275' title='bbox 658 2635 718 2676; x_wconf 89' lang='lat' dir='ltr'>non</span> <span class='ocrx_word' id='word_1_276' title='bbox 734 2622 835 2675; x_wconf 79' lang='lat' dir='ltr'>nutem</span> <span class='ocrx_word' id='word_1_277' title='bbox 884 2611 1076 2674; x_wconf 69' lang='lat' dir='ltr'>commodans</span> <span class='ocrx_word' id='word_1_278' title='bbox 1098 2615 1276 2675; x_wconf 78' lang='lat' dir='ltr'>sententium</span> <span class='ocrx_word' id='word_1_279' title='bbox 1302 2634 1357 2677; x_wconf 88' lang='lat' dir='ltr'>sno</span> <span class='ocrx_word' id='word_1_280' title='bbox 1376 2615 1527 2690; x_wconf 84' lang='lat' dir='ltr'>instituto,</span> <span class='ocrx_word' id='word_1_281' title='bbox 1550 2621 1582 2675; x_wconf 91' lang='lat' dir='ltr'>ut</span> 
     </span>
     <span class='ocr_line' id='line_1_28' title="bbox 137 2698 1581 2782; baseline 0 -20"><span class='ocrx_word' id='word_1_282' title='bbox 137 2709 303 2781; x_wconf 69' lang='lat' dir='ltr'>provocate</span> <span class='ocrx_word' id='word_1_283' title='bbox 318 2698 357 2762; x_wconf 85' lang='grc' dir='ltr'><strong>ιδ</strong></span> <span class='ocrx_word' id='word_1_284' title='bbox 372 2708 525 2763; x_wconf 80' lang='lat' dir='ltr'>oertemeu</span> <span class='ocrx_word' id='word_1_285' title='bbox 539 2700 723 2781; x_wconf 78' lang='lat' dir='ltr'>disputandi</span> <span class='ocrx_word' id='word_1_286' title='bbox 745 2699 835 2773; x_wconf 86' lang='lat' dir='ltr'>Nolo,</span> <span class='ocrx_word' id='word_1_287' title='bbox 885 2702 969 2781; x_wconf 85' lang='lat' dir='ltr'>epist</span> <span class='ocrx_word' id='word_1_288' title='bbox 995 2701 1044 2760; x_wconf 91' lang='lat'>10.</span> <span class='ocrx_word' id='word_1_289' title='bbox 1068 2699 1108 2760; x_wconf 83' lang='lat' dir='ltr'>ud</span> <span class='ocrx_word' id='word_1_290' title='bbox 1122 2702 1243 2762; x_wconf 75' lang='lat' dir='ltr'>Furium</span> <span class='ocrx_word' id='word_1_291' title='bbox 1264 2720 1330 2782; x_wconf 78' lang='lat' dir='ltr'>cup.</span> <span class='ocrx_word' id='word_1_292' title='bbox 1345 2704 1392 2762; x_wconf 81' lang='lat'>4.:</span> <span class='ocrx_word' id='word_1_293' title='bbox 1416 2704 1518 2778; x_wconf 77' lang='lat' dir='ltr'>Ntttt,</span> <span class='ocrx_word' id='word_1_294' title='bbox 1539 2703 1581 2762; x_wconf 90' lang='lat' dir='ltr'>iu·</span> 
     </span>
     <span class='ocr_line' id='line_1_29' title="bbox 138 2786 1582 2868; baseline -0.001 -19"><span class='ocrx_word' id='word_1_295' title='bbox 138 2788 246 2868; x_wconf 78' lang='lat' dir='ltr'>iuquit,</span> <span class='ocrx_word' id='word_1_296' title='bbox 268 2806 335 2848; x_wconf 83' lang='lat' dir='ltr'>cum</span> <span class='ocrx_word' id='word_1_297' title='bbox 358 2805 395 2847; x_wconf 87' lang='lat' dir='ltr'>oo</span> <span class='ocrx_word' id='word_1_298' title='bbox 418 2786 473 2848; x_wconf 89' lang='lat' dir='ltr'>sub</span> <span class='ocrx_word' id='word_1_299' title='bbox 496 2795 655 2867; x_wconf 68' lang='lat' dir='ltr'>praetextu</span> <span class='ocrx_word' id='word_1_300' title='bbox 678 2788 836 2849; x_wconf 78' lang='lat' dir='ltr'>doctrines</span> <span class='ocrx_word' id='word_1_301' title='bbox 885 2790 960 2867; x_wconf 85' lang='lat' dir='ltr'>quit,</span> <span class='ocrx_word' id='word_1_302' title='bbox 971 2789 1018 2846; x_wconf 75' lang='lat' dir='ltr'>tto</span> <span class='ocrx_word' id='word_1_303' title='bbox 1026 2789 1104 2848; x_wconf 80' lang='lat' dir='ltr'>scios</span> <span class='ocrx_word' id='word_1_304' title='bbox 1113 2787 1289 2848; x_wconf 76' lang='lat' dir='ltr'>conducere</span> <span class='ocrx_word' id='word_1_305' title='bbox 1298 2789 1490 2850; x_wconf 74' lang='lat' dir='ltr'>Christianis</span> <span class='ocrx_word' id='word_1_306' title='bbox 1500 2789 1582 2850; x_wconf 76' lang='lat' dir='ltr'>odo·</span> 
     </span>
     <span class='ocr_line' id='line_1_30' title="bbox 138 2873 1580 2956; baseline 0 -20"><span class='ocrx_word' id='word_1_307' title='bbox 138 2874 345 2954; x_wconf 76' lang='lat' dir='ltr'>Evangelicse</span> <span class='ocrx_word' id='word_1_308' title='bbox 359 2873 557 2935; x_wconf 80' lang='lat' dir='ltr'>contendetis.</span> <span class='ocrx_word' id='word_1_309' title='bbox 593 2875 740 2956; x_wconf 76' lang='lat' dir='ltr'>Quemvis</span> <span class='ocrx_word' id='word_1_310' title='bbox 756 2875 834 2935; x_wconf 89' lang='lat' dir='ltr'>enim</span> <span class='ocrx_word' id='word_1_311' title='bbox 884 2873 1069 2935; x_wconf 72' lang='lat' dir='ltr'>icruentibus</span> <span class='ocrx_word' id='word_1_312' title='bbox 1083 2875 1358 2936; x_wconf 57' lang='lat' dir='ltr'>commotorum.</span> <span class='ocrx_word' id='word_1_313' title='bbox 1388 2876 1480 2939; x_wconf 69' lang='lat' dir='ltr'>voda</span> <span class='ocrx_word' id='word_1_314' title='bbox 1492 2881 1580 2952; x_wconf 74' lang='lat' dir='ltr'>Apo·</span> 
     </span>
    </p>
   </div>
   <div class='ocr_carea' id='block_1_3' title="bbox 20 2959 1581 3045">
    <p class='ocr_par' dir='ltr' id='par_1_3' title="bbox 20 2959 1581 3045">
     <span class='ocr_line' id='line_1_31' title="bbox 20 2959 1581 3045; baseline 0 -23"><span class='ocrx_word' id='word_1_315' title='bbox 20 3032 24 3045; x_wconf 42' lang='lat'>‚</span> <span class='ocrx_word' id='word_1_316' title='bbox 137 2961 257 3040; x_wconf 62' lang='lat' dir='ltr'>ignora</span> <span class='ocrx_word' id='word_1_317' title='bbox 281 2969 311 3020; x_wconf 92' lang='lat' dir='ltr'>et</span> <span class='ocrx_word' id='word_1_318' title='bbox 337 2966 418 3022; x_wconf 86' lang='lat' dir='ltr'>erret</span> <span class='ocrx_word' id='word_1_319' title='bbox 439 2960 587 3040; x_wconf 89' lang='lat' dir='ltr'>opinione,</span> <span class='ocrx_word' id='word_1_320' title='bbox 614 2969 715 3022; x_wconf 85' lang='lat' dir='ltr'>temen</span> <span class='ocrx_word' id='word_1_321' title='bbox 738 2959 836 3023; x_wconf 75' lang='lat' dir='ltr'>adhuc</span> <span class='ocrx_word' id='word_1_322' title='bbox 885 2960 1581 3039; x_wconf 71' lang='lat' dir='ltr'>stolus:Qniinflnnusest,olsromonducot;</span> 
     </span>
    </p>
   </div>
   <div class='ocr_carea' id='block_1_4' title="bbox 132 3045 1582 4781">
    <p class='ocr_par' dir='ltr' id='par_1_4' title="bbox 132 3045 1582 4781">
     <span class='ocr_line' id='line_1_32' title="bbox 139 3045 1582 3128; baseline 0.003 -22"><span class='ocrx_word' id='word_1_323' title='bbox 139 3046 313 3108; x_wconf 74' lang='lat' dir='ltr'>tolerandus</span> <span class='ocrx_word' id='word_1_324' title='bbox 336 3054 390 3121; x_wconf 85' lang='lat' dir='ltr'>est,</span> <span class='ocrx_word' id='word_1_325' title='bbox 412 3065 470 3108; x_wconf 91' lang='lat' dir='ltr'>nec</span> <span class='ocrx_word' id='word_1_326' title='bbox 485 3048 662 3128; x_wconf 83' lang='lat' dir='ltr'>importunis</span> <span class='ocrx_word' id='word_1_327' title='bbox 687 3045 833 3127; x_wconf 77' lang='lat' dir='ltr'>disceptr·</span> <span class='ocrx_word' id='word_1_328' title='bbox 886 3048 1047 3124; x_wconf 76' lang='lat' dir='ltr'>ardorque</span> <span class='ocrx_word' id='word_1_329' title='bbox 1060 3065 1232 3125; x_wconf 79' lang='lat' dir='ltr'>corporum</span> <span class='ocrx_word' id='word_1_330' title='bbox 1239 3049 1466 3125; x_wconf 72' lang='lat' dir='ltr'>friqidioribus</span> <span class='ocrx_word' id='word_1_331' title='bbox 1482 3049 1582 3126; x_wconf 73' lang='lat' dir='ltr'>epulis</span> 
     </span>
     <span class='ocr_line' id='line_1_33' title="bbox 137 3132 1580 3217; baseline 0.001 -22"><span class='ocrx_word' id='word_1_332' title='bbox 137 3133 270 3196; x_wconf 82' lang='lat' dir='ltr'>tionibus</span> <span class='ocrx_word' id='word_1_333' title='bbox 292 3133 576 3214; x_wconf 45' lang='lat' dir='ltr'>inquietumque</span> <span class='ocrx_word' id='word_1_334' title='bbox 598 3132 677 3195; x_wconf 80' lang='lat' dir='ltr'>forte</span> <span class='ocrx_word' id='word_1_335' title='bbox 703 3134 836 3196; x_wconf 81' lang='lat' dir='ltr'>offensus</span> <span class='ocrx_word' id='word_1_336' title='bbox 885 3135 1114 3210; x_wconf 76' lang='lat' dir='ltr'>temperandus</span> <span class='ocrx_word' id='word_1_337' title='bbox 1134 3142 1185 3196; x_wconf 83' lang='lat' dir='ltr'>est.</span> <span class='ocrx_word' id='word_1_338' title='bbox 1222 3137 1264 3197; x_wconf 81' lang='lat' dir='ltr'>At</span> <span class='ocrx_word' id='word_1_339' title='bbox 1283 3155 1359 3196; x_wconf 86' lang='lat' dir='ltr'>sune</span> <span class='ocrx_word' id='word_1_340' title='bbox 1377 3135 1485 3198; x_wconf 80' lang='lat' dir='ltr'>modus</span> <span class='ocrx_word' id='word_1_341' title='bbox 1498 3155 1580 3217; x_wconf 73' lang='lat' dir='ltr'>prue-</span> 
     </span>
     <span class='ocr_line' id='line_1_34' title="bbox 138 3219 1580 3302; baseline 0.002 -20"><span class='ocrx_word' id='word_1_342' title='bbox 138 3220 255 3282; x_wconf 75' lang='lat' dir='ltr'>resilict</span> <span class='ocrx_word' id='word_1_343' title='bbox 269 3220 308 3281; x_wconf 80' lang='lat' dir='ltr'>sb</span> <span class='ocrx_word' id='word_1_344' title='bbox 323 3221 452 3300; x_wconf 82' lang='lat' dir='ltr'>incepto.</span> <span class='ocrx_word' id='word_1_345' title='bbox 887 3222 1024 3302; x_wconf 79' lang='lat' dir='ltr'>ceptirus</span> <span class='ocrx_word' id='word_1_346' title='bbox 1040 3219 1120 3282; x_wconf 84' lang='lat' dir='ltr'>bend</span> <span class='ocrx_word' id='word_1_347' title='bbox 1135 3223 1277 3282; x_wconf 82' lang='lat' dir='ltr'>convenit</span> <span class='ocrx_word' id='word_1_348' title='bbox 1290 3221 1359 3283; x_wconf 86' lang='lat' dir='ltr'>huic</span> <span class='ocrx_word' id='word_1_349' title='bbox 1381 3222 1459 3284; x_wconf 90' lang='lat' dir='ltr'>looo.</span> <span class='ocrx_word' id='word_1_350' title='bbox 1498 3222 1580 3285; x_wconf 84' lang='lat' dir='ltr'>Nou·</span> 
     </span>
     <span class='ocr_line' id='line_1_35' title="bbox 183 3304 1581 3390; baseline 0 -19"><span class='ocrx_word' id='word_1_351' title='bbox 183 3312 212 3371; x_wconf 74' lang='lat'>2.</span> <span class='ocrx_word' id='word_1_352' title='bbox 239 3307 333 3369; x_wconf 80' lang='lat' dir='ltr'>Alius</span> <span class='ocrx_word' id='word_1_353' title='bbox 355 3311 441 3369; x_wconf 81' lang='lat' dir='ltr'>enim</span> <span class='ocrx_word' id='word_1_354' title='bbox 463 3307 563 3369; x_wconf 78' lang='lat' dir='ltr'>credit</span> <span class='ocrx_word' id='word_1_355' title='bbox 584 3325 616 3368; x_wconf 82' lang='lat' dir='ltr'>sc</span> <span class='ocrx_word' id='word_1_356' title='bbox 637 3304 835 3370; x_wconf 71' lang='lat' dir='ltr'>manducare</span> <span class='ocrx_word' id='word_1_357' title='bbox 885 3307 955 3368; x_wconf 85' lang='lat' dir='ltr'>dum</span> <span class='ocrx_word' id='word_1_358' title='bbox 970 3307 1051 3369; x_wconf 87' lang='lat' dir='ltr'>enim</span> <span class='ocrx_word' id='word_1_359' title='bbox 1066 3308 1155 3369; x_wconf 86' lang='lat' dir='ltr'>docet</span> <span class='ocrx_word' id='word_1_360' title='bbox 1175 3318 1229 3368; x_wconf 81' lang='lat' dir='ltr'>eut</span> <span class='ocrx_word' id='word_1_361' title='bbox 1248 3310 1394 3388; x_wconf 75' lang='lat' dir='ltr'>praecipit</span> <span class='ocrx_word' id='word_1_362' title='bbox 1409 3310 1581 3390; x_wconf 77' lang='lat' dir='ltr'>Apostolus,</span> 
     </span>
     <span class='ocr_line' id='line_1_36' title="bbox 138 3393 1581 3477; baseline 0 -19"><span class='ocrx_word' id='word_1_363' title='bbox 138 3397 258 3457; x_wconf 81' lang='lat' dir='ltr'>omnio.</span> <span class='ocrx_word' id='word_1_364' title='bbox 295 3395 371 3455; x_wconf 82' lang='lat' dir='ltr'>Rem</span> <span class='ocrx_word' id='word_1_365' title='bbox 396 3394 482 3456; x_wconf 84' lang='lat' dir='ltr'>velut</span> <span class='ocrx_word' id='word_1_366' title='bbox 507 3393 646 3475; x_wconf 87' lang='lat' dir='ltr'>exemplo</span> <span class='ocrx_word' id='word_1_367' title='bbox 669 3395 708 3456; x_wconf 94' lang='lat' dir='ltr'>ob</span> <span class='ocrx_word' id='word_1_368' title='bbox 732 3394 835 3455; x_wconf 90' lang='lat' dir='ltr'>oculos</span> <span class='ocrx_word' id='word_1_369' title='bbox 885 3393 939 3455; x_wconf 86' lang='lat' dir='ltr'>sed</span> <span class='ocrx_word' id='word_1_370' title='bbox 953 3394 1065 3456; x_wconf 80' lang='lat' dir='ltr'>fuctum</span> <span class='ocrx_word' id='word_1_371' title='bbox 1080 3396 1173 3474; x_wconf 83' lang='lat' dir='ltr'>ponit</span> <span class='ocrx_word' id='word_1_372' title='bbox 1210 3395 1284 3457; x_wconf 85' lang='lat' dir='ltr'>Jsm</span> <span class='ocrx_word' id='word_1_373' title='bbox 1299 3403 1401 3457; x_wconf 85' lang='lat' dir='ltr'>sutem</span> <span class='ocrx_word' id='word_1_374' title='bbox 1416 3405 1581 3477; x_wconf 82' lang='lat' dir='ltr'>sequuntur</span> 
     </span>
     <span class='ocr_line' id='line_1_37' title="bbox 138 3479 1214 3562; baseline -0.002 -19"><span class='ocrx_word' id='word_1_375' title='bbox 138 3483 239 3562; x_wconf 87' lang='lat' dir='ltr'>ponit,</span> <span class='ocrx_word' id='word_1_376' title='bbox 262 3480 332 3542; x_wconf 89' lang='lat' dir='ltr'>binc</span> <span class='ocrx_word' id='word_1_377' title='bbox 354 3479 470 3541; x_wconf 83' lang='lat' dir='ltr'>firmum</span> <span class='ocrx_word' id='word_1_378' title='bbox 493 3489 642 3556; x_wconf 69' lang='lat' dir='ltr'>statuens,</span> <span class='ocrx_word' id='word_1_379' title='bbox 665 3481 736 3544; x_wconf 80' lang='lat' dir='ltr'>inde</span> <span class='ocrx_word' id='word_1_380' title='bbox 757 3481 835 3543; x_wconf 77' lang='lat' dir='ltr'>infir</span> <span class='ocrx_word' id='word_1_381' title='bbox 884 3482 1098 3562; x_wconf 78' lang='lat' dir='ltr'>praecipientis</span> <span class='ocrx_word' id='word_1_382' title='bbox 1114 3480 1214 3543; x_wconf 77' lang='lat' dir='ltr'>verbu</span> 
     </span>
     <span class='ocr_line' id='line_1_38' title="bbox 137 3568 1580 3648; baseline 0.001 -19"><span class='ocrx_word' id='word_1_383' title='bbox 137 3588 234 3629; x_wconf 90' lang='lat' dir='ltr'>mum:</span> <span class='ocrx_word' id='word_1_384' title='bbox 263 3575 298 3627; x_wconf 91' lang='lat' dir='ltr'>ut</span> <span class='ocrx_word' id='word_1_385' title='bbox 326 3576 490 3648; x_wconf 89' lang='lat' dir='ltr'>utrumque</span> <span class='ocrx_word' id='word_1_386' title='bbox 518 3570 566 3629; x_wconf 90' lang='lat' dir='ltr'>sui</span> <span class='ocrx_word' id='word_1_387' title='bbox 591 3577 714 3631; x_wconf 82' lang='lat' dir='ltr'>monost</span> <span class='ocrx_word' id='word_1_388' title='bbox 738 3568 835 3629; x_wconf 87' lang='lat' dir='ltr'>officii.</span> <span class='ocrx_word' id='word_1_389' title='bbox 928 3568 957 3626; x_wconf 84' lang='lat'>3.</span> <span class='ocrx_word' id='word_1_390' title='bbox 973 3568 1017 3641; x_wconf 85' lang='lat' dir='ltr'>Is,</span> <span class='ocrx_word' id='word_1_391' title='bbox 1033 3572 1089 3644; x_wconf 82' lang='lat' dir='ltr'>qui</span> <span class='ocrx_word' id='word_1_392' title='bbox 1099 3569 1580 3644; x_wconf 68' lang='lat' dir='ltr'>manducatoonmandoooo·</span> 
     </span>
     <span class='ocr_line' id='line_1_39' title="bbox 137 3653 1580 3737; baseline 0.001 -21"><span class='ocrx_word' id='word_1_393' title='bbox 137 3653 271 3717; x_wconf 72' lang='lat' dir='ltr'>sinoce:</span> <span class='ocrx_word' id='word_1_394' title='bbox 283 3655 486 3731; x_wconf 76' lang='lat' dir='ltr'>Hirquidom</span> <span class='ocrx_word' id='word_1_395' title='bbox 497 3656 597 3714; x_wconf 81' lang='lat' dir='ltr'>crodit</span> <span class='ocrx_word' id='word_1_396' title='bbox 609 3657 833 3730; x_wconf 81' lang='lat' dir='ltr'>edereomnio,</span> <span class='ocrx_word' id='word_1_397' title='bbox 885 3662 947 3714; x_wconf 76' lang='lat' dir='ltr'>tem</span> <span class='ocrx_word' id='word_1_398' title='bbox 967 3673 1036 3716; x_wconf 79' lang='grc' dir='ltr'><strong>ιιοο</strong></span> <span class='ocrx_word' id='word_1_399' title='bbox 1057 3664 1197 3732; x_wconf 78' lang='lat' dir='ltr'>spernet.</span> <span class='ocrx_word' id='word_1_400' title='bbox 1226 3655 1295 3717; x_wconf 89' lang='lat' dir='ltr'>Hoc</span> <span class='ocrx_word' id='word_1_401' title='bbox 1317 3665 1378 3717; x_wconf 84' lang='lat' dir='ltr'>est:</span> <span class='ocrx_word' id='word_1_402' title='bbox 1402 3656 1466 3737; x_wconf 77' lang='lat' dir='ltr'>Qui</span> <span class='ocrx_word' id='word_1_403' title='bbox 1480 3656 1580 3718; x_wconf 81' lang='lat' dir='ltr'>firmus</span> 
     </span>
     <span class='ocr_line' id='line_1_40' title="bbox 136 3740 1580 3824; baseline 0.002 -22"><span class='ocrx_word' id='word_1_404' title='bbox 136 3740 169 3802; x_wconf 86' lang='lat' dir='ltr'>id</span> <span class='ocrx_word' id='word_1_405' title='bbox 181 3750 237 3814; x_wconf 87' lang='lat' dir='ltr'>est,</span> <span class='ocrx_word' id='word_1_406' title='bbox 249 3740 344 3802; x_wconf 84' lang='lat' dir='ltr'>eredit</span> <span class='ocrx_word' id='word_1_407' title='bbox 354 3760 390 3802; x_wconf 83' lang='lat' dir='ltr'>sc</span> <span class='ocrx_word' id='word_1_408' title='bbox 401 3761 577 3821; x_wconf 74' lang='lat' dir='ltr'>persuasum</span> <span class='ocrx_word' id='word_1_409' title='bbox 587 3741 688 3818; x_wconf 77' lang='lat' dir='ltr'>hebet,</span> <span class='ocrx_word' id='word_1_410' title='bbox 697 3760 835 3823; x_wconf 80' lang='lat' dir='ltr'>esposse,</span> <span class='ocrx_word' id='word_1_411' title='bbox 885 3743 915 3801; x_wconf 90' lang='lat' dir='ltr'>iu</span> <span class='ocrx_word' id='word_1_412' title='bbox 930 3740 989 3800; x_wconf 88' lang='lat' dir='ltr'>fide</span> <span class='ocrx_word' id='word_1_413' title='bbox 1003 3743 1135 3801; x_wconf 79' lang='lat' dir='ltr'>vescitur</span> <span class='ocrx_word' id='word_1_414' title='bbox 1149 3742 1339 3823; x_wconf 81' lang='lat' dir='ltr'>quibuslibet,</span> <span class='ocrx_word' id='word_1_415' title='bbox 1362 3763 1439 3818; x_wconf 89' lang='lat' dir='ltr'>eum,</span> <span class='ocrx_word' id='word_1_416' title='bbox 1467 3744 1524 3824; x_wconf 89' lang='lat' dir='ltr'>qui</span> <span class='ocrx_word' id='word_1_417' title='bbox 1543 3743 1580 3805; x_wconf 92' lang='lat' dir='ltr'>ob</span> 
     </span>
     <span class='ocr_line' id='line_1_41' title="bbox 138 3826 1580 3911; baseline 0.001 -21"><span class='ocrx_word' id='word_1_418' title='bbox 138 3828 196 3890; x_wconf 91' lang='lat' dir='ltr'>sibi</span> <span class='ocrx_word' id='word_1_419' title='bbox 210 3828 326 3890; x_wconf 89' lang='lat' dir='ltr'>licitum</span> <span class='ocrx_word' id='word_1_420' title='bbox 342 3846 415 3903; x_wconf 83' lang='lat' dir='ltr'>esse,</span> <span class='ocrx_word' id='word_1_421' title='bbox 432 3828 620 3908; x_wconf 85' lang='lat' dir='ltr'>quibuslibet</span> <span class='ocrx_word' id='word_1_422' title='bbox 630 3830 673 3897; x_wconf 88' lang='lat' dir='ltr'>uti</span> <span class='ocrx_word' id='word_1_423' title='bbox 687 3827 771 3890; x_wconf 82' lang='lat' dir='ltr'>cibis.</span> <span class='ocrx_word' id='word_1_424' title='bbox 786 3829 837 3888; x_wconf 74' lang='lat' dir='ltr'>ut</span> <span class='ocrx_word' id='word_1_425' title='bbox 885 3826 955 3891; x_wconf 84' lang='lat' dir='ltr'>fidei</span> <span class='ocrx_word' id='word_1_426' title='bbox 977 3829 1178 3889; x_wconf 72' lang='lat' dir='ltr'>infirmitatem</span> <span class='ocrx_word' id='word_1_427' title='bbox 1202 3830 1333 3890; x_wconf 73' lang='lat' dir='ltr'>abstinet</span> <span class='ocrx_word' id='word_1_428' title='bbox 1353 3851 1372 3891; x_wconf 83' lang='grc' dir='ltr'><strong>ι</strong></span> <span class='ocrx_word' id='word_1_429' title='bbox 1390 3829 1580 3911; x_wconf 74' lang='lat' dir='ltr'>quibusdum,</span> 
     </span>
     <span class='ocr_line' id='line_1_42' title="bbox 136 3913 1579 3995; baseline 0.001 -19"><span class='ocrx_word' id='word_1_430' title='bbox 136 3925 219 3977; x_wconf 86' lang='lat' dir='ltr'>recte</span> <span class='ocrx_word' id='word_1_431' title='bbox 235 3918 279 3977; x_wconf 85' lang='lat' dir='ltr'>itu</span> <span class='ocrx_word' id='word_1_432' title='bbox 301 3914 403 3975; x_wconf 86' lang='lat' dir='ltr'>credit.</span> <span class='ocrx_word' id='word_1_433' title='bbox 433 3915 547 3977; x_wconf 84' lang='lat' dir='ltr'>Similis</span> <span class='ocrx_word' id='word_1_434' title='bbox 569 3915 680 3975; x_wconf 86' lang='lat' dir='ltr'>locutio</span> <span class='ocrx_word' id='word_1_435' title='bbox 700 3924 748 3976; x_wconf 92' lang='lat' dir='ltr'>est</span> <span class='ocrx_word' id='word_1_436' title='bbox 759 3913 834 3975; x_wconf 85' lang='lat' dir='ltr'>Gen</span> <span class='ocrx_word' id='word_1_437' title='bbox 884 3933 953 3976; x_wconf 77' lang='lat' dir='ltr'>non</span> <span class='ocrx_word' id='word_1_438' title='bbox 967 3925 1110 3993; x_wconf 81' lang='lat' dir='ltr'>spernet,</span> <span class='ocrx_word' id='word_1_439' title='bbox 1126 3915 1157 3976; x_wconf 86' lang='lat' dir='ltr'>id</span> <span class='ocrx_word' id='word_1_440' title='bbox 1174 3924 1227 3991; x_wconf 75' lang='lat' dir='ltr'>est,</span> <span class='ocrx_word' id='word_1_441' title='bbox 1241 3936 1301 3977; x_wconf 88' lang='lat' dir='ltr'>uon</span> <span class='ocrx_word' id='word_1_442' title='bbox 1316 3936 1390 3995; x_wconf 78' lang='lat' dir='ltr'>pree</span> <span class='ocrx_word' id='word_1_443' title='bbox 1400 3937 1435 3979; x_wconf 91' lang='lat' dir='ltr'>se</span> <span class='ocrx_word' id='word_1_444' title='bbox 1450 3927 1579 3978; x_wconf 84' lang='lat' dir='ltr'>contem·</span> 
     </span>
     <span class='ocr_line' id='line_1_43' title="bbox 136 4002 1579 4082; baseline 0.003 -20"><span class='ocrx_word' id='word_1_445' title='bbox 136 4003 181 4064; x_wconf 85' lang='lat'>3.:</span> <span class='ocrx_word' id='word_1_446' title='bbox 206 4005 256 4064; x_wconf 77' lang='lat' dir='ltr'>Dc</span> <span class='ocrx_word' id='word_1_447' title='bbox 278 4003 392 4080; x_wconf 66' lang='lat' dir='ltr'>fructu</span> <span class='ocrx_word' id='word_1_448' title='bbox 414 4002 588 4078; x_wconf 69' lang='lat' dir='ltr'>liquerunt,</span> <span class='ocrx_word' id='word_1_449' title='bbox 612 4020 694 4080; x_wconf 77' lang='lat' dir='ltr'>quas</span> <span class='ocrx_word' id='word_1_450' title='bbox 709 4006 835 4064; x_wconf 79' lang='lat' dir='ltr'>suntin</span> <span class='ocrx_word' id='word_1_451' title='bbox 884 4011 937 4063; x_wconf 80' lang='lat' dir='ltr'>net</span> <span class='ocrx_word' id='word_1_452' title='bbox 960 4011 1105 4082; x_wconf 76' lang='lat' dir='ltr'>tanquam</span> <span class='ocrx_word' id='word_1_453' title='bbox 1119 4002 1204 4063; x_wconf 78' lang='lat' dir='ltr'>fortis</span> <span class='ocrx_word' id='word_1_454' title='bbox 1219 4002 1407 4064; x_wconf 89' lang='lat' dir='ltr'>imbecillem.</span> <span class='ocrx_word' id='word_1_455' title='bbox 1436 4002 1488 4065; x_wconf 86' lang='lat' dir='ltr'>Sic</span> <span class='ocrx_word' id='word_1_456' title='bbox 1510 4024 1579 4066; x_wconf 88' lang='lat' dir='ltr'>uou-</span> 
     </span>
     <span class='ocr_line' id='line_1_44' title="bbox 132 4088 1580 4167; baseline 0 -17"><span class='ocrx_word' id='word_1_457' title='bbox 132 4091 300 4166; x_wconf 82' lang='lat' dir='ltr'>parodiso,</span> <span class='ocrx_word' id='word_1_458' title='bbox 325 4092 492 4164; x_wconf 58' lang='lat' dir='ltr'>vetamur,</span> <span class='ocrx_word' id='word_1_459' title='bbox 517 4088 549 4149; x_wconf 86' lang='lat' dir='ltr'>id</span> <span class='ocrx_word' id='word_1_460' title='bbox 572 4097 625 4162; x_wconf 86' lang='lat' dir='ltr'>est,</span> <span class='ocrx_word' id='word_1_461' title='bbox 651 4090 733 4151; x_wconf 82' lang='lat' dir='ltr'>vesci</span> <span class='ocrx_word' id='word_1_462' title='bbox 748 4088 834 4150; x_wconf 87' lang='lat' dir='ltr'>uobis</span> <span class='ocrx_word' id='word_1_463' title='bbox 885 4089 967 4149; x_wconf 90' lang='lat' dir='ltr'>nulli.</span> <span class='ocrx_word' id='word_1_464' title='bbox 1001 4088 1063 4151; x_wconf 89' lang='lat' dir='ltr'>Sed</span> <span class='ocrx_word' id='word_1_465' title='bbox 1077 4090 1186 4150; x_wconf 88' lang='lat' dir='ltr'>rectius</span> <span class='ocrx_word' id='word_1_466' title='bbox 1201 4089 1269 4150; x_wconf 79' lang='lat' dir='ltr'>ulii:</span> <span class='ocrx_word' id='word_1_467' title='bbox 1292 4109 1361 4152; x_wconf 76' lang='lat' dir='ltr'>nort</span> <span class='ocrx_word' id='word_1_468' title='bbox 1382 4098 1527 4167; x_wconf 80' lang='lat' dir='ltr'>spernat,</span> <span class='ocrx_word' id='word_1_469' title='bbox 1550 4088 1580 4152; x_wconf 86' lang='lat' dir='ltr'>id</span> 
     </span>
     <span class='ocr_line' id='line_1_45' title="bbox 135 4174 1579 4256; baseline 0.003 -21"><span class='ocrx_word' id='word_1_470' title='bbox 135 4174 215 4239; x_wconf 86' lang='lat' dir='ltr'>licet</span> <span class='ocrx_word' id='word_1_471' title='bbox 247 4176 289 4236; x_wconf 77' lang='lat' dir='ltr'>Et</span> <span class='ocrx_word' id='word_1_472' title='bbox 303 4176 376 4237; x_wconf 91' lang='lat' dir='ltr'>Luc.</span> <span class='ocrx_word' id='word_1_473' title='bbox 395 4180 438 4236; x_wconf 87' lang='lat'>1.:</span> <span class='ocrx_word' id='word_1_474' title='bbox 461 4179 575 4237; x_wconf 73' lang='lat' dir='ltr'>Virum</span> <span class='ocrx_word' id='word_1_475' title='bbox 588 4195 656 4237; x_wconf 79' lang='lat' dir='ltr'>non</span> <span class='ocrx_word' id='word_1_476' title='bbox 672 4194 833 4250; x_wconf 73' lang='grc' dir='ltr'><strong>οοοιιοιοο,</strong></span> <span class='ocrx_word' id='word_1_477' title='bbox 884 4183 938 4250; x_wconf 72' lang='lat' dir='ltr'>est,</span> <span class='ocrx_word' id='word_1_478' title='bbox 953 4197 1012 4237; x_wconf 93' lang='lat' dir='ltr'>non</span> <span class='ocrx_word' id='word_1_479' title='bbox 1029 4175 1140 4237; x_wconf 77' lang='lat' dir='ltr'>habeut</span> <span class='ocrx_word' id='word_1_480' title='bbox 1153 4176 1245 4237; x_wconf 86' lang='lat' dir='ltr'>vilem</span> <span class='ocrx_word' id='word_1_481' title='bbox 1262 4178 1329 4256; x_wconf 86' lang='lat' dir='ltr'>ejus</span> <span class='ocrx_word' id='word_1_482' title='bbox 1344 4177 1483 4252; x_wconf 79' lang='lat' dir='ltr'>sulutem,</span> <span class='ocrx_word' id='word_1_483' title='bbox 1497 4198 1579 4239; x_wconf 72' lang='lat' dir='ltr'>scen</span> 
     </span>
     <span class='ocr_line' id='line_1_46' title="bbox 136 4260 1580 4345; baseline 0.001 -23"><span class='ocrx_word' id='word_1_484' title='bbox 136 4263 167 4323; x_wconf 90' lang='lat' dir='ltr'>id</span> <span class='ocrx_word' id='word_1_485' title='bbox 182 4273 237 4339; x_wconf 75' lang='lat' dir='ltr'>eet</span> <span class='ocrx_word' id='word_1_486' title='bbox 254 4282 438 4342; x_wconf 77' lang='lat' dir='ltr'>cognoscere</span> <span class='ocrx_word' id='word_1_487' title='bbox 459 4263 531 4324; x_wconf 93' lang='lat' dir='ltr'>mihi</span> <span class='ocrx_word' id='word_1_488' title='bbox 554 4285 614 4324; x_wconf 91' lang='lat' dir='ltr'>non</span> <span class='ocrx_word' id='word_1_489' title='bbox 630 4263 707 4324; x_wconf 86' lang='lat' dir='ltr'>licet</span> <span class='ocrx_word' id='word_1_490' title='bbox 740 4263 834 4324; x_wconf 89' lang='lat' dir='ltr'>Porro</span> <span class='ocrx_word' id='word_1_491' title='bbox 884 4260 987 4324; x_wconf 74' lang='lat' dir='ltr'>delum</span> <span class='ocrx_word' id='word_1_492' title='bbox 1003 4265 1031 4324; x_wconf 92' lang='lat' dir='ltr'>ei</span> <span class='ocrx_word' id='word_1_493' title='bbox 1043 4263 1192 4344; x_wconf 85' lang='lat' dir='ltr'>ponendo,</span> <span class='ocrx_word' id='word_1_494' title='bbox 1208 4262 1279 4324; x_wconf 87' lang='lat' dir='ltr'>dum</span> <span class='ocrx_word' id='word_1_495' title='bbox 1291 4264 1431 4345; x_wconf 89' lang='lat' dir='ltr'>exemplo</span> <span class='ocrx_word' id='word_1_496' title='bbox 1439 4284 1497 4329; x_wconf 85' lang='lat' dir='ltr'>suo</span> <span class='ocrx_word' id='word_1_497' title='bbox 1508 4264 1580 4327; x_wconf 76' lang='lat' dir='ltr'>iuuit</span> 
     </span>
     <span class='ocr_line' id='line_1_47' title="bbox 134 4349 1579 4432; baseline 0.005 -24"><span class='ocrx_word' id='word_1_498' title='bbox 134 4351 333 4412; x_wconf 75' lang='lat' dir='ltr'>munducare</span> <span class='ocrx_word' id='word_1_499' title='bbox 361 4352 484 4432; x_wconf 89' lang='lat' dir='ltr'>proprie</span> <span class='ocrx_word' id='word_1_500' title='bbox 510 4350 635 4431; x_wconf 87' lang='lat' dir='ltr'>quidem</span> <span class='ocrx_word' id='word_1_501' title='bbox 661 4359 708 4411; x_wconf 88' lang='lat' dir='ltr'>ost</span> <span class='ocrx_word' id='word_1_502' title='bbox 737 4349 835 4411; x_wconf 89' lang='lat' dir='ltr'>cibum</span> <span class='ocrx_word' id='word_1_503' title='bbox 884 4367 952 4411; x_wconf 88' lang='lat' dir='ltr'>eum</span> <span class='ocrx_word' id='word_1_504' title='bbox 967 4350 1125 4411; x_wconf 80' lang='lat' dir='ltr'>comedere</span> <span class='ocrx_word' id='word_1_505' title='bbox 1139 4361 1244 4411; x_wconf 83' lang='lat' dir='ltr'>contre</span> <span class='ocrx_word' id='word_1_506' title='bbox 1266 4353 1492 4413; x_wconf 74' lang='lat' dir='ltr'>conscientium.</span> <span class='ocrx_word' id='word_1_507' title='bbox 1528 4351 1579 4415; x_wconf 76' lang='lat' dir='ltr'>ete</span> 
     </span>
     <span class='ocr_line' id='line_1_48' title="bbox 136 4436 1578 4518; baseline 0.003 -21"><span class='ocrx_word' id='word_1_508' title='bbox 136 4436 277 4498; x_wconf 83' lang='lat' dir='ltr'>dentibus</span> <span class='ocrx_word' id='word_1_509' title='bbox 289 4438 446 4499; x_wconf 78' lang='lat' dir='ltr'>conficere</span> <span class='ocrx_word' id='word_1_510' title='bbox 469 4437 533 4500; x_wconf 79' lang='lat' dir='ltr'>Sed</span> <span class='ocrx_word' id='word_1_511' title='bbox 545 4439 693 4517; x_wconf 89' lang='lat' dir='ltr'>interpres</span> <span class='ocrx_word' id='word_1_512' title='bbox 708 4438 758 4497; x_wconf 91' lang='lat' dir='ltr'>sui</span> <span class='ocrx_word' id='word_1_513' title='bbox 771 4456 834 4497; x_wconf 78' lang='lat' dir='ltr'>see·</span> <span class='ocrx_word' id='word_1_514' title='bbox 885 4443 916 4497; x_wconf 87' lang='lat' dir='ltr'>et</span> <span class='ocrx_word' id='word_1_515' title='bbox 927 4437 1086 4517; x_wconf 84' lang='lat' dir='ltr'>Sntyricus</span> <span class='ocrx_word' id='word_1_516' title='bbox 1100 4437 1248 4518; x_wconf 84' lang='lat' dir='ltr'>loquitur:</span> <span class='ocrx_word' id='word_1_517' title='bbox 1265 4441 1330 4501; x_wconf 79' lang='lat' dir='ltr'>Neo</span> <span class='ocrx_word' id='word_1_518' title='bbox 1341 4445 1380 4501; x_wconf 79' lang='lat' dir='ltr'>ttt</span> <span class='ocrx_word' id='word_1_519' title='bbox 1390 4443 1490 4516; x_wconf 73' lang='lat' dir='ltr'>pueri</span> <span class='ocrx_word' id='word_1_520' title='bbox 1503 4456 1578 4502; x_wconf 82' lang='grc' dir='ltr'><strong>οοιι·</strong></span> 
     </span>
     <span class='ocr_line' id='line_1_49' title="bbox 137 4523 1578 4604; baseline 0.001 -20"><span class='ocrx_word' id='word_1_521' title='bbox 137 4524 198 4584; x_wconf 86' lang='lat' dir='ltr'>culi</span> <span class='ocrx_word' id='word_1_522' title='bbox 227 4524 474 4587; x_wconf 83' lang='lat' dir='ltr'>consuetudinem</span> <span class='ocrx_word' id='word_1_523' title='bbox 502 4534 626 4587; x_wconf 70' lang='lat' dir='ltr'>noum·</span> <span class='ocrx_word' id='word_1_524' title='bbox 660 4523 692 4585; x_wconf 84' lang='lat' dir='ltr'>id</span> <span class='ocrx_word' id='word_1_525' title='bbox 720 4524 833 4604; x_wconf 77' lang='lat' dir='ltr'>possim</span> <span class='ocrx_word' id='word_1_526' title='bbox 885 4528 1047 4601; x_wconf 77' lang='lat' dir='ltr'>tempseris</span> <span class='ocrx_word' id='word_1_527' title='bbox 1063 4542 1175 4585; x_wconf 79' lang='lat' dir='ltr'>annos.</span> <span class='ocrx_word' id='word_1_528' title='bbox 1212 4526 1255 4585; x_wconf 85' lang='lat' dir='ltr'>Et</span> <span class='ocrx_word' id='word_1_529' title='bbox 1268 4526 1344 4591; x_wconf 72' lang='lat' dir='ltr'>huin</span> <span class='ocrx_word' id='word_1_530' title='bbox 1352 4527 1458 4589; x_wconf 71' lang='lat' dir='ltr'>meni</span> <span class='ocrx_word' id='word_1_531' title='bbox 1472 4544 1578 4588; x_wconf 76' lang='lat' dir='ltr'>conve·</span> 
     </span>
     <span class='ocr_line' id='line_1_50' title="bbox 136 4610 1576 4693; baseline 0.003 -21"><span class='ocrx_word' id='word_1_532' title='bbox 136 4619 264 4692; x_wconf 80' lang='lat' dir='ltr'>usurpet</span> <span class='ocrx_word' id='word_1_533' title='bbox 278 4631 334 4693; x_wconf 86' lang='lat' dir='ltr'>pro</span> <span class='ocrx_word' id='word_1_534' title='bbox 349 4613 520 4687; x_wconf 80' lang='lat' dir='ltr'>comedero,</span> <span class='ocrx_word' id='word_1_535' title='bbox 535 4613 628 4674; x_wconf 82' lang='lat' dir='ltr'>vesci.</span> <span class='ocrx_word' id='word_1_536' title='bbox 884 4611 978 4687; x_wconf 76' lang='lat' dir='ltr'>uinut,</span> <span class='ocrx_word' id='word_1_537' title='bbox 1001 4629 1078 4693; x_wconf 74' lang='lat' dir='ltr'>quse</span> <span class='ocrx_word' id='word_1_538' title='bbox 1101 4611 1181 4674; x_wconf 76' lang='lat' dir='ltr'>infru</span> <span class='ocrx_word' id='word_1_539' title='bbox 1202 4612 1342 4675; x_wconf 85' lang='lat' dir='ltr'>dicuntur</span> <span class='ocrx_word' id='word_1_540' title='bbox 1362 4610 1403 4673; x_wconf 79' lang='lat' dir='ltr'>tle</span> <span class='ocrx_word' id='word_1_541' title='bbox 1426 4610 1576 4682; x_wconf 72' lang='lat' dir='ltr'>scendulo.</span> 
     </span>
     <span class='ocr_line' id='line_1_51' title="bbox 169 4698 1575 4781; baseline 0.003 -18"><span class='ocrx_word' id='word_1_542' title='bbox 169 4701 366 4780; x_wconf 59' lang='lat' dir='ltr'>potonem</span> <span class='ocrx_word' id='word_1_543' title='bbox 379 4702 528 4781; x_wconf 67' lang='lat' dir='ltr'>infimus</span> <span class='ocrx_word' id='word_1_544' title='bbox 542 4707 598 4778; x_wconf 79' lang='lat' dir='ltr'>ost,</span> <span class='ocrx_word' id='word_1_545' title='bbox 613 4698 835 4767; x_wconf 76' lang='grc' dir='ltr'><strong>οὶιιιοιοιιδιι·</strong></span> <span class='ocrx_word' id='word_1_546' title='bbox 883 4700 1060 4765; x_wconf 71' lang='lat' dir='ltr'>nominum</span> <span class='ocrx_word' id='word_1_547' title='bbox 1083 4698 1176 4762; x_wconf 73' lang='lat' dir='ltr'>illudr</span> <span class='ocrx_word' id='word_1_548' title='bbox 1208 4700 1285 4763; x_wconf 72' lang='lat' dir='ltr'>Noli</span> <span class='ocrx_word' id='word_1_549' title='bbox 1309 4699 1378 4763; x_wconf 75' lang='lat' dir='ltr'>otto</span> <span class='ocrx_word' id='word_1_550' title='bbox 1402 4706 1461 4765; x_wconf 79' lang='lat' dir='ltr'>tuo</span> <span class='ocrx_word' id='word_1_551' title='bbox 1486 4701 1575 4767; x_wconf 65' lang='lat' dir='ltr'>illm</span> 
     </span>
    </p>
   </div>
   <div class='ocr_carea' id='block_1_5' title="bbox 0 0 1640 5182">
    <p class='ocr_par' dir='ltr' id='par_1_5' title="bbox 0 0 1640 5182">
     <span class='ocr_line' id='line_1_52' title="bbox 0 0 1640 5182; baseline 0 1"><span class='ocrx_word' id='word_1_552' title='bbox 0 0 1640 5182; x_wconf 95' lang='lat' dir='ltr'> </span> 
     </span>
    </p>
   </div>
  </div>
 </body>
</html>
