3254 5190
487 302 648 357 unrocus
665 302 705 356 su
722 302 972 357 sanctosviros.
993 305 1014 356 ι.
1032 306 1057 357 ι.
1074 304 1140 356 sc
1275 291 1278 294 ’
1485 309 1532 374 41

93 500 155 560 cap.
183 478 409 560 pneoedentis,
439 487 580 561 tauquam
607 478 646 538 ad
669 477 790 538 eosdem
838 481 889 552 its,
910 486 944 537 ut
965 477 1132 557 supplenda
1154 478 1193 537 sit
1213 477 1349 559 probatio
1375 496 1414 537 ex
1434 477 1536 537 verbis

91 576 217 646 unaque
232 566 425 646 pertinerent,
449 585 539 645 quum
559 566 619 624 siut
633 564 791 624 admodum
839 565 1098 644 subseqnentibus,
1113 568 1149 623 im
1164 583 1226 640 quo
1243 567 1327 623 caim
1337 564 1464 638 judicas
1476 572 1532 622 etc.

93 651 209 712 diremi
234 651 316 711 Nam
338 652 388 711 hic
410 652 636 712 introducuntur
661 653 711 731 qui
726 652 792 710 illos
840 652 927 731 Quae
939 671 986 711 res
999 651 1184 711 considerata
1200 651 1358 711 submovet
1372 650 1535 709 obscurita-

95 738 285 799 damnabant.
840 748 907 810 tem,
931 739 970 797 ob
994 758 1082 817 quam
1104 738 1239 797 nonnulli
1260 736 1399 795 laborant
1419 737 1450 796 iu
1466 755 1535 795 eon·

131 824 191 884 libi
208 833 242 884 et
256 824 332 884 illud
347 823 565 885 animadverte:
582 822 728 904 quomodo
744 842 791 882 su·
839 823 986 885 nectendo
1008 823 1096 902 hujus
1119 824 1240 904 capituli
1261 825 1344 883 initio
1368 842 1432 882 cum
1452 842 1536 901 prae·

92 912 190 992 parius
220 911 427 991 philosophos,
449 912 500 991 qui
529 910 683 990 gentilium
707 915 794 969 erant
841 910 1023 972 cedentibus.

92 999 254 1077 praecipui,
277 997 501 1057 inexcusabiles
521 996 648 1057 ostendit
663 999 791 1075 Aposto-
884 1000 912 1057 2.
936 999 1057 1058 Scimus
1088 1001 1172 1057 caim
1200 998 1353 1073 quoniam
1378 994 1536 1068 judicium

93 1084 145 1156 lus,
168 1086 212 1143 its
235 1103 318 1143 nunc
339 1082 450 1143 docere
471 1081 655 1144 «Iudaeorum
676 1082 790 1163 praeci·
842 1088 904 1145 Dei
920 1092 963 1144 est
978 1085 1152 1144 secundum
1174 1087 1340 1143 veritatem
1362 1084 1398 1141 ιἰι
1414 1100 1464 1142 cos
1478 1084 1534 1157 qui

92 1190 175 1251 puos,
197 1170 230 1230 id
248 1180 296 1230 est
309 1169 497 1250 legisperitos
512 1190 548 1229 ac
563 1171 730 1248 magistros,
750 1170 790 1227 ni·
842 1173 923 1231 tolio
934 1178 1044 1245 cpont.
1057 1173 1166 1244 Enim,
1181 1169 1297 1230 Graece
1306 1176 1421 1243 cutem,
1434 1187 1535 1246 quern·

92 1257 151 1316 iilo
166 1258 265 1335 magis
289 1255 370 1337 apud
384 1256 485 1317 Deum
508 1257 696 1316 excusabiles
710 1256 793 1314 inve·
824 1326 827 1331 7
842 1257 999 1317 admodum
1012 1266 1042 1316 et
1052 1257 1128 1336 legit
1140 1257 1276 1316 Ambros.
1290 1274 1391 1314 comm.
1407 1257 1537 1316 Sensim:

92 1344 155 1403 uiri
189 1343 345 1404 Cohaeret
365 1351 465 1403 autern
489 1342 568 1402 istud
590 1344 705 1402 initium
728 1362 794 1400 cum
843 1345 958 1405 Scimus
980 1363 1035 1403 nos
1051 1342 1166 1405 Judsei
1188 1343 1312 1421 exlege
1334 1341 1421 1401 nobis
1437 1360 1456 1399 a
1469 1341 1536 1400 Deo

93 1429 298 1509 superioribus
320 1430 377 1489 hoc
398 1429 497 1489 modo.
529 1428 674 1508 Quamvis
698 1436 741 1487 tot
765 1437 795 1486 et
842 1429 959 1503 tradita,
983 1432 1091 1490 certius
1111 1449 1199 1509 quam
1222 1427 1350 1506 gentiles
1373 1429 1424 1508 qui
1439 1427 1538 1505 legem

92 1526 175 1576 unta
183 1517 376 1596 sintpeccata
383 1515 546 1597 gentilium,
558 1515 793 1574 tutamenetiam
842 1539 903 1577 uon
917 1527 1105 1596 acceperunt,
1124 1515 1269 1595 judicium
1284 1535 1303 1574 a
1317 1515 1383 1573 Deo
1399 1533 1538 1573 exercen-

95 1602 260 1676 oJudaee,
283 1604 336 1683 qui
350 1601 419 1661 illos
435 1610 622 1662 contemnere
637 1610 668 1662 et
683 1609 733 1659 tuo
746 1602 792 1676 ju·
843 1604 912 1663 dum
927 1603 1089 1663 secundum
1111 1603 1273 1673 veritatem,
1295 1600 1326 1660 id
1349 1609 1395 1659 est
1412 1602 1494 1678 juste
1509 1609 1540 1660 et

95 1689 173 1749 dicio
190 1688 393 1750 condemnare
408 1689 506 1761 soles,
522 1687 735 1749 inexcusabilis
752 1707 793 1761 es,
843 1689 1004 1749 secuudum
1011 1693 1118 1750 merita
1129 1709 1259 1768 operum,
1272 1688 1385 1766 absque
1396 1694 1539 1764 respectu

95 1796 149 1836 uec
166 1774 261 1834 ullam
279 1784 459 1855 praetexere
481 1783 565 1852 potes
588 1776 721 1853 peccatis
736 1774 794 1833 tuis
842 1796 1044 1856 personarum,
1059 1777 1205 1836 adversus
1221 1795 1274 1835 eos
1289 1775 1340 1854 qui
1354 1774 1427 1833 talia
1437 1783 1538 1852 agunt,

96 1863 304 1941 ignorantiam
327 1863 418 1921 Ratio
434 1863 580 1942 sequitur:
844 1862 1009 1940 cujusmodi
1024 1883 1114 1944 supra
1129 1862 1166 1922 de
1182 1861 1344 1939 gentilibus
1366 1878 1538 1920 commemo·

138 1950 181 2008 Ιιι
198 1967 263 2026 quo
279 1953 366 2008 caim
383 1949 512 2023 iudicas
526 1949 674 2045 alteram,
698 1950 754 2004 tc'
742 1965 795 2022 sp·
843 1957 909 2008 rata
932 1957 1009 2008 suut

95 2055 162 2095 ιιιιιι
179 2035 383 2095 condemnas.
407 2036 449 2096 Im
464 2054 536 2111 qao,
553 2019 628 2092 ἐν
601 2050 639 2115 ῳ,
657 2032 793 2093 Graecis·
887 2036 916 2093 3
940 2038 1232 2096 Existimosautcm
1247 2037 1313 2108 boc,
1331 2035 1467 2108 obomo,
1482 2036 1538 2109 qui

96 2140 159 2180 mus
174 2132 221 2181 est
236 2141 291 2202 pro
303 2141 340 2181 eo
352 2121 433 2201 quod
445 2123 471 2182 Ι
472 2122 554 2181 atine
568 2120 721 2192 diceretur,
738 2120 795 2178 hoc
840 2124 967 2196 judicos
982 2141 1032 2182 cos
1047 2123 1197 2198 quitatio
1212 2130 1324 2196 aqant,
1342 2129 1371 2180 et
1383 2121 1466 2198 sacis
1482 2138 1537 2178 ca·
1526 2164 1535 2195 ‚

97 2208 161 2288 ipso
184 2207 276 2288 quod
843 2212 921 2283 quia
936 2215 972 2267 ta
987 2210 1113 2286 effagies
1124 2211 1283 2283 Judicium
1295 2209 1376 2268 Dei?
1391 2206 1478 2265 Ac'
1454 2227 1481 2266 er
1495 2205 1537 2265 di-

138 2296 265 2356 Ecdcm
279 2297 532 2370 caimoyisqaac
540 2294 675 2367 judicas.
688 2291 795 2352 Graeci
844 2303 907 2354 cat:
939 2295 1141 2354 Vehementer
1163 2295 1292 2366 falleris,
1314 2314 1332 2352 o
1355 2292 1491 2364 Judaee,
1515 2295 1539 2353 si

98 2380 214 2441 codices
245 2379 359 2440 habent
381 2373 398 2438 ὁ
422 2375 550 2457 κρίνων,
578 2381 633 2457 qai
657 2381 795 2452 judicas,
843 2382 994 2441 existimes
1016 2389 1068 2439 aut
1091 2401 1191 2461 speres
1206 2390 1236 2440 te
1252 2400 1407 2440 evasurum
1425 2380 1539 2457 justum

97 2467 208 2527 scilicet
215 2466 302 2527 alios.
315 2465 404 2544 Quae
411 2466 499 2526 lectio
508 2469 538 2527 in
547 2465 697 2526 nonnullis
707 2467 796 2525 etiam
843 2468 904 2527 Dei
920 2467 1065 2527 adversus
1079 2477 1110 2528 te
1128 2468 1283 2546 Judicium,
1306 2468 1357 2546 qui
1379 2465 1453 2525 alios
1469 2484 1537 2543 pec·

97 2555 214 2615 Latinis
226 2555 382 2633 reperitur.
400 2554 513 2613 Annuit
526 2563 556 2613 et
563 2553 691 2631 Syriaca
701 2563 794 2612 trans·
844 2562 946 2613 cantes
960 2561 1101 2634 tanquam
1116 2565 1168 2615 aut
1184 2555 1288 2614 doctor
1303 2561 1355 2613 aut
1369 2554 1480 2632 peritus
1497 2551 1537 2613 le·

98 2641 179 2700 latio.
202 2644 320 2702 &osus
335 2641 480 2716 Apostoli
496 2648 555 2700 cst:
576 2638 654 2698 Nam
670 2658 706 2699 eo
722 2640 795 2718 ipso,
843 2641 889 2719 gis
901 2640 1029 2717 judicas,
1053 2660 1119 2700 cunr
1141 2645 1207 2719 ipse
1228 2640 1333 2701 eadem
1348 2640 1448 2699 facias.
1472 2639 1537 2699 Imo

98 2748 156 2807 quc
179 2727 273 2786 ulium
298 2726 418 2804 judicas
440 2736 627 2804 peccatorem
649 2732 679 2784 et
701 2733 796 2784 morte
843 2728 886 2787 sic
905 2726 1070 2805 judicando
1092 2730 1214 2807 gravius
1240 2728 1295 2786 tibi
1316 2727 1374 2806 ipsi
1391 2725 1537 2804 judicium

99 2813 229 2893 dignum,
242 2816 556 2893 consequenteretiam
568 2813 794 2872 tecondemnss.
843 2814 980 2873 accersis.
1009 2811 1149 2874 Ostendis
1172 2816 1250 2875 enirn
1265 2823 1296 2873 te
1311 2835 1372 2873 non
1394 2833 1432 2872 ex
1455 2812 1536 2890 igno·

97 2899 215 2960 Eadem
240 2901 319 2961 enirn
335 2919 413 2980 quae
431 2898 550 2979 judicas
566 2902 596 2959 iu
619 2899 684 2958 aliis
707 2896 794 2974 (sive,
842 2902 940 2960 rantia
962 2919 1097 2980 peccare,
1120 2903 1196 2962 sicut
1216 2902 1351 2982 plerique
1373 2897 1536 2978 gentilium,

97 2989 196 3068 tuqui
214 2985 336 3066 judicas
352 2983 449 3061 alios),
471 2987 536 3066 ipse
551 2986 616 3065 agis
631 2987 795 3065 volupes,
844 2986 896 3046 sed
918 2989 1058 3047 scientem
1082 2988 1315 3067 prudentemque
1337 2987 1539 3067 praevaricari

96 3074 145 3133 rel
161 3074 320 3134 voluntate
342 3073 448 3134 saltem
472 3092 507 3132 ac
527 3072 683 3133 desiderio.
706 3068 795 3150 Quod
843 3073 949 3152 legem.
973 3073 1115 3134 Continet
1129 3086 1228 3136 autem
1240 3077 1315 3136 haec
1330 3093 1400 3152 pars
1416 3093 1480 3132 cum
1492 3091 1537 3131 su·

95 3163 174 3220 eumn
185 3181 205 3219 a
216 3157 395 3241 quibusdam
406 3159 547 3232 abstines,
562 3158 593 3219 id
605 3158 679 3219 facis
690 3160 794 3217 timore
844 3162 953 3240 periori
975 3161 1189 3239 syllogismum,
1212 3170 1385 3241 argumento
1401 3179 1419 3218 a
1433 3159 1540 3218 minori

95 3266 225 3327 poem,
240 3266 329 3326 quam
345 3246 395 3306 lex
406 3248 543 3319 minatur,
557 3244 794 3306 autamorelau-
845 3247 1058 3318 substructum,
1087 3248 1272 3325 hujusmodi:
1303 3246 1455 3306 Judicium
1479 3244 1539 3305 Dei

95 3333 141 3393 dis
157 3334 317 3407 hnmanae,
341 3353 399 3393 non
415 3341 515 3394 autem
531 3353 629 3392 amore
648 3332 793 3412 justitiae.
845 3335 1007 3394 certissime
1019 3332 1149 3392 futurum
1162 3344 1206 3393 est
1217 3335 1362 3394 adversus
1375 3352 1475 3393 omnes
1488 3332 1539 3411 qui

94 3421 215 3502 Liquet,
240 3419 377 3501 apostolo
393 3419 499 3480 eedem
522 3438 589 3479 esse
607 3420 744 3498 judicare
767 3424 796 3474 et
844 3420 916 3479 talia
930 3421 1051 3479 faciunt.
1075 3427 1116 3480 At
1138 3429 1170 3480 tu
1192 3423 1265 3481 talia
1287 3421 1368 3491 facis,
1392 3439 1451 3479 non
1467 3438 1539 3497 quc-

94 3506 309 3579 coudemuare,
324 3526 389 3566 curn
405 3505 528 3566 altorum
540 3526 593 3586 per
605 3506 731 3566 alterum
744 3524 794 3563 ex·
843 3508 1066 3585 modocumque‚
1082 3507 1134 3566 aed
1151 3509 1249 3568 sciens
1264 3527 1300 3567 ea
1315 3527 1382 3566 esse
1397 3513 1538 3584 peccata3

92 3601 198 3674 ponat,
223 3595 300 3653 sicut
316 3601 346 3653 et
368 3592 446 3672 apud
463 3594 534 3652 Luc.
550 3613 614 3672 cap.
632 3596 660 3652 6.
677 3592 794 3651 dicente
843 3596 956 3673 quippe
970 3595 1021 3672 qui
1044 3594 1132 3652 etiam
1153 3594 1229 3653 alios
1244 3594 1386 3653 facientes
1404 3591 1538 3671 judicas:

92 3681 244 3742 Domino:
255 3681 361 3740 Nolite
371 3681 529 3756 judicare,
543 3687 587 3739 et:
600 3682 704 3740 Nolite
717 3698 794 3738 com·
843 3700 913 3758 ergo
929 3689 960 3738 tu
976 3680 1058 3739 nullo
1073 3679 1160 3739 modo
1177 3681 1300 3757 effugies
1316 3680 1375 3740 Dei
1386 3678 1539 3757 judicium,

92 3769 258 3828 damnare.
274 3766 380 3847 Itaque
385 3765 532 3841 judicium
541 3766 794 3826 condemnationis
842 3767 893 3825 scd
910 3767 999 3825 ctiam
1015 3767 1136 3844 gravisu
1159 3769 1285 3826 caeteris
1300 3767 1440 3845 punieris.
1464 3763 1539 3824 Sub·

90 3855 288 3933 significatur,
302 3862 336 3912 ut
350 3851 424 3912 alibi
436 3854 607 3932 saepissime
623 3854 655 3912 in
670 3854 793 3931 scriptu·
842 3852 990 3913 indicatur
1012 3861 1041 3912 et
1070 3854 1128 3913 hoc
1157 3859 1378 3931 argumentum:
1414 3852 1463 3909 'lu
1485 3851 1539 3911 tibi

89 3943 140 4001 ris.
167 3941 351 4020 Quanquam
367 3938 449 4019 quod
464 3940 507 3998 ait
521 3940 724 4013 condemnas,
750 3940 778 3996 in
842 3939 986 3999 vendicas
997 3940 1142 4017 judicium
1159 3941 1189 3999 in
1205 3941 1278 4000 alios
1294 3944 1471 4017 peccantes;
1489 3937 1539 4014 ju-

90 4028 189 4106 telligi
212 4025 305 4086 debet
327 4047 386 4085 non
409 4024 501 4085 verbo
521 4025 576 4085 sed
592 4024 678 4097 sacto,
701 4034 738 4097 et,
761 4031 794 4082 ut
843 4036 921 4084 stum
938 4027 1028 4104 igitur
1043 4035 1088 4086 est
1103 4034 1133 4085 ct
1147 4038 1186 4098 te,
1203 4027 1227 4085 si
1242 4025 1422 4105 peccaveris,
1437 4043 1456 4082 a
1471 4024 1538 4083 Deo

91 4113 205 4175 dictum
222 4119 278 4185 est,
295 4131 332 4172 ex
348 4113 557 4191 consequenti:
580 4119 726 4192 quatenus
743 4131 791 4170 ca·
838 4112 981 4190 judicari3
1004 4116 1179 4191 praesertim
1202 4134 1268 4172 cum
1291 4120 1322 4170 tu
1344 4110 1409 4170 falli
1432 4111 1539 4188 possis,

92 4200 161 4262 dem
177 4201 246 4281 agis
262 4218 342 4279 quae
353 4197 481 4277 judicas.
842 4219 897 4258 neo
908 4198 983 4258 illud
996 4202 1039 4258 tui
1051 4202 1090 4258 sit
1102 4200 1196 4270 officii,
1209 4200 1283 4258 alios
1291 4197 1441 4276 judicare:
1455 4198 1539 4255 Deus

131 4286 253 4348 Eodem
267 4285 377 4346 recidit
390 4285 550 4364 Aquinatis
566 4285 730 4363 expositio:
746 4291 793 4341 tc·
842 4294 938 4344 autem
954 4285 1119 4345 infallibilis
1133 4296 1163 4345 et
1178 4284 1409 4364 incorruptibilis
1425 4284 1464 4342 sit
1478 4303 1538 4342 orn·

89 4378 194 4451 ipsum
207 4373 415 4446 cottdemaas,
433 4369 522 4430 idest
538 4369 793 4430 condemnabilem
841 4373 922 4430 nium
941 4371 1046 4450 judex.
1093 4370 1196 4432 Obiter
1223 4381 1309 4443 uota,
1340 4371 1416 4429 sicut
1438 4369 1516 4428 hic'
1508 4390 1539 4428 ιιι

91 4459 234 4520 ostendis
266 4459 318 4524 Ex
334 4457 439 4517 data
425 4476 489 4534 Jam
512 4457 712 4537 explicatione
728 4476 792 4556 per·
842 4458 960 4518 Graeco
995 4479 1164 4538 synonyma
1201 4469 1271 4518 sunt
1303 4448 1452 4534 πράσσειν
1486 4446 1538 4513 καὶ

91 4547 212 4628 spicimr
227 4544 305 4606 illud
325 4545 576 4622 propterquod,
601 4535 790 4617 Graecedsb‚
842 4561 953 4620 ποιειν
977 4545 1199 4616 itaetLatina,
1223 4543 1482 4623 agereetfacere.

90 4626 135 4694 sd‘
121 4642 179 4694 em
192 4636 307 4708 igitur,
322 4630 474 4708 proinde,
491 4631 658 4709 significare
670 4629 791 4710 quidem
885 4635 914 4690 4.
940 4637 992 4692 Αιι
1013 4633 1143 4691 divitias
1166 4632 1316 4692 bonitatis
1337 4633 1403 4702 ejus
1427 4636 1457 4688 ct
1476 4649 1539 4704 po-

89 4720 250 4783 illationum
275 4716 429 4800 quandam
450 4736 490 4780 ex
504 4717 713 4799 superioribus,
736 4715 790 4776 sed
838 4720 970 4779 tientioc
996 4727 1025 4778 ct
1050 4720 1306 4796 longanimitatis
1334 4717 1538 4778 contemnis?
