3254 5190
143 290 214 357 160
638 278 870 333 COMMENTARIUS
890 281 919 333 ut
938 281 1005 335 ctr.
1024 282 1080 334 1111.

139 458 206 516 6611.
223 456 405 528 11666616,
423 453 528 532 inquit,
541 473 604 530 pro
618 473 836 530 6669666661-
885 456 977 528 liceri,
1001 458 1153 535 quoniam,
1178 459 1285 538 inquit,
1309 458 1580 518 ναι-6661611116·

138 543 345 603 mandaretur
368 542 542 601 1601161616
568 543 748 601 similitudo
764 560 836 600 cor·
885 544 976 602 dines
1002 545 1103 604 soleat
1126 563 1238 603 aarum
1261 563 1370 604 rarum
1399 544 1582 606 nominibus

140 630 837 706 6166666611,616666166661666666666661
885 634 1087 706 rsuuoupari,
1115 649 1252 706 quorum
1275 631 1392 692 similes
1417 637 1501 691 suut.
1532 630 1580 690 Se·

140 734 214 777 cero
238 718 370 791 peccati.
400 713 503 772 Utitur
529 714 634 775 eadem
660 714 837 774 collectione
885 715 991 788 cunda,
1008 716 1160 777 Christum
1177 720 1273 796 ipsum
1290 716 1428 796 intelligi,
1448 718 1503 796 qui
1518 736 1580 798 pec·

141 803 280 882 ‚t‘ulgens
297 801 347 860 lib.
371 800 408 860 de
425 801 535 860 incarn.
553 811 584 860 et
599 803 697 879 gratia
723 799 835 860 Christi
885 811 982 862 catum
1005 802 1127 872 dicatur,
1151 806 1224 884 quia
1248 803 1427 864 sacrificinm
1450 803 1510 863 tuit
1530 822 1581 882 pro

141 910 208 968 cap.
225 891 252 947 6.
883 890 1016 968 peccatis
1031 888 1173 961 oblatum,
1197 892 1275 949 sicut
1289 890 1398 950 dicitur
1414 895 1434 951 2
1452 888 1522 950 Cor.
1538 890 1580 949 5.:

182 978 225 1037 Et
238 976 275 1035 de
289 983 417 1051 peccato
433 974 601 1034 doornuuit
620 982 782 1049 paccatum
800 975 835 1032 16
885 977 981 1050 llum,
1006 978 1061 1051 qui
1083 995 1151 1036 nort
1166 984 1301 1036 noverat
1320 983 1501 1052 peccatum,
1522 994 1581 1051 pro

140 1081 245 1123 corne,
269 1064 355 1121 11666
372 1082 442 1141 pars
463 1060 667 1120 difficultatem
683 1061 782 1133 habet,
807 1067 837 1117 et
885 1062 975 1122 uobis
987 1071 1153 1137 peccatam
1166 1064 1252 1140 fecit.
1276 1064 1355 1123 Nam
1367 1062 1520 1123 sacrificia
1531 1082 1580 1141 pro
1621 1082 1626 1091 ·

141 1151 224 1209 varis
239 1151 406 1228 exponitur
424 1146 557 1226 Quidam
570 1146 652 1215 11161,
669 1147 747 1206 etde
760 1165 836 1221 pcc·
885 1150 1025 1228 peccatis,
1052 1159 1175 1227 peccata
1201 1150 1463 1229 appellabantur
1455 1171 1485 1209 m
1509 1149 1580 1227 lege
1624 1189 1627 1198 ·

140 1243 220 1311 6616,
245 1234 497 1315 praecedentibus
522 1233 701 1314 adjungunt.
733 1233 835 1292 Scien
886 1235 992 1294 Tertia
1006 1243 1164 1313 peccatum
1181 1236 1309 1315 intelligi
1321 1235 1522 1297 ludaeorum
1535 1235 1580 1295 De

141 1323 211 1414 dnm
234 1324 323 1395 enim,
347 1319 386 1392 id,
410 1319 521 1400 quod
513 1342 544 1379 ι6
560 1319 674 1379 Graeco
691 1329 745 1393 est,
767 1333 835 1394 περι
885 1341 945 1400 quo
961 1319 1114 1381 damnavit
1130 1323 1212 1381 Deus
1234 1333 1400 1401 peccatum,
1424 1326 1469 1382 611
1483 1324 1580 1400 Augu·

142 1402 309 1486 ἁμαρτίας,
342 1408 433 1467 61166
456 1408 533 1468 verti
559 1426 647 1487 posse
673 1403 835 1505 (quomodo
885 1408 1418 1488 611666661616666661666666,
1443 1409 1497 1491 qui
1520 1426 1582 1467 666
1619 1430 1625 1467 ι

141 1498 234 1576 Syrus
249 1490 422 1569 transtulit),
441 1501 576 1569 propter
588 1501 765 1568 precatum,
782 1494 836 1551 sci·
886 1494 1111 1568 crucifixerunt,
1134 1496 1245 1554 166166
1268 1504 1326 1568 est,
1353 1503 1387 1554 ut
1408 1494 1581 1576 sanguinem
1626 1533 1627 1536 =

141 1583 209 1644 licet
233 1580 425 1642 abolendum.
449 1579 499 1639 Sic
518 1581 597 1639 enirn
620 1590 650 1639 et
664 1581 772 1640 Petrus
796 1578 836 1636 16-
885 1601 969 1640 6666
983 1582 1226 1641 inremissionem
1239 1541 1580 1661 166116616666616666.
1625 1615 1627 1638 ι

141 1672 290 1750 quiturl.
314 1668 411 1746 Epist.
432 1668 475 1725 3.:
500 1668 641 1729 Christus
662 1668 755 1726 semel
774 1683 836 1743 pro
886 1669 951 1727 Has
972 1676 1033 1728 tres
1055 1669 1258 1748 expositiones
1280 1666 1381 1729 adfert
1395 1670 1581 1748 Augustinus

141 1759 276 1833 peccatis
291 1762 435 1814 mortuus
448 1761 498 1813 est.
516 1753 632 1814 Graece
633 1745 759 1830 ,ὑπὲρ
745 1762 837 1830 αμαρ-
885 1755 936 1814 111).
950 1758 977 1816 3.
994 1757 1127 1814 contrat
1155 1757 1241 1834 epist
1258 1753 1362 1833 Pelag.
1379 1774 1446 1835 cap.
1465 1753 1579 1834 6.;pri·

143 1846 223 1902 τιῶν.
246 1843 374 1904 Sensum
391 1841 484 1918 igitur
498 1841 577 1901 huno
593 1839 722 1901 faciunt:
747 1836 836 1919 Quod
885 1862 964 1903 mam
980 1850 1010 1902 61
1025 1841 1580 1902 6666616666ι618.166661)ι61)6
1625 1883 1627 1896 .

142 1931 203 2010 legi
216 1937 281 1990 erat
293 1927 485 2007 impossibile,
500 1929 591 1999 Deus,
607 1930 696 1987 misso
709 1927 838 1987 filiosuo
886 1930 974 2002 mini3
993 1930 1115 2009 primam
1125 1929 1228 2001 solam,
1240 1938 1355 2007 quaest
1369 1930 1420 1989 66.
1432 1928 1580 2000 6166811,
1619 1938 1621 1942 ’

142 2019 172 2077 16
195 2014 390 2078 similitudine
414 2016 510 2075 carnis
532 2016 721 2094 peccatricis,
748 2012 837 2093 idque
886 2014 1016 2075 661166
1032 2013 1126 2073 66166
1142 2034 1227 2074 serm.
1242 2017 1269 2073 6.
1286 2013 1324 2077 16
1339 2015 1441 2075 verbis
1457 2016 1561 2095 Apost

142 2111 268 2183 propter
289 2112 446 2182 peccatum
469 2100 701 2182 expugnandum
718 2111 748 2161 et
767 2099 837 2158 abo·
929 2101 979 2161 Ad
991 2103 1108 2161 tertiam
1120 2120 1294 2180 veroprope
1305 2101 1459 2161 accedunt
1470 2101 1579 2163 616116·
1618 2134 1624 2167 ;

142 2189 272 2261 166166,
287 2186 837 2268 166661116666616616666666166-
887 2209 951 2248 rum
967 2186 1115 2266 quaedam
1131 2189 1342 2267 expositiones,
1356 2196 1390 2246 ut
1405 2188 1461 2247 1116
1475 2188 1581 2249 Leonis

143 2277 212 2337 dem
226 2276 279 2335 filii
296 2277 351 2334 sui.
375 2274 576 2355 Juxtaquem
592 2292 713 2333 666666
730 2277 839 2334 intuta
887 2293 972 2334 serm.
992 2278 1039 2334 16.
1062 2273 1100 2332 16
1120 2276 1261 2353 passione
1279 2273 1417 2335 Domini:
1440 2276 1492 2335 De
1511 2292 1580 2353 pso·
1618 2308 1625 2325 ·

142 2361 265 2444 periodo
287 2380 387 2442 neque
410 2359 610 2440 supplendum
633 2362 691 2420 erit
706 2359 839 2433 verbum,
887 2368 959 2420 cato
981 2360 1150 2420 damnauit
1168 2367 1344 2436 peccatum,
1369 2360 1404 2419 id
1428 2368 1483 2436 est,
1507 2379 1581 2439 opus
1623 2411 1627 2420 .

143 2457 176 2509 ut
193 2469 283 2528 supra
298 2448 431 2518 1661666,
447 2466 545 2526 neque
561 2448 732 2525 conjunctio
749 2455 778 2505 et
794 2466 837 2505 re·
888 2446 1007 2506 diaboli
1030 2448 1067 2506 de
1091 2465 1183 2524 opere
1206 2447 1327 2506 diaboli
1352 2446 1458 2508 solvit.
1489 2447 1582 2509 Sentit

144 2536 279 2596 1661666
294 2533 456 2593 videbitur.
888 2534 965 2593 enirn
989 2528 1079 2609 (utin
1103 2534 1302 2614 sequentibus
1318 2532 1474 2612 explicat),
1501 2532 1579 2595 Chri·
1618 2572 1624 2583 ·

186 2622 290 2700 Hujus
306 2620 505 2698 expositionis
523 2621 721 2679 meminerunt
737 2618 838 2678 Theo·
888 2627 964 2678 6166
989 2619 1161 2681 dissolvisse
1183 2630 1345 2699 peccatum,
1371 2637 1410 2679 ex
1433 2641 1480 2694 eo,
1506 2617 1581 2701 quod
1618 2678 1622 2687 ,

143 2708 301 2788 phylactus
316 2716 346 2766 et
361 2704 576 2777 Oecumenius,
600 2726 658 2765 non
681 2704 839 2764 admodum
887 2704 1025 2766 diabolus
1041 2707 1137 2785 ipsum
1148 2707 1267 2779 invasit,
1283 2709 1314 2765 in
1329 2725 1391 2786 quo
1402 2707 1519 2768 nullum
1529 2706 1583 2767 1611

143 2804 243 2855 16666
255 2794 425 2874 probantes,
442 2790 692 2870 quemadmodum
703 2810 758 2850 666
769 2791 839 2850 mihi
886 2800 1048 2871 peccatum.
1073 2793 1150 2853 Item
1166 2793 1302 2853 Hervaei
1319 2793 1349 2851 in
1365 2794 1581 2865 commentario,

144 2883 293 2960 probatur.
318 2879 398 2938 Nam
422 2897 515 2937 oausa
537 2879 590 2937 filii
607 2886 725 2957 epatre
746 2879 839 2949 missi,
886 2878 1582 2958 661666666616166616616666660161611

144 2988 233 3048 quam
259 2965 385 3025 intendit
410 2964 581 3043 Apostolus,
608 2984 646 3024 ea
668 2972 724 3036 661,
750 2983 839 3043 quam
910 2984 941 3025 er
953 2966 1174 3044 metonymiam,
1189 2968 1261 3045 quia
1270 2967 1393 3044 peccati,
1408 2964 1440 3025 id
1454 2976 1510 3038 est,
1525 2986 1581 3026 666·
1621 3008 1624 3013 -

144 3054 223 3114 clare
233 3054 373 3131 exprimit
382 3050 481 3109 verbis
494 3051 702 3130 sequentihus:
724 3052 839 3124 Ullus·
887 2985 1168 3111 imicissimorum
1193 3053 1316 3113 effectus
1338 3051 1404 3111 tuit
1435 3054 1478 3112 111
1500 3050 1581 3113 Pauli

145 3139 620 3242 1116611616916166166616616
637 3135 840 3216 1161166661
888 3139 1066 3217 Burgansis,
1093 3147 1248 3218 peccatum
1271 3140 1451 3217 exponentis
1476 3140 1582 3219 passio·

144 3246 283 3286 nimirum
291 3233 452 3303 praestare
465 3222 540 3322 legi
535 3225 632 3283 luerat
640 3223 839 3321 impossibile,
888 3244 958 3285 nem
974 3223 1093 3296 Christi,
1109 3244 1189 3306 quae
1203 3244 1342 3304 magnum
1356 3224 1416 3284 1611
1429 3235 1583 3304 peecatum

144 3327 178 3373 ut
188 3311 313 3392 proinde
324 3331 395 3390 pars
412 3309 464 3368 1116
475 3300 543 3386 περὶ
557 3303 710 3386 ἁμαρτίας
722 3309 762 3369 61
773 3329 840 3368 eau-

145 3420 208 3459 sam
223 3399 372 3458 missionis
395 3395 584 3457 1611666166
607 3396 680 3455 nihii
697 3395 838 3456 conferat.

889 3331 928 3370 ex
943 3319 1028 3390 parte
1039 3311 1062 3371 J
1063 3310 1224 3371 udaeorum
1236 3332 1302 3371 666
1313 3310 1518 3386 inferentium,
1533 3310 1582 3372 661

889 3418 927 3457 ex
953 3406 1039 3476 parte
1067 3396 1177 3457 Christi
1202 3399 1352 3478 patientis,
1380 3397 1583 3458 condemnatio

188 3485 287 3545 Minus
299 3482 397 3543 adhuc
405 3483 505 3563 placet
514 3482 588 3542 illud
600 3502 645 3558 qu
638 3481 751 3542 66166
763 3482 840 3562 glos·
889 3483 948 3543 1611
963 3493 992 3542 61
1007 3483 1167 3543 destructio
1183 3487 1308 3563 peccati.

145 3591 235 3642 sema,
252 3591 370 3631 carnem
386 3571 501 3650 peccati
516 3577 547 3628 et
560 3569 599 3628 de
611 3579 734 3649 peccato
752 3570 840 3629 inter·

144 3659 292 3739 protentis
301 3677 419 3716 carnem
432 3658 635 3736 peccatricem,
648 3674 727 3733 quae
735 3655 841 3715 eadem

146 3765 184 3805 ex
200 3743 406 3824 peccatoribus
423 3754 486 3803 orta
502 3744 555 3817 sit3
572 3762 608 3801 ac
625 3742 650 3801 si
667 3741 747 3801 dicat
761 3742 842 3820 Apo·

145 3832 248 3904 616166,
271 3830 364 3889 filium
379 3829 438 3890 Dei
453 3829 579 3890 similem
594 3828 703 3887 166166
720 3828 842 3888 homiui·

144 3918 201 3977 bns
217 3916 435 3997 peccatoribus,
451 3919 502 3996 qui
519 3915 608 3976 iidem
624 3935 662 3974 ex
678 3914 841 3994 peccatori·

145 4005 203 4064 bus
219 4005 281 4064 6611
296 4012 371 4062 6661.
395 4004 462 4063 1166
485 4003 626 4083 placet,'
619 4021 748 4080 inquam,
770 4002 843 4080 quia

146 4091 329 4170 praepositio
349 4080 418 4167 περὶ
442 4110 501 4150 uon
524 4088 652 4149 admittit
674 4085 842 4165 hujusmodi

147 4178 429 4257 interpretationem.
454 4177 496 4234 Et
520 4177 636 4234 666166
658 4173 843 4253 probabilius

148 4272 200 4335 661,
216 4264 254 4323 61
270 4264 426 4344 sequentia
442 4261 629 4323 referendam
646 4280 712 4320 esse
727 4269 842 4339 partem

148 4351 237 4422 illam,
264 4350 354 4409 etde
374 4357 513 4426 peceato.
547 4348 604 4407 ilbi
629 4356 728 4407 16666
754 4347 843 4407 etiam

147 4439 279 4497 varietas
295 4437 403 4496 existit.

190 4522 280 4603 Apud
295 4523 494 4601 Augustinum
510 4530 570 4580 tres
586 4520 778 4579 inveniuntur
793 4539 843 4579 ex·

148 4612 323 4689 positiones,
345 4627 472 4689 quarum
486 4608 581 4687 prima
593 4615 646 4678 est,
661 4607 777 4685 peccati
792 4625 842 4665 no·

147 4698 226 4755 mine
247 4694 468 4755 similitudinem
492 4695 588 4754 carnis
615 4694 733 4773 peccati
752 4693 843 4771 signi·

934 3570 1045 3629 Verum
1057 3569 1226 3648 hujusmodi
1243 3570 1494 3650 expositionibus,
1510 3590 1583 3652 quae

890 3656 1066 3715 Latinorum
1082 3665 1158 3729 suut,
1173 3676 1274 3716 rursus
1289 3655 1369 3716 haud
1384 3656 1476 3718 166116
1490 3664 1585 3739 potest

890 3741 1105 3803 accommodari
1128 3742 1275 3803 Graecum
1295 3737 1375 3819 περί.
1399 3742 1472 3822 Quo
1494 3744 1538 3818 tit,
1556 3750 1586 3803 ut

891 3850 946 3888 nec
961 3828 1052 3888 61166
1069 3848 1171 3889 aarum
1187 3829 1308 3890 tradant
1323 3828 1432 3891 Graeci
1447 3832 1585 3911 iuterprs·

891 3916 1041 3976 taedam
1057 3935 1113 3974 666
1129 3936 1204 3994 opus
1217 3925 1281 3975 erat
1292 3915 1411 3986 addere,
1428 3920 1466 3975 irs
1480 3936 1584 3988 cum,

892 4002 917 4061 61
934 4008 1087 4082 peceatum
1103 4003 1194 4081 priori
1211 4002 1277 4062 loeo
1289 4011 1424 4061 sumatur
1438 4024 1495 4083 pro
1511 4004 1585 4065 simi·

890 4086 1015 4149 litudine
1038 4089 1135 4148 carnis
1160 4090 1286 4166 peccati,
1309 4087 1340 4148 id
1354 4097 1409 4161 661,
1431 4110 1487 4170 pro
1502 4108 1587 4151 carna

891 4174 1013 4247 Christi,
1024 4182 1057 4235 ut
1065 4174 1198 4234 habebat
1208 4175 1355 4234 dictarum
1364 4177 1585 4253 expositionum

913 4262 997 4321 rima.

892 4281 911 4340 p
935 4348 1029 4407 Porro
1045 4346 1225 4408 Graecorum
1249 4347 1468 4426 Chrysostomi,
1490 4347 1587 4409 Theo

892 4434 989 4494 doreti
1004 4433 1170 4493 stallorum
1194 4434 1358 4494 communis
1380 4435 1533 4513 expositio
1547 4442 1589 4494 est

893 4522 966 4580 ista:
996 4522 1046 4581 De
1069 4528 1198 4597 peccato
1221 4522 1393 4581 damnavit
1412 4527 1588 4597 perseum,

894 4608 949 4667 hoc
975 4609 1169 4686 6616666611
1192 4606 1404 4667 condemnavit
1426 4616 1589 4687 peccatum,

894 4694 1049 4772 ipsumque
1067 4692 1189 4754 sceleris
1204 4713 1287 4753 reum
1297 4694 1426 4773 peregit,
1441 4692 1589 4775 quodum
