3254 5190
665 288 705 341 su
724 287 878 344 neumae.
1316 275 1319 280 ’
1462 257 1490 362 '3

61 476 126 525 stum
145 465 370 546 propitiatorem
388 462 546 543 justificari
569 472 629 523 tam
648 467 742 544 genti·
792 460 930 524 monialis
954 461 1163 536 observarent,
1197 462 1246 522 hic
1270 484 1330 523 non
1351 465 1492 544 increpet,

61 553 96 612 las
117 573 201 634 quam
225 552 374 612 ludaeos.
794 553 870 612 sieut
892 552 922 610 in
946 552 1072 630 epistola
1101 549 1140 609 ad
1162 548 1303 625 Galatas3
1335 553 1408 609 ratio
1428 553 1493 628 jam

94 642 190 720 Atque
226 640 274 699 bio
307 645 403 697 status
437 647 482 697 est
516 644 547 698 et
579 638 745 717 principale
794 647 864 699 ante
895 637 973 696 dieta
1003 648 1057 697 cst.
1103 638 1181 696 Nam
1209 639 1336 716 gentiles
1365 639 1493 698 Romani

61 735 251 805 argumentum
274 725 441 805 Epistolae.
466 723 555 805 Quod
571 724 691 804 quidem
709 725 744 784 Β.
793 746 853 785 non
876 732 961 784 erant
983 724 1041 784 hoc
1062 726 1157 803 passi,
1187 724 1268 803 quod
1291 723 1434 797 Galatae,
1462 733 1494 782 ut

59 816 231 892 Augustinus
255 813 429 872 brevissime
447 812 620 890 perstrinxit
643 813 673 871 in
696 830 745 871 ex·
794 813 825 871 iu
854 811 951 889 legem
981 822 1012 870 et
1041 811 1296 870 circumcisionem
1325 831 1344 868 a
1365 810 1493 890 pseudo-

58 901 192 979 positione
206 897 391 979 quarundam
408 899 645 977 propositionum
657 898 746 976 hujus
795 897 937 978 apostolis
954 898 1196 958 traducerentur:
1215 897 1238 956 J
1239 897 1328 956 udaei
1343 916 1425 970 vero,
1443 897 1494 977 qui

58 987 200 1066 epistolae,
224 1005 313 1066 quum
329 984 405 1044 dixit
419 985 450 1043 in
467 1004 503 1044 ea
518 987 633 1045 versari
655 1004 746 1064 quac·
793 1005 904 1063 magua
927 1002 997 1062 pars
1019 991 1109 1044 erant
1136 1003 1237 1043 eorum
1260 982 1298 1042 ad
1321 1003 1395 1064 quos
1417 983 1495 1043 haec

57 1076 172 1132 sticrnem
208 1091 331 1151 operum
365 1070 441 1150 legis
465 1078 505 1131 et
533 1073 655 1150 gratiae.
701 1072 746 1129 Ac
795 1071 922 1152 epistola
940 1071 1084 1143 scribitur,
1103 1070 1141 1129 ab
1161 1072 1242 1130 avito
1263 1090 1345 1130 more
1365 1069 1496 1130 nondum

56 1180 160 1219 rursum
185 1161 217 1218 in
232 1159 329 1237 Epist
357 1158 427 1218 105.
452 1158 490 1216 ad
506 1158 622 1217 Sixtum
637 1159 746 1218 Roma·
795 1155 989 1221 abstrahendi
1019 1166 1104 1217 erant
1135 1152 1246 1236 (neque
1277 1158 1355 1217 enim
1378 1165 1494 1236 tempus

56 1267 115 1304 uum
136 1245 356 1326 presbyterum,
378 1250 486 1323 postea
504 1245 683 1323 pontificem,
706 1245 748 1303 ita
795 1238 991 1318 advenerat),
1019 1251 1132 1303 tautum
1156 1242 1285 1303 docendi
1307 1239 1401 1324 (quod
1424 1244 1496 1303 satis

56 1332 194 1392 scribens:
234 1333 284 1392 De
313 1335 438 1406 cratiae
473 1332 747 1392 commendatione
795 1332 852 1392 hac
874 1329 1000 1410 epistola
1022 1328 1142 1409 agitur),
1163 1350 1202 1389 ne
1226 1349 1263 1389 ex
1287 1330 1354 1409 lege
1374 1349 1495 1410 quoquo

56 1424 182 1480 mumma
195 1418 747 1495 6136116661666616116666161616
796 1416 884 1477 modo
913 1418 1060 1496 justitiam
1098 1424 1316 1496 exspectarent
1362 1415 1497 1497 Alioqui,

55 1506 204 1582 loquitur,
235 1505 371 1564 atinde
394 1524 424 1565 sa
451 1504 652 1580 praedicatio
682 1510 748 1578 ejas
795 1504 921 1563 Paulum
955 1525 1015 1564 non
1056 1505 1195 1563 docuisse
1229 1502 1445 1564 discessionem
1479 1521 1497 1560 a

56 1595 129 1651 relat
145 1612 166 1651 a
183 1594 289 1668 capite
306 1593 391 1653 orbis
414 1599 477 1651 toto
495 1591 568 1651 orbe
583 1593 747 1670 diffunde·
795 1591 881 1650 Mose
904 1609 1019 1664 eorum,
1050 1591 1101 1670 qui
1123 1610 1178 1669 per
1200 1598 1306 1668 gentes
1330 1600 1416 1651 erant
1438 1590 1494 1650 Ju-

55 1688 107 1737 rct:
122 1700 160 1738 ea
173 1686 220 1739 cat
235 1682 321 1737 caim
337 1697 402 1756 qua
413 1679 607 1755 justificatur
620 1682 746 1755 impius.
796 1676 945 1750 daeorum,
968 1676 1007 1736 de
1028 1696 1087 1758 qua
1110 1696 1143 1735 re
1165 1683 1271 1756 postea
1293 1677 1317 1737 J
1318 1677 1496 1756 erosolymis

56 1766 188 1826 Eundem
204 1764 340 1845 pluribus
363 1773 569 1844 argumentum
583 1765 670 1845 hujus
686 1767 747 1845 epi·
797 1772 952 1823 accusatus
974 1764 1032 1824 fuit
1046 1765 1112 1823 Act.
1131 1766 1191 1836 21,
1214 1763 1264 1823 vel
1283 1764 1353 1824 inde
1372 1770 1497 1836 constat,

55 1854 143 1912 stolae
168 1853 373 1932 explicantem
393 1851 522 1926 consule,
546 1854 571 1912 si
586 1853 693 1932 placet,
717 1854 748 1911 iu
797 1852 868 1932 quia
890 1851 1001 1930 passim
1024 1871 1089 1910 cum
1112 1849 1240 1910 Judaeis
1260 1851 1390 1912 Judaice
1412 1853 1495 1911 vive·

54 1940 134 2018 hujus
158 1938 308 2019 epistolae
330 1938 469 1999 inchoata
492 1941 694 2020 expositione,
718 1947 749 1998 et
795 1939 855 1998 bat.
901 1941 1020 2000 Factus
1035 1957 1115 2012 seem,
1138 1938 1243 2017 inquit,
1267 1939 1496 2000 ,11111αεί61611-

54 2028 109 2086 Lib.
136 2032 165 2085 l.
181 2026 222 2086 ad
238 2025 343 2106 Simpl.
366 2033 481 2106 quaest
506 2028 534 2086 2.
568 2026 626 2086 Est
648 2036 748 2087 autem
797 2044 893 2103 qaam
915 2025 1082 2089 Judaeus:
1104 2027 1143 2083 iia
1166 2027 1220 2100 qui
1242 2024 1299 2082 aab
1322 2026 1387 2101 lapc
1410 2033 1495 2100 suat,

54 2113 118 2174 baec
140 2133 215 2173 vera
238 2133 275 2172 ac
296 2131 438 2192 germana
468 2111 507 2173 de
532 2113 747 2193 justificatione
797 2115 888 2189 quasi
910 2112 966 2172 aab
989 2112 1054 2187 lcpe
1077 2130 1179 2171 essem.
1210 2115 1226 2170 1
1251 2108 1320 2170 Cor.
1346 2116 1372 2174 9.
1412 2112 1493 2192 Quo·

54 2200 196 2273 doctriua,
227 2219 288 2259 non
311 2218 389 2279 quae
419 2218 510 2279 opera
531 2209 633 2261 nostra
655 2220 674 2260 a
695 2220 743 2260 ne·
797 2201 878 2259 circa
899 2198 1034 2258 ,Iacobus
1056 2197 1221 2278 Apostolus
1252 2197 1291 2257 de
1319 2201 1495 2259 accusatori·

55 2290 126 2365 gotio
146 2287 370 2364 justificationis
399 2285 570 2365 simpliciter
600 2286 747 2361 excludat,
796 2285 851 2344 bus
868 2285 949 2362 ejus:
974 2287 1016 2344 Et
1031 2288 1139 2360 sciam,
1157 2285 1254 2364 inquit
1268 2286 1304 2357 ei,
1321 2289 1398 2360 quia
1414 2304 1495 2362 quac

54 2383 82 2431 ut
101 2374 221 2433 sectarii
244 2372 353 2433 volunt
375 2368 535 2452 (siquidem
550 2376 659 2454 etipsa
673 2372 747 2435 fides
796 2373 834 2430 dc
851 2379 879 2430 ta
895 2372 1080 2446 audieruut,
1103 2371 1191 2448 salsa
1205 2379 1287 2430 auat.
1412 2442 1416 2451 ¹

56 2480 120 2540 opus
143 2461 296 2540 quoddam
329 2467 461 2519 nostrum
492 2457 563 2539 est),
593 2461 646 2521 sed
669 2480 747 2540 quae
839 2456 1008 2537 Occupatur
1030 2457 1142 2517 Paulus
1172 2457 1202 2515 in
1233 2466 1408 2536 argumento
1434 2478 1494 2518 me·

57 2565 71 2603 a
86 2548 305 2625 juratificatione
327 2555 480 2605 removeat
503 2566 595 2627 opera
616 2549 680 2607 siva
704 2546 746 2608 le·
795 2553 907 2604 morato
922 2544 961 2623 ab
978 2545 1062 2605 initio
1081 2543 1224 2625 epistolae
1243 2564 1339 2624 usque
1355 2544 1495 2605 adfinem

56 2635 102 2710 gis,
124 2636 190 2695 sive
211 2641 347 2706 naturae,
368 2631 459 2692 fidem
476 2633 694 2714 praecedentia,
717 2643 748 2694 et
796 2631 902 2711 capitis
925 2631 1084 2691 undecimi.
1108 2631 1272 2711 Postquam
1296 2633 1374 2691 enim
1393 2631 1496 2692 docuit

56 2723 166 2780 omnino
190 2740 229 2781 ea
247 2738 326 2800 quae
341 2738 401 2778 non
421 2727 489 2779 suut
504 2738 542 2783 ex
556 2719 623 2781 fide.
648 2719 747 2799 Quam
797 2736 899 2778 omnes
921 2718 976 2777 sub
1000 2726 1124 2797 peccato
1148 2737 1224 2792 esse,
1247 2738 1302 2778 neo
1325 2717 1435 2778 habere
1457 2717 1495 2778 de

57 2808 177 2885 apostoli
199 2814 329 2866 mentem
347 2824 416 2865 esse
436 2807 581 2887 exipsius
601 2806 746 2886 epistolae
796 2825 853 2887 quo
870 2804 1047 2882 glorientur:
1070 2804 1179 2864 deinde
1196 2803 1409 2884 postmodium
1429 2826 1493 2885 cap.

56 2912 210 2973 progressu
232 2891 351 2974 planius
374 2890 491 2953 evadet
535 2893 628 2953 Porro
652 2892 746 2973 liquet
796 2893 824 2952 3.
844 2909 927 2950 suam
945 2890 1110 2951 doctrinam
1128 2889 1166 2950 de
1185 2893 1315 2970 gratuita
1331 2910 1386 2971 per
1403 2890 1494 2951 fidem

57 2998 89 3039 ex
110 2980 216 3051 dictis,
247 2982 277 3039 in
298 2980 355 3039 hac
383 2978 510 3057 epistola
539 2982 659 3061 proprie
686 3000 746 3040 nou
791 2978 1014 3057 justificatione,
1037 2978 1176 3056 gentibue
1196 2998 1291 3060 aeque
1310 2997 1346 3037 ac
1364 2977 1494 3039 Judaeis

56 3067 161 3125 versari
180 3067 397 3146 quaestionem,
419 3084 497 3145 quae
514 3067 546 3125 in
561 3066 688 3147 epistola
706 3064 746 3125 ad
796 3065 896 3125 oblata
925 3065 1064 3144 exponit:
1099 3085 1225 3145 eamque
1256 3075 1360 3146 quarto
1392 3066 1491 3145 eapite

55 3151 174 3213 Galatas
197 3153 324 3232 scripta:
346 3170 417 3211 num
436 3150 621 3213 adsalutem
642 3171 744 3214 neces·
795 3153 948 3212 confirmat
970 3151 1008 3211 ab
1031 3150 1166 3230 exemplo
1190 3151 1340 3211 Abrahae.
1375 3151 1417 3211 Ut
1439 3171 1490 3211 au·

56 3241 126 3298 saria
160 3241 199 3299 sit
222 3238 389 3300 observatio
419 3236 495 3318 legis
528 3238 745 3299 caerimonialia
794 3247 852 3300 tem
867 3238 925 3297 hoc
936 3236 1046 3298 Christi
1057 3237 1233 3297 beneficium
1248 3241 1342 3318 magis
1353 3237 1490 3314 illustret,

56 3323 137 3385 datae
159 3345 215 3405 per
228 3325 345 3398 Mosen,
367 3331 401 3384 ut
423 3324 547 3403 proinde
561 3327 698 3407 gentiles,
720 3327 745 3385 ei
795 3326 940 3405 originem
970 3323 1067 3402 prodit
1098 3326 1212 3403 peccati
1234 3327 1264 3384 in
1287 3324 1414 3385 humano
1436 3344 1486 3405 ge·

56 3411 124 3472 salvi
136 3431 205 3473 case
219 3410 744 3493 vellenteamsuaoiperedebeant?
795 3432 881 3483 nere,
912 3411 1039 3489 ejusque
1068 3409 1256 3490 tyrannidem
1286 3411 1441 3485 describit,
1472 3434 1490 3472 a

57 3498 163 3558 sedda
186 3499 255 3579 lege
284 3497 390 3559 morali
419 3495 649 3577 disputationem
672 3518 745 3574 esse,
795 3520 855 3579 qua
876 3517 931 3576 per
953 3493 1065 3556 Christi
1086 3495 1210 3575 gratiam
1230 3496 1398 3557 liberamur.
1429 3499 1491 3558 Ista

58 3605 140 3663 quam
164 3583 277 3646 Judaei
306 3586 447 3663 scriptam
475 3585 506 3644 in
527 3584 638 3645 tabulis
660 3604 744 3646 acce·
796 3584 968 3663 exsequitur
990 3603 1053 3662 cap.
1078 3584 1105 3641 5.
1128 3585 1155 3641 6.
1177 3592 1206 3642 et
1228 3586 1254 3642 7.
1277 3584 1357 3643 Hinc
1379 3604 1444 3664 cap.
1460 3587 1488 3643 8.

58 3681 162 3748 perant,
185 3672 313 3751 gentiles
328 3680 444 3731 tantum
455 3673 560 3731 animis
575 3674 746 3751 impressam
795 3673 922 3752 repetita
944 3669 1148 3747 magnitudine
1170 3668 1309 3729 beneficii
1330 3690 1384 3749 per
1407 3670 1490 3732 Chri·

58 3759 203 3835 gerebant
235 3758 444 3840 Quaerebatur
466 3759 551 3830 enim,
575 3778 613 3819 an
636 3778 673 3818 ea
694 3758 746 3817 lex
796 3767 872 3817 stum
895 3754 1028 3828 exhibiti,
1051 3756 1183 3816 declarat
1206 3755 1353 3829 ordinem,
1376 3759 1436 3816 vim
1460 3765 1491 3816 et

59 3846 115 3903 sire
138 3848 257 3925 scripta
280 3848 344 3904 siue
359 3844 448 3904 insita
465 3846 628 3923 justificare
646 3853 747 3925 posset
797 3844 956 3904 efficaciam
979 3841 1099 3903 divinae
1129 3842 1416 3922 praedestinationis.
1462 3844 1490 3902 A

58 3929 207 4005 hominem,
230 3941 263 3991 ut
285 3929 431 4010 ejusmodi
450 3932 564 4007 justitia
587 3951 745 4011 praepara·
796 3951 855 4010 qua
879 3930 1004 3988 transitu
1025 3929 1103 3988 facto
1127 3927 1166 3987 ad
1185 3928 1368 3988 ludaeorum
1391 3951 1489 4009 repro·

58 4026 107 4088 tus,
130 4020 277 4079 donorum
299 4039 335 4077 ae
357 4018 575 4097 premissorum,
599 4037 676 4096 quae
699 4038 745 4076 se·
795 4017 954 4088 bationem,
977 4037 1046 4075 mox
1069 4016 1107 4076 de
1131 4025 1254 4095 utraque
1273 4017 1303 4074 in
1318 4016 1490 4076 universum

57 4124 116 4163 cum
138 4106 238 4166 adfert
252 4104 459 4183 Evangelium,
481 4107 630 4183 particeps
652 4105 747 4163 fieret.
796 4103 922 4170 disserit,
946 4111 975 4161 et
997 4104 1038 4161 ita
1057 4102 1183 4183 quidem,
1207 4111 1238 4161 ut
1256 4111 1316 4160 tam
1336 4103 1491 4162 electionis

57 4189 238 4253 Potissimum
272 4204 372 4251 tamen
410 4188 449 4248 ad
481 4190 577 4269 legem
612 4190 748 4269 decalogi
797 4211 884 4270 quam
904 4189 1120 4268 reprobationis
1140 4209 1258 4248 causam
1278 4190 1307 4247 in
1325 4190 1418 4249 solam
1431 4189 1492 4248 Dei

57 4282 170 4359 respicit
190 4279 362 4360 apostolus,
384 4287 506 4356 propter
528 4276 672 4349 Judacos,
696 4279 748 4355 qui
797 4277 907 4337 referat
940 4274 1131 4335 voluntatem.
1177 4275 1282 4354 Capite
1313 4277 1360 4336 10.
1390 4295 1490 4335 rursus

58 4365 142 4427 iuilla
159 4367 300 4427 fiduciam
309 4364 446 4444 justitiae
458 4364 645 4423 collocabant
655 4363 747 4422 multo
793 4365 953 4442 justitiam,
984 4383 1061 4443 quae
1089 4383 1126 4421 ex
1148 4361 1207 4422 fide
1235 4372 1295 4437 est,
1323 4383 1342 4421 a
1364 4363 1491 4422 Judaeis

58 4456 182 4534 amplius,
207 4474 300 4535 quam
324 4450 450 4529 gentiles
474 4453 503 4510 in
526 4450 593 4528 lego
617 4459 749 4520 naturae,
798 4453 977 4529 ignoratam,
1011 4459 1073 4509 toto
1097 4450 1169 4509 orbe
1192 4448 1392 4527 praedicatam
1415 4469 1491 4508 com·

56 4543 130 4619 eujus
152 4564 183 4603 se
206 4539 375 4601 multitaria
398 4545 632 4617 transgressores
655 4537 750 4597 fuisse
798 4535 926 4596 mandat.
951 4538 1091 4615 Denique
1108 4536 1265 4595 undecimo
1286 4539 1391 4615 capite,
1415 4555 1491 4616 quae

55 4624 133 4691 tede
161 4629 323 4690 videbant
377 4623 439 4685 Cur
472 4632 570 4684 autern
600 4643 666 4698 eos,
700 4625 750 4705 qui
799 4623 837 4683 de
859 4624 962 4703 populi
985 4623 1106 4683 ι16116161
1135 4624 1345 4702 reprobatione
1368 4623 1492 4696 dixerat,

57 4715 307 4780 circumcisionem
338 4731 375 4772 aa
403 4718 522 4771 caetera
550 4711 627 4790 legis
657 4714 748 4771 caeri-
799 4713 842 4771 ita
870 4710 1000 4789 mitigat,
1028 4718 1061 4768 ut
1089 4710 1195 4770 doceat
1224 4709 1365 4790 reliquias
1396 4730 1434 4770 ex
1456 4729 1491 4770 eo

1241 4807 1286 4875 18
