3254 5190
436 300 691 355 tristamini
710 299 897 355 contitutus.
932 298 1017 355 ltus.
1037 300 1076 351 ll.
1097 299 1137 351 12.
1431 303 1501 371 561

79 476 161 551 Vide,
186 496 266 558 quae
280 475 544 539 commutabimur
559 478 590 539 iu
604 479 690 557 epist
706 475 763 537 Ju·
812 474 1032 538 Tertullianus:
1050 477 1088 536 ia
1101 491 1178 550 quor
1184 516 1195 550 ,
1219 473 1328 551 iuquit,
1350 471 1429 548 tlara
1450 491 1505 532 ae·

80 562 219 625 dsoveru
238 564 267 623 δ.
285 570 315 624 et
330 564 358 623 9.
812 580 927 624 uorum
949 563 1179 636 ascumram5
1210 557 1357 621 adversus
1379 560 1505 621 Marcio-

112 655 159 711 11.
182 651 272 710 Haec
284 657 390 711 autam
401 652 512 711 omnia
523 654 558 711 ia
570 651 675 728 lipara
687 669 764 711 coa·
812 670 881 710 nem
890 647 955 710 loco
964 650 1048 729 prius
1056 649 1158 720 citato,
1166 655 1197 707 et
1207 644 1508 707 advorsusPruxeam

77 736 232 815 muctam
254 736 328 797 illis.
364 736 426 797 Hic
445 756 563 798 rursum
579 737 696 798 Graece
718 744 766 796 est
813 756 877 815 cap.
896 739 945 796 16.
982 736 1040 795 Est
1060 742 1162 795 autem
1177 735 1208 793 in
1223 732 1270 792 his
1285 732 1386 792 verbis
1402 732 1507 812 hypal-

77 816 150 883 u'rrot
163 823 299 901 liparae,
323 824 432 903 plurali
446 844 585 898 numero,
600 826 689 885 Haeo
702 841 764 884 aa·
812 823 889 901 lego.
913 822 992 883 Nam
1007 830 1088 881 recto
1102 820 1207 880 ordine
1222 816 1385 878 diceretur:
1411 820 1464 898 qni
1479 820 1510 877 iu

77 918 126 971 tou
142 913 254 972 omaso
267 910 400 987 ficuum,
417 908 449 970 id
463 919 518 984 est,
533 920 675 991 tauquam
690 909 765 988 figo·
812 910 887 969 lines
901 906 1103 980 macularum,
1129 907 1160 966 id
1184 914 1244 977 est,
1270 907 1301 965 in
1320 905 1422 964 ultima
1436 913 1508 964 tern-

78 1015 127 1070 uc,
139 997 368 1072 watiaarbaat
383 997 457 1071 illis,
474 1017 510 1057 ac
526 996 663 1057 sidicat:
679 996 765 1055 Hucc
812 1015 887 1075 pora
901 992 1020 1067 mnudi,
1040 993 1207 1054 incidimus.
1229 990 1374 1052 Ultimum
1396 993 1510 1071 quippe

79 1082 470 1165 omsiuquaoillisantiquis
483 1084 645 1163 contigisse
655 1101 764 1143 memo·
813 1081 914 1141 muudi
942 1088 1071 1142 aetutem
1098 1078 1262 1159 siguificat,
1289 1097 1369 1158 quae
1395 1077 1433 1137 ab
1459 1076 1510 1138 ad·

79 1169 143 1243 uvi,
166 1169 290 1231 luerunt
304 1171 389 1250 typi,
409 1170 537 1251 figurae,
559 1190 613 1231 ssu
634 1168 766 1229 tabellae
813 1178 907 1230 ventu
932 1166 1045 1227 Christi
1064 1165 1254 1247 protenditur
1280 1163 1433 1243 usquead
1448 1184 1511 1225 sae·

80 1255 216 1335 quasdam
245 1258 443 1336 praenuntiae
474 1277 591 1331 eornm,
626 1275 705 1336 quas
735 1256 766 1315 iu
814 1254 874 1315 cnli
889 1257 1183 1315 consummationem.
1221 1251 1358 1312 Eandem
1375 1249 1512 1311 Joanues

81 1342 194 1405 celaia
208 1341 324 1403 Christi
340 1345 555 1422 contingerent
593 1340 664 1423 Qua
679 1342 717 1403 de
732 1362 765 1401 re
813 1352 903 1402 vocat
926 1343 1119 1403 novissimam
1139 1340 1258 1410 horam,
1284 1343 1310 1399 1.
1334 1339 1420 1416 epist
1437 1340 1466 1397 2.
1483 1346 1513 1399 ot

81 1426 250 1510 lshugust
266 1429 319 1490 lib.
337 1434 386 1493 22.
403 1440 503 1491 cauma
515 1431 617 1490 Faust.
634 1450 698 1509 cap.
714 1431 766 1489 24.
813 1448 931 1489 rursum
952 1428 1081 1503 Paulus,
1105 1426 1389 1487 consummationem
1408 1443 1511 1485 saecu·

81 1514 164 1591 ltro,
195 1517 308 1597 iuquit,
345 1518 476 1578 illoram
504 1519 668 1578 bominum
698 1534 766 1576 aaa
813 1515 926 1588 lorum,
948 1514 1029 1575 Heb.
1049 1517 1078 1575 9.
1111 1512 1181 1575 Ηοο
1207 1521 1305 1572 sutem
1327 1519 1445 1590 tempus
1468 1521 1515 1572 est

83 1608 194 1665 ustam
215 1604 360 1681 linquam
369 1649 380 1678 ,
408 1623 519 1665 varam
546 1606 642 1664 ctiam
665 1607 766 1663 vitam
815 1601 1002 1663 decurrentis
1017 1600 1171 1671 ecclcsiae,
1188 1619 1248 1678 quo
1260 1595 1429 1677 implendae
1443 1609 1515 1659 suut

82 1688 163 1765 {titre
175 1692 416 1768 propheticam
440 1698 600 1767 totumque
616 1689 698 1749 illud
713 1707 766 1749 rr·
814 1689 929 1768 tigrium
936 1689 1254 1767 priorumtemporum.
1277 1684 1425 1765 Loquitur
1437 1686 1515 1746 euim

84 1792 168 1851 paam
197 1781 300 1853 acatis
334 1778 573 1851 Hebraeorum,
610 1793 768 1852 macarem
815 1773 978 1856 Apostolus
993 1797 1053 1836 uon
1068 1772 1367 1853 tantumiupersoua
1382 1769 1514 1832 fidelium

84 1863 247 1939 maldam,
283 1867 359 1942 quia
390 1873 419 1924 rt
448 1866 559 1940 mapm'
589 1864 766 1938 cuiusdam,
816 1864 865 1922 sni
890 1864 1048 1941 temporis,
1081 1860 1134 1921 sed
1162 1869 1192 1920 et
1217 1879 1334 1931 eorum,
1363 1858 1416 1937 qni
1445 1866 1515 1937 post

85 1948 166 2025 isim
180 1952 385 2027 Prophetam.
409 1952 460 2013 Sic
478 1950 537 2011 ille
561 1950 655 2010 Porro
672 1948 766 2011 codex
815 1950 907 2011 futuri
923 1960 1010 2009 eraut
1025 1967 1121 2029 nsque
1136 1944 1176 2007 sd
1196 1945 1285 2007 tinem
1307 1942 1429 2007 saeculi
1465 1945 1515 2006 De

84 2051 147 2097 tuus
160 2047 193 2099 ct
207 2036 283 2099 alter
296 2037 472 2098 observatus
487 2048 545 2111 est,
571 2039 604 2097 iu
619 2057 679 2117 qno
696 2036 766 2096 scri·
816 2038 873 2097 hac
899 2035 1002 2115 phrasi
1028 2034 1202 2113 Scripturas
1233 2031 1322 2112 plura
1348 2033 1482 2111 reperies
1496 2049 1520 2107 a·

85 2130 153 2201 ptum
173 2132 270 2185 esset:
292 2126 429 2193 τυπικῶς
452 2115 624 2199 συνέβαινεν
644 2116 767 2195 αὐτοῖς,
818 2123 904 2183 nobis
916 2130 1060 2181 annotata
1072 2118 1113 2181 od
1127 2118 1239 2181 dictum
1251 2137 1316 2198 cap.
1334 2121 1362 2179 9.
1375 2117 1460 2196 epist
1475 2114 1516 2177 ad

86 2204 185 2284 idest,
211 2212 314 2289 typice
337 2230 391 2272 seu
411 2211 581 2288 fiparatioc
603 2212 768 2284 coatiape·
817 2208 984 2271 Hebraeos.

86 2292 235 2358 latratu
259 2295 320 2359 Sed
334 2299 389 2379 qui
404 2299 448 2359 ita
463 2299 597 2377 scripsit,
617 2296 768 2377 explicare
863 2297 911 2354 12.
934 2295 1048 2370 Itaque
1064 2294 1120 2369 qai
1134 2310 1165 2353 aa
1181 2294 1341 2352 existimat
1354 2296 1449 2365 stare,
1465 2291 1516 2350 vi·

85 2380 176 2458 uluis,
184 2382 266 2465 quod
278 2383 316 2444 ab
328 2384 477 2464 Apostolo
489 2384 645 2444 obscurius
657 2382 769 2443 dictum
818 2383 909 2456 dect,
932 2400 973 2441 me
994 2380 1097 2440 cadat.
1134 2377 1258 2439 Scilicet
1281 2376 1383 2437 ulieuo
1409 2383 1516 2436 cautus

86 2466 243 2533 vilebatur.
266 2470 345 2532 Erat
365 2473 446 2532 enim
468 2471 550 2550 prior
571 2468 624 2530 ille
638 2466 769 2549 populns
818 2467 968 2546 exemplo.
1003 2464 1161 2546 Significat
1181 2467 1270 2539 enim,
1299 2481 1443 2544 quorsum
1469 2481 1516 2523 su·

85 2560 152 2616 tatur
164 2557 344 2637 figurativus
366 2577 403 2617 ac
424 2556 615 2638 propheticus
629 2562 770 2635 respectu
818 2555 937 2635 periore
952 2552 992 2613 de
1005 2550 1150 2613 lsrublitis
1166 2550 1334 2615 adduxerit.
1357 2550 1400 2610 Et
1414 2569 1516 2630 quam·

84 2640 353 2723 populiChristiaui.
367 2641 473 2704 Obiter
482 2643 636 2716 admoneo,
648 2642 679 2705 S.
689 2641 770 2702 'Pho-
818 2643 867 2703 vis
881 2640 1032 2702 sententia
1045 2638 1197 2718 gerulis
1221 2646 1281 2712 est,
1308 2645 1408 2698 tamen
1431 2655 1518 2714 prae·

83 2744 149 2797 Bm
160 2731 277 2811 passim
292 2729 458 2791 inflamma
469 2729 658 2808 Theolcgica
669 2728 771 2806 legere
819 2731 910 2808 cipue
935 2734 1022 2788 notat
1049 2745 1115 2799 eos,
1144 2725 1198 2806 qui
1222 2725 1367 2785 scientiae
1396 2723 1518 2782 nomine

84 2824 180 2895 quarto
196 2834 291 2878 musa
302 2819 338 2877 ia
348 2816 498 2894 piperum,
515 2824 549 2875 ut
566 2821 593 2877 1.
609 2818 638 2875 2.
654 2823 770 2896 quaest.
821 2814 879 2876 sibi
899 2814 1071 2894 placentes,
1097 2830 1166 2873 cum
1188 2810 1392 2873 destmctioue
1417 2809 1518 2889 proxi·

84 2902 143 2965 192.
165 2910 220 2963 art
238 2903 268 2963 2.
283 2911 315 2963 ot
330 2906 358 2964 6.
381 2911 414 2965 ct
436 2911 550 2983 quaest
576 2903 646 2963 103.
669 2909 723 2961 art.
742 2905 769 2959 1.
819 2920 932 2963 morum
947 2908 979 2961 et
993 2897 1185 2960 idololatriae
1199 2896 1341 2979 periculo,
1357 2895 1439 2957 cibos
1454 2895 1517 2956 ido·

84 2996 233 3070 aquaost.
252 2989 322 3050 104.
344 2998 401 3051 art
423 2990 453 3049 2.
477 2991 548 3049 item
563 2990 592 3047 2.
608 2992 636 3051 2.
652 2996 769 3067 quaest
819 2987 857 3047 lis
891 2984 1062 3048 immolatos
1093 2982 1305 3046 comedebant:
1340 2981 1379 3043 de
1409 2982 1518 3061 quibus

84 3072 124 3135 tr.
138 3084 192 3137 art
212 3081 241 3137 1.
264 3074 353 3156 Quas
368 3074 457 3137 lectio
473 3075 512 3135 ad
527 3094 647 3135 sensum
662 3074 772 3135 clarior
820 3073 942 3135 dixerat
952 3092 1017 3152 cap.
1034 3071 1063 3130 8.
1089 3074 1124 3134 Si
1138 3073 1208 3149 qais
1223 3089 1253 3131 sc
1269 3072 1426 3131 mutimat
1440 3071 1519 3130 scire

84 3172 127 3223 α
146 3161 235 3225 Idem
249 3163 397 3223 tamenin
419 3162 630 3224 commentario
647 3160 722 3239 legit
735 3161 772 3220 ia
821 3159 963 3236 aliquid,
987 3156 1134 3218 meadum
1149 3159 1297 3233 copaonit
1310 3155 1519 3233 quemadmo-

84 3244 188 3324 ipura.
821 3247 898 3307 dam
914 3252 1059 3322 oporteat
1078 3262 1150 3304 ram
1172 3247 1259 3304 scire.
1296 3239 1346 3303 Ad
1367 3241 1425 3301 hoc
1440 3242 1520 3303 euim

116 3336 244 3413 Scripta
257 3343 333 3396 aaut
355 3343 460 3396 autem
481 3335 525 3394 ad
540 3335 771 3409 correptionem
821 3352 899 3393 nnnc
913 3352 932 3392 a
945 3330 1131 3411 digressione
1143 3331 1312 3391 revertitur.
1327 3326 1517 3400 Etobsorvu,

85 3428 224 3483 scuram
248 3419 364 3483 Graece
388 3412 468 3498 πρὸς
483 3412 643 3480 νουθεσίαν
673 3410 771 3497 ἡμῶν,
821 3417 951 3479 Paulum
966 3438 1026 3478 nou
1041 3415 1159 3491 dicore,
1183 3419 1240 3493 qai
1254 3423 1317 3477 stat
1323 3460 1333 3491 ,
1350 3414 1403 3476 sod
1418 3418 1474 3491 qai
1488 3433 1519 3475 se

85 3506 118 3565 ad
140 3527 195 3569 ssu
219 3516 356 3585 propter
381 3509 634 3568 admonitionem
659 3509 771 3580 nostri,
823 3507 983 3567 existimat
992 3512 1090 3577 stare,
1103 3500 1229 3574 Graece,
1242 3494 1258 3561 ὁ
1272 3498 1370 3561 δοκῶν
1382 3491 1518 3575 ἑστάναι,

84 3608 128 3669 tto
149 3614 210 3675 quo
232 3595 441 3656 Tertullianus
463 3595 507 3653 ud
530 3594 773 3655 commonendos
823 3591 905 3671 quod
919 3592 1064 3651 Erasmus
1080 3598 1112 3650 et
1126 3589 1178 3650 alii
1196 3597 1317 3649 vertunt
1332 3607 1421 3647 sensu
1437 3607 1518 3667 pror

84 3692 147 3757 tot,
173 3680 227 3743 lib.
243 3683 273 3743 5.
296 3681 440 3742 adversm
456 3680 550 3740 Marc
568 3699 631 3759 cap.
649 3680 677 3738 7.
700 3679 771 3741 Seu·
823 3698 874 3739 sus
890 3676 1011 3751 eodem,
1025 3678 1081 3755 qui
1096 3675 1153 3736 sibi
1168 3676 1294 3736 videtur
1308 3683 1400 3735 stare.
1432 3673 1521 3733 Multi

84 3780 142 3828 tus:
160 3774 196 3828 ut
209 3768 247 3827 iis
262 3767 347 3830 lectis
370 3766 420 3827 vel
443 3767 552 3829 auditis
567 3765 711 3827 admoniti
726 3786 772 3826 sa·
822 3783 952 3844 namque
967 3763 1025 3824 sibi
1037 3774 1117 3825 stare
1128 3761 1278 3836 vidontnr,
1293 3763 1347 3841 qui
1360 3781 1419 3820 non
1430 3767 1518 3819 stant

77 3849 211 3931 pluma,
240 3872 280 3913 ue
308 3855 446 3917 similiter
475 3860 636 3933 peccantes
665 3852 774 3913 similia
822 3851 945 3911 Fallunt
960 3852 1039 3910 euim
1062 3849 1258 3928 semetipsos,
1285 3856 1340 3909 aut
1361 3856 1441 3907 certo
1463 3844 1518 3904 fal·

82 3941 233 4017 pctiumur.
823 3939 931 3999 lnntur.
956 3936 1072 4018 Quales
1084 3936 1187 4015 utique
1198 3942 1289 4008 erant,
1306 3953 1382 4015 quos
1395 3930 1520 3992 inflabat

116 4028 160 4089 Iu
172 4045 253 4106 quos
267 4028 345 4102 pinos
356 4028 554 4087 saecularum
567 4025 772 4086 devocemur.
822 4025 966 4096 scientia,
983 4024 1106 4084 caritate
1120 4020 1277 4082 destitutos
1293 4019 1478 4081 aedificante.

81 4109 208 4187 Grues,
223 4106 411 4192 κατήντησεν
429 4118 653 4186 occurrerunt,
671 4111 773 4185 idest,
866 4110 966 4190 Igitur
981 4129 1021 4170 ex
1035 4109 1092 4169 hac
1111 4108 1249 4187 Apostoli
1273 4107 1440 4179 sententio,
1467 4104 1518 4166 ad·

79 4200 276 4276 madescat,
296 4210 328 4261 ut
343 4200 488 4261 Erasmus
504 4198 604 4259 vertit.
627 4197 774 4259 Ireusous
822 4216 929 4257 versus
945 4196 1004 4257 duo
1027 4193 1167 4276 specialis
1189 4215 1224 4253 sc
1239 4195 1371 4254 novitiae
1386 4191 1457 4252 fidei
1472 4212 1518 4251 ca·

79 4282 125 4349 lib.
139 4288 171 4349 4.
193 4285 312 4347 advers.
336 4287 449 4347 haeres.
474 4306 539 4364 cap.
556 4287 607 4344 28.
631 4292 662 4344 et
677 4287 726 4345 45.
743 4291 774 4345 et
821 4286 893 4364 pita,
906 4283 965 4343 duo
982 4291 1155 4343 statuuntur
1177 4278 1248 4340 fidei
1264 4278 1429 4340 catholicae
1444 4277 1517 4359 dog·

78 4370 264 4455 &portium
278 4372 329 4433 lib.
344 4374 395 4432 32.
419 4379 521 4433 contra
534 4373 641 4431 Faust.
661 4390 726 4451 cap.
744 4374 773 4432 9.
821 4379 917 4431 mata:
963 4370 1118 4441 altarum,
1156 4387 1215 4426 uon
1245 4386 1311 4427 esso
1336 4385 1391 4427 uas
1418 4374 1518 4425 certos

79 4468 109 4523 st
126 4458 217 4534 stibi,
246 4460 352 4539 legunt
380 4478 505 4521 numero
535 4456 689 4536 singulari.
731 4459 774 4518 Ia
823 4456 1037 4529 infallibiliter,
1058 4452 1141 4534 quod
1164 4462 1289 4527 stemus,
1313 4451 1422 4525 idest,
1442 4453 1520 4531 justi

78 4564 152 4623 auat
166 4546 242 4624 fluit
256 4547 454 4607 saeculoram
477 4546 620 4618 devenit,
645 4552 699 4604 aut
718 4543 773 4605 ob·
823 4545 931 4620 simus3
946 4542 1098 4616 alteram,
1114 4560 1171 4600 uec
1185 4559 1269 4613 oum,
1285 4540 1337 4619 qni
1347 4542 1448 4618 justus
1464 4547 1519 4612 est,

80 4636 172 4697 omit
207 4631 318 4695 Graeci
340 4641 441 4693 umen
463 4631 582 4693 codices
606 4638 774 4691 constanter
822 4639 936 4691 certum
951 4648 1034 4701 esse,
1049 4626 1132 4709 quod
1146 4629 1186 4687 sit
1199 4635 1450 4705 perseveraturus,
1465 4623 1519 4687 sed

81 4714 189 4783 bsbmt
202 4718 352 4802 pluralem
366 4738 534 4793 numerum,
549 4736 641 4800 quem
655 4726 687 4778 et
700 4716 774 4799 legit
823 4716 985 4779 timendum
1010 4715 1056 4777 illi
1080 4734 1149 4777 esse
1175 4723 1205 4775 et
1230 4710 1412 4783 cavendum,
1437 4730 1477 4773 ue
1500 4730 1519 4769 a

125 4818 196 4862 cass
215 4817 290 4860 sarrs
301 4820 376 4861 con
390 4817 476 4859 rann
1271 4818 1312 4876 36
