3254 5190
138 293 210 359 184
634 280 867 336 COMMENTARIUS
885 280 914 333 nt
933 279 1001 334 CAl’·
1021 282 1078 334 tm.

135 455 349 518 Theodoretus
364 463 457 535 atque
479 455 539 525 elii,
561 458 612 537 qui
626 455 829 536 praedestina·
879 456 977 515 tiores.
1003 455 1143 536 Denique
1159 465 1278 517 constat
1292 457 1341 517 hie
1354 456 1498 534 Apostoli
1513 475 1577 514 sen·

135 545 247 603 tionem
271 563 309 602 ex
324 543 437 601 meritis
460 544 606 619 praevisis
629 551 831 614 asseruerunt,
879 562 930 601 sus
945 562 984 601 ex
1008 544 1052 613 iis,
1075 562 1155 623 quae
1176 552 1348 623 sequuntur,
1370 560 1516 622 germane
1538 541 1579 599 in·

135 631 338 691 verumetiam
347 626 462 706 Chrys,
475 638 678 706 quemtameu
691 651 750 690 nou
763 625 831 687 ideo
880 628 1016 700 telleotis,
1044 631 1153 708 quibus
1176 632 1282 709 utique
1308 632 1456 704 exponit,
1480 627 1579 686 nteit

136 717 297 794 suspiceris
313 713 391 773 idem
407 733 475 772 cum
492 714 553 774 illis
569 716 607 775 dc
621 715 831 793 praedestina·
880 717 1077 793 Augustinus,
1101 716 1179 793 quid
1194 715 1439 790 caumatum
1454 731 1579 790 propo·

136 805 218 863 tione
232 802 351 861 sentire.
375 800 451 859 Nam
475 801 618 881 iutelligit
640 803 760 881 quidem
782 801 832 859 bo·
880 804 985 861 situm.

136 909 209 949 num
224 889 408 967 propositum
423 887 558 958 hominis,
582 910 641 946 non
661 897 759 947 tamen
781 907 832 946 ne·
925 891 973 948 29.
997 890 1080 947 Nam
1097 908 1174 964 quos
1186 892 1369 965 praescivit,
1397 895 1428 947 ct
1439 886 1579 963 praede·

136 996 219 1055 gana,
237 974 309 1033 illud
323 975 417 1052 ipsum
434 976 832 1053 essegratiaepraevenieu·
881 977 1014 1035 atiaovit
1043 975 1222 1052 conformes
1246 977 1317 1051 ficri
1341 976 1496 1049 imupinis
1522 973 1581 1048 tilii

135 1063 174 1121 tis
190 1061 329 1121 effectum
345 1057 440 1138 (quod
452 1059 524 1119 alibi
537 1063 612 1120 satis
627 1062 665 1121 ab
682 1081 718 1120 eo
734 1061 833 1120 decla·
881 1065 939 1121 sui.
962 1062 1052 1120 Fieri
1066 1083 1126 1121 non
1147 1070 1194 1121 est
1210 1063 1240 1121 in
1255 1061 1381 1135 Graeco,
1406 1081 1462 1120 nec
1479 1061 1581 1136 Augu·

136 1145 240 1223 ratur),
262 1146 314 1206 sed
338 1147 482 1204 humanae
504 1146 669 1206 voluntatis
685 1168 750 1208 cum
767 1168 834 1225 gra-
881 1150 960 1208 stino
985 1146 1104 1226 legitur.
1138 1149 1232 1208 Recte
1260 1158 1360 1208 tamen
1381 1146 1521 1207 additum
1543 1144 1580 1203 ab

136 1236 181 1295 tia
202 1241 329 1294 vocante
352 1234 593 1309 cooperationem
617 1233 665 1292 hie
686 1233 832 1313 significa·
882 1238 1061 1311 interprete,
1088 1235 1259 1313 explendae
1286 1236 1453 1294 sententiae
1481 1250 1579 1291 causa.

137 1329 197 1380 tam
225 1321 384 1379 existimat
417 1318 478 1376 Alii
504 1338 589 1391 vero,
621 1330 652 1378 nt
680 1319 834 1398 Origenes,
883 1321 944 1399 Qui
968 1320 1270 1398 praedestinationem
1292 1321 1352 1380 Dei
1378 1328 1518 1380 statuunt
1543 1336 1581 1376 ex

137 1405 322 1485 Theophyl,
338 1403 546 1476 Oecumenius,
571 1416 601 1464 et
616 1409 692 1466 inter
706 1408 831 1469 Latinos
883 1408 1024 1486 operibus
1040 1409 1194 1486 praevisis,
1218 1417 1271 1468 eut
1285 1407 1406 1467 omnino
1422 1426 1462 1467 ex
1478 1404 1582 1483 aliqua

137 1492 281 1554 Sedulius
307 1492 433 1550 miscent
464 1494 651 1570 propositum
679 1494 735 1552 Dei
769 1513 834 1555 cum
883 1491 1582 1571 conditionevoluntatishumanaesuspendunt,

138 1581 291 1660 proposito
308 1578 439 1637 hominis.
883 1588 1090 1658 argumentum
1111 1590 1215 1659 petere
1241 1580 1339 1640 solent
1366 1600 1405 1641 ex
1428 1578 1486 1638 hoc
1509 1577 1581 1647 loco,

181 1667 275 1745 Atqui
292 1684 380 1724 verus
403 1672 434 1722 et
456 1673 554 1724 certus
576 1686 682 1726 sensus
698 1677 752 1740 cst,
775 1689 835 1748 quo
884 1665 1027 1727 videlicet
1043 1677 1184 1745 urgentes
1206 1666 1245 1738 id,
1268 1665 1346 1748 quod
1363 1665 1439 1726 dicit
1452 1665 1581 1744 Aposto-

139 1753 325 1833 propositum
332 1751 468 1823 Dei,uon
477 1751 636 1817 hominum.
649 1754 836 1838 intelligunt3
883 1753 1024 1829 lus,quos
1038 1757 1220 1828 praescivit,
1234 1771 1348 1832 nempe,
1359 1762 1395 1813 nt
1402 1754 1499 1830 ajunt,
1509 1752 1583 1809 bene

139 1840 207 1911 Dei,
223 1840 351 1919 inquam,
368 1838 564 1915 propositum,
580 1837 611 1897 id
628 1849 682 1914 est,
697 1840 837 1902 voluutas
884 1842 1024 1911 victuros,
1047 1850 1099 1898 aut
1114 1841 1201 1900 bonis
1216 1838 1407 1900 naturalibus
1424 1840 1502 1898 bene
1516 1854 1582 1897 usu·

140 1926 270 2006 praevia,
290 1923 537 2003 praedestinatio,
561 1944 596 1983 ae
617 1925 767 1986 decretum
789 1948 836 1986 ue·
884 1945 941 1997 ros,
957 1933 1010 1985 aut
1025 1925 1146 1986 oblatae
1164 1927 1217 1986 tali
1231 1925 1281 1986 vel
1293 1924 1347 1985 tali
1360 1927 1480 2005 gratiae
1496 1941 1580 2003 prae·

140 2023 264 2083 ternum,
280 2012 356 2091 Syre
370 2010 606 2088 praeordinati03
623 2024 657 2070 ut
671 2013 837 2073 secundum
885 2013 1001 2072 bitures
1017 2033 1179 2072 assensum.
1203 2015 1244 2073 llt
1254 2014 1313 2072 huc
1324 2023 1465 2092 spectare
1477 2015 1584 2090 putant

141 2099 327 2178 propositum
344 2100 453 2169 vocati,
469 2099 676 2159 seuvoeatieii
692 2098 838 2172 dicantur,
886 2107 1148 2158 commentatorem
1172 2100 1290 2171 Amba,
1316 2119 1383 2158 cum
1410 2100 1469 2158 sit:
1493 2098 1582 2169 Istos,

141 2185 267 2267 quinon
284 2204 322 2244 ex
336 2183 405 2242 ullis
421 2185 483 2244 suia
499 2185 620 2257 meritis,
636 2185 690 2244 sed
705 2186 768 2245 solo
779 2187 838 2246 Dei
885 2204 963 2263 quos
975 2188 1147 2260 praescivit
1160 2186 1290 2262 futuros
1301 2186 1359 2246 cibi
1375 2187 1516 2259 denotor,
1531 2185 1582 2258 ip·

142 2271 325 2331 consilioue
348 2270 544 2350 beneplacito,
567 2271 707 2349 eligentis
728 2273 766 2332 ab
790 2292 838 2332 ae·
884 2273 1039 2346 susciepit
1058 2272 1101 2330 ad
1125 2276 1282 2348 promissa
1306 2274 1453 2344 proemia
1475 2287 1582 2346 cupes-

141 2367 236 2431 terno,
256 2377 331 2438 quos
353 2356 458 2428 voluit,
482 2356 520 2416 ad
542 2357 670 2417 salutem
685 2367 838 2419 vocantur.
884 2359 992 2419 centia.
1016 2357 1077 2418 Sed
1092 2359 1168 2418 haee
1190 2359 1291 2432 verba,
1315 2368 1346 2417 et
1360 2361 1387 2419 si
1403 2376 1464 2439 qua
1480 2355 1585 2416 similis

143 2444 231 2525 Quae
260 2443 443 2524 periphrasis
472 2452 517 2503 est
542 2444 839 2522 praedestinatorum.
885 2445 966 2524 apud
993 2445 1068 2505 alios
1094 2444 1247 2524 leguntur,
1277 2446 1418 2525 quamvis
1446 2442 1583 2522 Apostoli

142 2533 191 2591 De
206 2530 261 2590 hac
272 2530 439 2602 vocatione,
455 2549 534 2609 quae
547 2531 581 2590 fit
592 2532 758 2592 secundum
771 2553 837 2612 pro·
885 2539 1015 2591 mentem
1038 2550 1097 2591 non
1121 2532 1288 2610 explicent,
1311 2542 1393 2591 recte
1416 2542 1521 2591 tamen
1542 2528 1584 2588 sic

143 2618 273 2698 positum
288 2617 356 2690 Dei,
372 2616 415 2675 sic
431 2617 560 2694 August
576 2617 626 2678 lib.
646 2624 672 2677 1.
688 2629 756 2678 retr.
773 2639 839 2696 cup.
885 2619 979 2697 accipi
1001 2626 1135 2696 possunt,
1161 2627 1195 2677 ut
1217 2620 1402 2699 significetur
1428 2617 1467 2677 ad
1491 2617 1582 2675 vitam

145 2705 194 2765 23.
219 2705 292 2762 Non
308 2707 391 2761 enim
407 2706 562 2778 omnium,
584 2703 688 2785 inquit,
711 2708 767 2783 qui
784 2724 839 2765 vo·
886 2715 1057 2774 aeternam,
1083 2713 1225 2784 tanquam
1251 2704 1416 2766 mercedem
1441 2723 1478 2763 ac
1501 2721 1582 2783 prae·

144 2797 277 2865 cantur,
305 2791 378 2848 talis
399 2797 442 2849 est
468 2791 608 2864 vocatio,
635 2792 689 2851 sed
711 2800 839 2853 tontum
887 2793 985 2851 mium,
1003 2791 1137 2850 homiues
1148 2791 1219 2871 eligi
1232 2813 1250 2851 a
1262 2793 1330 2852 Deo
1342 2800 1465 2871 propter
1481 2789 1585 2848 merita

144 2878 323 2938 electorum.
347 2875 567 2955 Comprobetur
593 2878 644 2938 hic
669 2879 840 2939 intellectus
888 2880 1044 2958 praevise,
1072 2897 1152 2956 quae
1180 2887 1279 2937 temen
1306 2877 1412 2939 eadem
1439 2877 1502 2936 sint
1522 2874 1585 2934 illis

145 2983 182 3024 ex
198 2963 266 3022 aliis
282 2962 363 3032 locis,
378 2961 432 3021 ubi
448 2961 486 3022 de
502 2965 665 3024 vocatione
679 2976 782 3026 nostra
798 2965 838 3024 lo·
888 2965 1017 3044 gratuito
1033 2974 1221 3043 praeparata.

145 3069 241 3128 quens
257 3049 429 3130 Apostolus,
444 3049 504 3110 Dei
519 3051 703 3129 propositum
720 3071 840 3132 expres·
931 3051 1007 3112 Sunt
1018 3049 1079 3122 alii,
1099 3052 1152 3128 qui
1165 3059 1278 3131 partem
1291 3050 1380 3122 illam,
1400 3066 1480 3126 quoe
1488 3063 1586 3124 pree·

145 3138 203 3210 sit,
227 3136 310 3196 velut
326 3137 402 3196 infra
417 3155 481 3214 cap.
497 3137 648 3215 proximo:
670 3145 706 3198 ut
729 3158 841 3199 secun·
887 3139 987 3211 scivit,
1012 3135 1174 3216 suppleant
1189 3157 1226 3197 ex
1249 3134 1508 3215 praecedentibus
1530 3134 1586 3193 hoe

145 3225 224 3285 ,dum
240 3223 422 3283 electionem
435 3225 637 3299 propositum
652 3226 713 3285 Dei
728 3245 841 3285 manc·
888 3223 992 3284 modo:
1016 3225 1101 3304 Quos
1124 3225 1288 3302 praescivit
1311 3231 1441 3295 vocatos,
1466 3241 1521 3282 seu
1536 3239 1585 3279 vo·

147 3318 202 3370 ret.
232 3310 308 3369 Item
331 3310 443 3389 Ephes.
470 3314 511 3369 1.:
536 3311 773 3372 Pruedcstinoti
793 3332 841 3372 se·
889 3313 1017 3381 caticios,
1042 3309 1205 3370 secundum
1221 3310 1415 3390 propositum,
1432 3328 1485 3369 eos
1501 3327 1585 3388 prae·

146 3397 287 3457 cundum
300 3400 500 3473 propositum
517 3400 594 3470 ejece,
618 3401 674 3474 qui
689 3408 843 3474 operatur
889 3397 1054 3459 destinavit
1080 3407 1135 3456 etc.
1160 3399 1211 3456 Sic
1237 3395 1437 3457 Occumenius
1459 3406 1494 3455 et
1516 3415 1586 3455 non·

146 3486 256 3543 omniu
277 3484 450 3543 secundam
474 3484 639 3546 consilium
669 3487 843 3546 voluntatis
890 3484 962 3544 nulli
980 3485 1171 3543 recentiores.

145 3589 229 3630 tuuc.
253 3571 295 3629 Et
317 3572 335 3628 2
360 3570 439 3629 Tim.
466 3568 508 3629 l.:
532 3573 593 3648 Qui
622 3576 747 3631 vocavit
773 3591 840 3646 nos,
933 3570 1004 3642 Alii,
1017 3571 1095 3629 inter
1106 3588 1182 3649 quos
1195 3570 1355 3629 Hervaeus
1367 3577 1400 3628 et
1410 3567 1587 3648 Oajetaaus,

97 3687 104 3711 t
146 3676 213 3717 non
227 3657 401 3716 cenandum
415 3675 513 3732 opera
524 3665 646 3731 nostro,
661 3659 715 3717 sed
730 3678 841 3719 sccun-
889 3656 1033 3736 supplent
1052 3676 1091 3716 ex
1114 3657 1326 3736 sequentibus:
1350 3653 1438 3734 Quos
1460 3656 1587 3735 praesci-

146 3744 223 3803 dum
235 3745 436 3818 proposita-m
456 3762 550 3803 ruam
566 3751 595 3804 ct
609 3749 759 3820 qratiam,
785 3744 841 3818 vel,
889 3746 934 3802 vit
948 3741 1116 3803 conformes
1131 3743 1248 3803 futuros
1265 3744 1386 3820 imagini
1398 3741 1454 3801 tilii
1466 3742 1523 3814 sui,
1537 3760 1588 3802 eos

144 3838 177 3888 nt
193 3829 320 3901 Graece,
340 3831 513 3890 secundum
532 3835 705 3906 proprium
719 3851 841 3908 propo·
889 3838 920 3890 et
934 3829 1175 3909 praedestinavit
1197 3830 1362 3888 conformes
1380 3828 1451 3888 hnic
1466 3828 1588 3907 imagini

143 3918 248 3976 ritum
271 3915 333 3995 Qui
356 3925 522 3995 postremus
551 3917 634 3977 locus
661 3939 719 3977 non
744 3918 840 3978 solum
889 3916 964 3976 fieri.
1000 3916 1155 3976 Memorati
1185 3921 1436 3975 commentatores
1462 3915 1588 3973 verbum

144 4004 300 4064 coufirmat
315 4003 389 4062 hanc
402 4012 533 4063 nostram
545 4004 773 4082 expositionem,
790 4025 839 4064 ve·
885 4005 1057 4080 praescivit
1069 4001 1107 4061 ad
1120 4000 1232 4061 nudum
1244 4002 1378 4061 referunt
1390 4000 1587 4069 intellectum,

143 4108 207 4147 rum
221 4091 506 4168 etiampropositum
520 4090 671 4151 homiuum
680 4091 841 4152 manifeste
888 4099 921 4150 ut
942 4090 1092 4169 praescire
1117 4110 1177 4149 non
1201 4087 1281 4147 aliud
1307 4090 1354 4160 sit,
1381 4107 1473 4168 quam
1500 4105 1588 4148 nosse

144 4175 286 4235 excludit.
888 4175 1055 4256 quidpiam,
1071 4175 1244 4253 priusquam
1261 4176 1300 4234 sit
1314 4184 1367 4234 aut
1381 4175 1446 4235 fist

186 4261 274 4321 Hunc
290 4263 535 4322 commentarium
552 4262 651 4336 tradit,
673 4273 704 4323 et
719 4283 764 4335 eo,
779 4283 840 4343 quo
932 4261 993 4321 Alii
1008 4281 1080 4320 vero
1095 4262 1164 4339 plus
1180 4263 1211 4321 in
1227 4281 1262 4320 eo
1278 4261 1371 4320 verbo
1387 4258 1588 4329 considerant,

143 4346 205 4407 dixi
230 4347 326 4421 modo,
350 4348 494 4409 adversus
509 4348 692 4427 Pelagianos
714 4348 841 4409 adstruit
887 4357 921 4408 ut
936 4349 1071 4408 nimirum
1087 4367 1125 4407 ea
1135 4368 1210 4409 voce
1221 4350 1380 4426 praenotio
1393 4346 1588 4425 significetur,

142 4432 270 4511 August
285 4435 336 4495 lib.
351 4437 379 4493 2.
396 4443 499 4493 contra
510 4438 538 4494 2.
556 4437 643 4515 epist.
655 4436 757 4515 Pelag.
774 4456 838 4516 cap.
887 4456 947 4494 nou
963 4435 1036 4505 sola,
1059 4454 1115 4494 nec
1131 4433 1364 4514 qualiscunque,
1380 4434 1435 4494 sed
1452 4453 1521 4493 cum
1536 4451 1587 4493 vo·

145 4520 192 4578 10.
210 4528 240 4578 et
262 4518 300 4579 de
321 4542 394 4580 corr.
419 4530 451 4581 et
472 4542 512 4600 gr.
540 4542 604 4599 cap.
624 4526 650 4581 7.
666 4524 839 4601 Augustino
888 4522 1004 4582 luntatc
1020 4522 1100 4581 bona
1119 4529 1212 4599 etque
1233 4520 1373 4598 benigne,
1391 4539 1484 4600 qnam
1500 4512 1589 4577 addo·

141 4604 334 4667 subscribunt
357 4607 530 4679 Primasins,
554 4608 720 4679 llervaeus,
745 4608 837 4688 Aqui·
886 4603 955 4666 κίαν
972 4606 1079 4668 Graeci
1096 4616 1214 4679 vocant,
1239 4607 1331 4665 nostri
1353 4606 1587 4687 beneplacitum,

141 4711 205 4765 nas,
222 4693 358 4768 Lirenas,
371 4692 547 4773 cajetanus,
562 4696 835 4774 accaeterirecen·
886 4696 1054 4775 conjuncta
1077 4693 1169 4775 Quod
1192 4712 1263 4754 sane
1283 4694 1441 4776 scripturis
1457 4693 1586 4775 Aposto-
