3254 5190
89 294 162 364 430
493 320 497 327 -
592 284 873 343 ιιιιιιιιιτιιιιιιιιι
890 285 956 342 cu.
973 284 1023 340 ιιι.

85 467 138 544 jes
159 463 314 545 praecepti
336 481 390 523 seu
412 463 489 543 legis
509 464 638 544 priorem
663 470 782 543 partem
832 480 900 523 oum
913 464 1061 524 Dominus
1076 480 1220 544 expresse
1234 459 1327 534 dicat,
1341 464 1368 523 si
1383 479 1466 522 usos
1479 462 1525 520 di·

88 552 203 612 Paulus
218 552 261 610 sic
273 550 394 610 extulit:
423 552 558 611 Ueterem
581 551 782 611 seirenes
832 553 953 610 missit
978 553 1086 610 virum
1110 568 1203 611 susm
1228 555 1259 607 et
1284 549 1345 607 eiii
1373 551 1524 624 nupserit,

89 638 263 698 discedere.-
285 642 314 696 et
328 639 381 697 sis
394 653 530 698 acorem
546 656 614 698 non
629 636 781 712 dimittet,
832 638 1022 697 moechetur.
1031 638 1122 697 liare.
1134 638 1182 697 10.
1196 633 1257 695 Sed
1267 635 1525 713 manaatienepta,

89 725 516 803 itatamen,utsxeeptienem,
532 722 782 804 quamliattbaee
832 730 886 781 aut
901 732 956 783 eto.
992 724 1072 783 Nam
1095 721 1176 803 quod
1191 720 1331 798 objicitur
1346 719 1386 781 de
1409 720 1526 800 optione

89 808 240 871 referente
276 809 424 871 Dominus
469 812 618 887 expressit
654 816 782 884 excepto
831 808 949 869 mulieri
960 808 1039 884 data,
1055 828 1136 889 quae
1147 810 1246 868 locum
1258 827 1321 867 non
1335 806 1458 880 habeat,
1472 809 1523 868 nisi

89 915 186 958 cesso
206 898 451 974 fornicationis,
482 895 531 956 hic
561 895 782 975 subintelligas,
832 894 1005 956 discesserit
1020 916 1057 956 ex
1069 896 1155 975 justa
1169 911 1275 968 eansa3
1291 891 1445 976 quemodo
1459 893 1526 954 dilui

88 992 150 1044 tam
171 983 224 1043 ubi
247 982 285 1042 do
307 982 445 1057 muliere,
469 1002 559 1062 quam
581 981 634 1042 ubi
657 982 695 1041 de
716 983 782 1042 viro
831 982 942 1061 possit,
957 983 1034 1043 inira
1050 981 1193 1042 memus.

89 1070 202 1131 Paulus
210 1069 351 1150 loquitur.
368 1069 570 1130 Posteriorem
582 1088 653 1130 vero
666 1077 783 1147 partem
876 1069 991 1130 Sensus
999 1077 1099 1129 autem
1108 1067 1267 1148 generalis,
1283 1087 1373 1149 quem
1386 1064 1524 1138 dedimus

89 1154 441 1235 significaviihisverbis:
458 1156 781 1234 Quodsidissesserit,
833 1155 985 1215 iuvenitur
1019 1157 1051 1216 iu
1081 1154 1265 1216 Graecorum
1301 1155 1523 1226 commentan'is,

90 1261 220 1305 monere
234 1245 423 1318 innuptum,
440 1249 498 1303 ost
512 1244 583 1304 siro
598 1260 653 1302 soso
669 1259 783 1302 recon-
833 1239 1020 1322 eundemque
1057 1241 1238 1302 brevissime
1274 1240 1453 1321 complexus
1485 1246 1523 1300 est

90 1333 203 1390 citiori.
242 1327 305 1389 Onr
320 1329 397 1388 euim
412 1348 536 1389 manere
555 1331 711 1408 innuptam
730 1334 784 1388 aut
833 1328 997 1388 Primasius
1013 1327 1134 1388 dicens:
1150 1329 1185 1389 Si
1197 1325 1391 1405 obelierium
1404 1343 1521 1388 osunen

90 1418 156 1478 viro
180 1416 383 1489 mesnilian,
409 1417 467 1474 nisi
493 1417 566 1495 quia
591 1415 705 1475 nubens
730 1415 784 1473 alii
833 1414 1021 1489 discesserit,
1050 1415 1109 1474 clii
1132 1432 1199 1475 sors
1222 1415 1333 1475 nubat.
1371 1415 1520 1492 Innuptan

90 1505 155 1563 viro
170 1504 255 1563 tieret
270 1500 432 1562 adultera?
786 1506 788 1511 '
833 1520 971 1576 manere,
996 1502 1052 1562 hoc
1075 1501 1141 1563 loco
1163 1520 1223 1561 non
1248 1510 1295 1562 est
1320 1518 1444 1562 manere
1467 1501 1519 1559 sies

134 1590 228 1650 Porro
244 1588 407 1648 dissessum
423 1589 489 1647 sive
502 1589 720 1666 separationem
735 1585 784 1646 bic
834 1587 964 1669 conjuge
992 1585 1074 1664 (uam
1104 1592 1130 1648 si
1158 1608 1214 1668 per
1243 1589 1409 1648 discessum
1437 1601 1520 1646 neum

91 1677 237 1755 intellige,
258 1693 318 1755 qua
336 1675 441 1735 mulier
457 1676 555 1734 virum
569 1673 643 1734 nolit
658 1673 783 1752 emplius
833 1675 942 1753 prioris
958 1676 1090 1755 conjugii
1113 1673 1230 1735 solutus
1253 1682 1332 1746 erat,
1355 1694 1418 1734 nou
1431 1672 1517 1753 probi

91 1763 203 1824 habere
218 1781 271 1841 pro
286 1764 404 1835 marito,
422 1769 474 1820 aut
489 1780 550 1841 qua
563 1761 623 1834 fiat,
638 1767 672 1818 ut
687 1762 784 1839 ipsam
833 1761 954 1821 beretur
968 1763 1033 1841 ipsa
1048 1760 1101 1821 alii
1115 1763 1181 1821 viro
1203 1763 1334 1835 nubere,
1357 1762 1481 1821 maxime
1500 1757 1518 1816 si

91 1851 138 1909 vir
151 1848 262 1908 habere
276 1848 351 1908 nolit
364 1867 418 1929 pro
433 1867 536 1920 uxore,
550 1846 630 1907 facto
647 1847 784 1907 nimirum
834 1848 1051 1908 incontinentia
1066 1845 1248 1924 laboraret),
1270 1846 1325 1907 sed
1347 1855 1395 1907 est
1414 1862 1518 1906 manere

92 1935 191 2016 quoad
206 1942 302 1995 torem
318 1935 461 1994 divortio:
488 1934 569 2015 quod
585 1935 706 2015 quidem
722 1931 785 1991 fieri
836 1941 1005 2015 separatam
1028 1954 1047 1993 a
1069 1936 1151 2007 viro,
1174 1954 1210 1994 ac
1224 1937 1288 1994 sine
1311 1953 1371 1994 usu
1386 1931 1516 2012 conjugii:

91 2024 224 2103 legitime
239 2042 297 2081 nou
312 2029 420 2102 petest,
446 2023 505 2081 nisi
520 2031 643 2102 propter
657 2020 784 2080 fornica·
835 2023 877 2080 its
889 2021 1032 2093 nimbum,
1044 2031 1079 2082 ut
1090 2041 1145 2083 nso
1157 2023 1256 2101 priore
1264 2022 1409 2100 conjugio
1424 2030 1516 2090 utatur,

91 2111 210 2170 tionem.
233 2108 314 2168 Nam
323 2109 360 2170 de
369 2109 567 2190 separatione,
580 2126 659 2188 quae
671 2113 785 2165 tautum
835 2126 891 2167 nee
907 2106 992 2167 aliud
1006 2110 1171 2170 coemebat.
1195 2109 1235 2167 Et
1249 2108 1328 2168 haec
1343 2117 1392 2167 est
1404 2107 1454 2167 illa
1468 2125 1516 2165 ser

92 2197 126 2256 fit
138 2197 208 2277 jure
219 2214 254 2257 ae
266 2197 317 2255 via
328 2194 520 2268 defensionis,
536 2203 570 2255 et
584 2198 610 2255 si
626 2193 785 2272 conjugem
835 2195 930 2267 vitus,
957 2213 1047 2274 quam
1073 2195 1152 2257 iufra
1175 2213 1254 2254 vers.
1284 2194 1333 2255 15.
1356 2202 1518 2255 removeto

90 2283 199 2344 habeat
214 2283 412 2357 haereticum,
434 2284 473 2343 ad
490 2282 605 2343 seelera
620 2289 785 2360 cogentem,
835 2279 1012 2342 Christianis
1027 2289 1167 2361 respectu
1186 2284 1350 2361 conjugum
1367 2280 1518 2341 infidelium

92 2378 145 2429 aut
167 2389 291 2430 saevum
314 2377 347 2428 et
367 2368 599 2443 intolerabilem,
625 2369 686 2427 alia
708 2367 786 2425 ratio
835 2367 1000 2428 nolentium
1016 2370 1199 2429 cohabitare.
1230 2369 1293 2448 Qui
1308 2368 1393 2429 loeus
1408 2365 1519 2448 proinde

92 2467 147 2518 est.
171 2457 219 2516 De
231 2457 422 2535 separatione
434 2465 542 2527 autem,
558 2476 619 2536 qna
633 2453 784 2515 vinculum
836 2457 973 2535 exceptio
989 2455 1140 2535 quaedam
1156 2463 1211 2527 est,
1227 2465 1260 2516 ut
1276 2455 1341 2516 illie
1357 2450 1519 2527 diesceret

90 2544 215 2603 solvitur
232 2543 400 2621 conjugale,
415 2543 504 2624 paulo
519 2553 588 2623 post
603 2542 712 2620 agitur.
835 2541 891 2600 hac
904 2544 1054 2602 sententia
1063 2543 1208 2621 generali,
1220 2562 1280 2623 qua
1287 2542 1415 2621 jubetur
1425 2539 1520 2602 mulier

138 2634 185 2690 11.
214 2629 306 2708 Quod
326 2633 352 2688 si
378 2630 563 2705 discesserit,
587 2645 717 2689 massere
733 2629 786 2685 ist-
835 2629 933 2688 aviro
949 2641 1096 2709 separata,
1112 2637 1166 2689 aut
1182 2631 1309 2709 innupta
1324 2648 1462 2702 manere,
1478 2631 1521 2687 aut

93 2725 238 2792 nuptam.
278 2714 411 2775 Graece:
437 2718 471 2777 Si
494 2734 570 2777 vero
593 2723 622 2775 et
637 2721 785 2789 separato
836 2710 929 2795 (quod
944 2712 1094 2794 sequitur)
1110 2716 1294 2776 reconciliari
1309 2716 1386 2774 viro.

90 2805 201 2881 fuerit,
217 2809 347 2861 moreest
364 2805 515 2878 innupte.
538 2801 658 2862 Illudss'
674 2800 786 2860 disces-
879 2806 944 2863 Aut
970 2806 1041 2862 viro
1067 2820 1124 2863 sus
1150 2804 1362 2864 reconciliari.
1410 2800 1522 2870 Gracco.

91 2893 176 2965 serit,
194 2887 591 2968 intelligitAugustinuslib.
607 2893 633 2948 1.
647 2885 800 2948 dardeis
836 2897 894 2948 aut
911 2893 981 2949 viro
997 2891 1229 2967 reconcilietur,
1245 2891 1276 2950 id
1293 2897 1349 2961 est,
1364 2895 1523 2948 revertatur

93 2976 241 3057 conjugiis
254 2994 318 3052 cap.
331 2976 359 3034 3.
376 2983 406 3035 et
416 2976 620 3055 sequentibus,
637 2993 786 3046 excausa,
836 2974 982 3035 advirum
995 2994 1095 3034 snum:
1112 2996 1177 3036 cum
1191 2996 1227 3038 eo
1238 2975 1344 3037 redeat
1356 2977 1389 3035 in
1398 2975 1522 3055 gretiam,

93 3084 155 3143 qua
166 3061 319 3122 discedere
329 3062 408 3121 licet.
430 3063 508 3124 Nam
521 3063 609 3125 aliter
619 3083 680 3122 uon
693 3059 786 3120 dicte·
836 3073 969 3122 correcto
984 3075 1098 3135 tamen,
1125 3066 1150 3122 si
1166 3063 1249 3124 illies
1265 3062 1450 3123 adulterium
1465 3077 1523 3119 eau-

92 3169 158 3210 rum
180 3147 375 3229 Apostolum,
398 3157 530 3209 monast
551 3153 708 3225 innupte:
735 3147 787 3207 sed
836 3169 900 3208 sam
917 3149 1001 3209 dedit
1023 3150 1232 3229 separationis.
1269 3149 1351 3209 Nam
1374 3149 1415 3208 ad
1437 3150 1524 3207 vnum

97 3239 217 3297 omnino
228 3238 390 3314 jussurum,
408 3246 442 3296 ut
456 3245 624 3297 revertatur
638 3235 677 3295 ad
691 3237 788 3294 virum
837 3236 975 3296 adulterii
999 3256 1089 3296 causa
1105 3236 1260 3297 dimissum
1286 3244 1341 3296 aut
1355 3235 1525 3296 derelictum

97 3343 191 3384 suum.
224 3323 321 3403 Igitur
335 3324 384 3383 hic
399 3324 481 3384 illam
497 3324 581 3385 innui
600 3323 666 3384 vult
681 3341 787 3401 excep·
837 3331 867 3383 et
886 3324 918 3383 in
944 3343 981 3383 eo
1007 3324 1131 3384 crimine
1158 3324 1255 3385 adbuc
1280 3330 1526 3403 perseverantem

95 3413 221 3483 tionem,
248 3430 336 3490 quam
352 3411 546 3471 Dominus'in
561 3430 615 3470 seo
630 3415 788 3490 praecepte
836 3430 896 3469 non
911 3410 1114 3470 licetmulieri
1138 3410 1249 3483 redire,
1273 3410 1328 3471 sed
1345 3430 1382 3470 eo
1406 3429 1476 3470 case
1491 3410 1526 3469 iu·

97 3497 246 3577 expressit
261 3496 372 3570 dicens,
392 3500 454 3558 nisi
470 3497 507 3556 ob
521 3499 789 3575 fornicationem:
836 3505 931 3575 nupta
945 3515 1065 3557 manem
1077 3495 1175 3558 debet.
1198 3497 1249 3558 Ex
1264 3496 1418 3557 vocabulo
1433 3515 1526 3558 recor·

96 3603 173 3664 quae
187 3584 244 3644 hoc
259 3584 325 3643 loco
344 3590 519 3661 propterca
542 3587 639 3644 tacita
662 3590 721 3658 est,
746 3583 790 3641 ait
837 3581 961 3644 ciliandi
976 3593 1095 3644 sumunt
1117 3591 1326 3664 argumentum
1342 3583 1489 3644 Erasmus
1502 3588 1527 3641 ei

94 3671 295 3750 Augustinus,
310 3673 388 3746 quic
403 3672 571 3732 notissimo
586 3679 636 3732 est.
675 3670 789 3731 Verum
837 3670 887 3730 alii
899 3669 1050 3743 nonnulli,
1069 3691 1127 3751 quo
1139 3670 1275 3744 dorreeei,
1290 3671 1474 3750 Apostolum
1486 3667 1528 3729 itio

95 3757 151 3817 hac
167 3766 250 3817 tanta
265 3758 450 3820 restrictione
471 3757 629 3818 verborum
653 3764 714 3816 tam
738 3775 787 3836 ge·
836 3764 951 3818 tantum
968 3775 1060 3836 agere
1076 3756 1114 3818 de
1126 3759 1251 3818 muliere
1265 3759 1333 3818 sine
1344 3758 1431 3835 justa
1446 3772 1528 3816 saun

95 3845 251 3917 natalium,
267 3844 342 3903 nihil
358 3845 484 3904 arbitror
498 3862 574 3922 opus
590 3864 665 3905 esse.
836 3864 872 3904 sc
886 3852 997 3903 temere
1012 3864 1030 3903 a
1045 3845 1153 3905 marito
1177 3844 1328 3923 digressa,
1350 3864 1414 3903 nen
1438 3842 1475 3903 de
1488 3860 1527 3914 ea,

137 3931 201 3991 Nec
216 3930 322 4003 video,
338 3931 411 4010 quid
427 3931 540 4004 obstet,
564 3931 723 4012 quominus
738 3948 787 4009 ge·
837 3949 915 4011 quae
930 3929 1071 3990 discessit
1093 3932 1131 3991 ob
1154 3933 1212 3992 viri
1227 3930 1472 3992 fornicationne:
1494 3944 1529 3989 ne

95 4018 243 4092 neraliter,
253 4024 288 4076 ut
298 4017 392 4077 verbs
403 4027 518 4091 sonant,
534 4018 613 4079 bunc
624 4018 789 4079 discessum
836 4016 977 4078 videlicet
990 4016 1077 4078 fateri
1090 4026 1236 4096 cogantur
1247 4018 1335 4091 bano,
1351 4035 1432 4098 quaa
1442 4017 1528 4076 vitum

96 4105 161 4164 sive
176 4105 394 4185 separationem
409 4106 652 4184 interpretemur,
675 4112 709 4163 ιιι
723 4123 788 4163 sen·
835 4105 1030 4164 fornicantem
1062 4103 1191 4177 dimisit,
1229 4104 1342 4165 debers
1370 4101 1529 4165 secuudum

96 4211 147 4252 sus
162 4191 216 4250 sit:
241 4190 332 4271 Quod
354 4193 380 4250 si
403 4200 543 4270 separata
564 4191 656 4253 fuerit
682 4191 788 4262 avire,
836 4191 1018 4270 Apostolum
1045 4192 1201 4272 innuptam
1226 4208 1362 4264 manare,
1391 4200 1448 4250 aut
1471 4189 1528 4249 viro

96 4275 187 4356 idque
209 4276 260 4336 vel
283 4287 391 4357 sponte
413 4277 562 4358 digressa,
586 4280 650 4339 sive
667 4286 789 4359 propter
837 4278 1032 4340 reconciliari.
1068 4278 1277 4339 Volantenim
1291 4297 1349 4359 per
1362 4272 1528 4356 hujusmodl

96 4363 162 4442 ejus
183 4361 424 4438 fornicationem,
456 4366 521 4425 sire
543 4371 665 4445 propter
689 4362 787 4438 aliud;
836 4365 1039 4426 dimissionem
1055 4365 1131 4426 solvi
1147 4364 1303 4426 vinculum
1326 4364 1480 4445 conjugis,
1500 4365 1530 4421 si

10 4482 19 4493 ·
95 4448 146 4510 vel
161 4449 267 4511 abillo
282 4449 405 4512 dimissa
427 4451 465 4511 ob
481 4470 700 4533 quamcumque
717 4469 784 4511 cau·
836 4451 964 4513 liberum
980 4451 1019 4510 sit
1032 4452 1154 4515 mulieri
1169 4451 1262 4512 aliem
1274 4452 1372 4512 virum
1388 4453 1529 4532 resipere

96 4557 158 4596 sam
173 4534 219 4612 (et
234 4536 333 4598 solent
347 4547 409 4598 tam
423 4538 547 4618 gentiles
570 4557 659 4618 quam
675 4536 788 4598 Judaei
879 4536 1095 4618 Argumentum
1119 4548 1181 4599 est:
1207 4540 1366 4620 quoniam,
1390 4536 1529 4617 inquiunt

96 4641 166 4683 suas
180 4641 290 4684 uxores
306 4626 441 4705 qualibet
454 4643 493 4685 ex
507 4641 600 4685 causa
615 4619 787 4700 dimittere),
835 4624 1022 4686 reconciliari
1045 4624 1156 4687 dieitur
1178 4627 1218 4699 is,
1242 4624 1296 4707 qni
1319 4622 1460 4697 offendit,
1475 4640 1529 4683 aaa

94 4728 155 4770 uon
180 4710 282 4772 licebit
302 4713 330 4773 oi
354 4730 423 4772 cem
447 4709 509 4772 allo
533 4713 599 4774 viro
628 4709 788 4793 conjungi3
836 4711 1033 4794 quiofiensus
1047 4709 1116 4774 fuit.
1150 4711 1273 4794 Quibus
1288 4708 1526 4795 rupendaedsn
