3254 5190
435 285 826 357 srisroumuououmos.
862 294 989 355 emsa
1371 304 1443 374 ιω

67 478 190 539 ulisse
215 481 248 539 in
272 497 379 550 carna,
401 477 474 558 qnid
491 478 532 538 sit
546 476 701 558 Apostolo,
749 475 965 538 Tertullianus.
992 475 1053 540 Sed
1074 477 1114 537 de
1141 475 1259 538 Graeca
1284 493 1360 535 voce
1380 475 1445 553 jam
1506 533 1508 536 Α

67 564 125 624 lina
154 564 277 645 pstsbit
299 585 338 626 ex
363 567 463 644 eapite
488 566 623 645 proximo
649 564 702 625 ubi
749 584 839 644 supro
865 562 1003 626 diximus.
1037 564 1097 624 Pro
1122 564 1255 652 genitivo
1280 565 1391 623 mortis
1413 563 1446 621 in

67 674 84 711 .:
107 654 175 731 Qui
190 654 230 713 iu
246 670 342 712 corne
365 659 457 726 suut,
481 654 551 713 Deo
570 651 700 727 plaeere
749 640 1445 731 Graecoparticipiumesturoiiusisrsc,mor·

70 746 224 815 ponam.
749 740 804 797 tui.
821 738 959 817 Eamque
974 738 1134 798 lectionem
1146 735 1301 815 Origenes,
1313 733 1444 814 Chryso·

67 827 194 885 icuntnr
209 833 311 884 autem
326 826 485 904 passiones
500 832 696 904 peccatorum
748 831 870 896 stomus,
883 824 1142 906 Theophylactna,
1154 824 1323 901 caeterique
1335 821 1444 882 Graeci

75 918 110 971 st
125 913 260 971 excitari
273 930 328 991 per
343 910 449 990 legem,
476 910 625 990 quomodo
640 911 700 970 Ve-
749 912 992 990 interpretantur,
1004 919 1035 971 et
1045 911 1140 989 Syrus
1151 928 1273 988 quoque
1285 908 1444 987 expressit

67 994 184 1057 dieitur
199 998 330 1058 excitari
351 999 438 1071 sino,
465 999 583 1058 scilicet
605 1006 640 1057 nt
661 997 700 1057 ab
748 997 825 1057 Nam
841 995 1103 1077 quodGeigneeus
1116 996 1251 1066 affirmet,
1267 993 1443 1073 chrysosto-

67 1084 164 1145 sione
177 1083 269 1155 Nom,
280 1092 315 1143 ut
327 1084 621 1164 paulopostdioitur,
633 1087 700 1144 eine
747 1102 827 1142 mum
843 1083 943 1162 legere
960 1075 1021 1141 ἀπὸ
1037 1082 1090 1141 τοῦ
1106 1074 1198 1158 νόμου
1223 1071 1443 1154 ἀποθανόντος,

75 1177 251 1249 peecatum
268 1178 429 1231 munuum
444 1180 521 1231 erut.
544 1172 605 1233 Sed
628 1189 700 1231 oum
748 1188 769 1228 a
792 1170 856 1244 leqe
878 1177 1024 1243 mortua,
1048 1167 1136 1229 eredo
1151 1167 1246 1228 inisse
1260 1185 1346 1227 usum
1362 1186 1442 1227 men·

67 1263 130 1317 stet
146 1255 362 1332 mandatum,
387 1267 551 1333 peceatum
573 1261 699 1319 revixit.
748 1255 821 1315 doso
844 1256 1017 1336 exemplari.
1039 1253 1222 1334 Reirsgatur
1245 1253 1326 1313 euim
1349 1254 1444 1333 ipsius

67 1344 152 1404 airu
172 1350 305 1402 mentem
320 1343 459 1423 Apostoli
481 1365 542 1404 non
557 1347 630 1405 satie
646 1362 697 1403 ex·
749 1340 956 1421 chrysostomi
968 1342 1201 1403 commentarius.
1217 1339 1306 1401 Unde
1317 1340 1383 1418 ejus
1396 1341 1439 1399 in·

67 1438 125 1500 unt,
151 1428 208 1509 qui
230 1439 344 1509 purtem
367 1430 454 1489 istum
477 1430 622 1509 supplent
643 1429 700 1491 hoc
748 1436 864 1507 terpres
878 1429 957 1491 bene
972 1450 1011 1490 ex
1025 1428 1143 1489 Graeco
1158 1426 1268 1487 vertit:
1282 1430 1401 1488 mortus·
1413 1431 1442 1487 ei

67 1535 98 1574 o:
134 1534 221 1592 quae
252 1534 312 1591 per
345 1516 441 1592 ieqem
476 1519 697 1593 ostenduntur,
748 1511 878 1590 (seilicet
913 1512 1000 1596 legi),
1037 1518 1072 1574 irs
1110 1533 1174 1591 qus
1211 1512 1440 1573 detinebamur.

67 1600 257 1663 nsdmodum
271 1601 363 1661 babet
373 1611 474 1663 textus
486 1611 699 1664 commentato·
749 1600 939 1682 Quamquam
961 1624 1022 1662 nou
1042 1621 1121 1680 nego
1144 1619 1210 1662 eam
1233 1599 1407 1672 lectionem,
1423 1619 1444 1660 a

67 1688 150 1748 imb.
178 1688 255 1748 Plus
281 1689 359 1747 enim
385 1708 472 1769 quam
500 1694 699 1751 ostensionem
748 1690 814 1763 leqe
829 1698 974 1764 mortuo,
1002 1690 1074 1749 satis
1090 1690 1178 1749 etism
1193 1705 1361 1766 congruere
1377 1706 1444 1748 cum

67 1773 178 1844 ideari,
194 1783 280 1855 patet
295 1776 386 1834 etiam
402 1795 440 1835 ex
456 1777 542 1850 aliis,
557 1798 638 1858 quse
654 1796 698 1836 se·
747 1774 1004 1855 praecedentibus.
1032 1776 1116 1836 Siout
1131 1775 1211 1835 enim
1227 1773 1327 1853 legem
1341 1774 1444 1834 vivere

67 1868 131 1921 rtur
147 1860 207 1921 boe
222 1861 331 1940 capite.
749 1863 887 1940 superius
902 1862 984 1937 dixit,
1000 1865 1044 1923 ita
1058 1881 1137 1923 nunc
1152 1869 1270 1921 mortus
1285 1868 1385 1940 potest
1399 1861 1443 1921 in·

67 1946 100 2008 ad
116 1965 175 2006 eur
183 1968 243 2008 non
257 1946 343 2022 dixit,
354 1957 390 2008 ut
399 1947 621 2011 fructificarent
630 1951 699 2030 legi,
748 1949 853 2027 telligi.

67 2047 73 2094 t
86 2032 226 2104 dixerat,
241 2042 278 2092 ut
291 2036 520 2113 [metitleemus
534 2039 615 2113 Deo,
632 2056 699 2097 oum
791 2035 904 2096 Verum
920 2038 992 2117 quis
1007 2035 1193 2115 postmodum
1206 2033 1245 2094 ad
1256 2052 1311 2094 nos
1320 2041 1443 2095 mortem
1466 2086 1471 2101 ,

67 2128 175 2181 netur
198 2122 229 2181 in
253 2121 396 2182 antithesi
416 2123 493 2202 legis
515 2133 548 2183 et
562 2121 699 2184 Christi?
747 2122 850 2182 retulit
876 2123 997 2182 dicens:
1021 2124 1063 2183 Et
1086 2139 1141 2181 vos
1162 2122 1347 2197 mortificati
1373 2123 1444 2182 estis

67 2204 196 2278 uedeo,
225 2217 352 2287 peccata
378 2227 437 2268 non
463 2209 609 2270 debuisse
635 2209 699 2270 diei
748 2209 810 2282 lepi
821 2228 882 2285 per
903 2227 1018 2286 eorpus
1041 2210 1175 2282 Christi,
1199 2208 1294 2286 magis
1317 2215 1444 2287 apparet

67 2310 111 2352 urs
124 2291 218 2371 legis,
233 2295 306 2373 quis
321 2292 381 2374 legi
396 2298 625 2370 contrariantur,
640 2306 701 2357 eta
748 2314 814 2354 eum
829 2295 860 2354 in
876 2296 933 2355 hoe
955 2315 1090 2356 sermone
1111 2295 1285 2374 persistere,
1310 2292 1441 2374 quadam

75 2379 257 2461 puniuntur.
747 2383 928 2461 repetitione
943 2381 1069 2443 diceudo
1085 2401 1140 2442 nos
1155 2388 1288 2441 mortuos
1299 2381 1367 2459 legi,
1383 2399 1443 2460 qua

67 2473 139 2527 sate
164 2472 270 2525 autem
291 2467 404 2528 fructus
426 2469 529 2528 mortis
552 2468 699 2546 dicuntur,
747 2469 831 2548 prius
847 2467 1061 2529 detinebamur.
1085 2468 1264 2548 Suspicatur
1279 2465 1443 2546 cajetanus

67 2570 151 2613 enus
179 2563 358 2632 promovent
379 2575 504 2635 reguum
525 2559 643 2630 mortis,
669 2564 700 2616 at
747 2557 776 2615 in
793 2556 904 2615 nostris
920 2555 1071 2616 codicibus
1094 2555 1210 2615 literam
1231 2571 1297 2614 esse
1319 2572 1438 2632 corrup·

67 2645 111 2698 mt
126 2638 268 2699 homines
282 2643 388 2701 mortis
403 2643 482 2703 filios
494 2642 585 2719 juxta
611 2643 698 2722 plua-
746 2652 822 2713 um,
844 2650 990 2722 putatque
1005 2643 1198 2723 interpretem
1212 2641 1356 2713 vertisse,
1372 2657 1442 2699 mo·

67 2722 273 2797 Hebraicam,
290 2726 397 2802 idest,
420 2729 506 2788 morti
533 2727 698 2789 destinatos
745 2731 872 2804 rientes,
888 2750 948 2789 uon
962 2733 1083 2789 mortis.
1106 2726 1196 2809 Quod
1212 2726 1298 2786 nobis
1320 2748 1380 2788 non
1397 2734 1443 2786 est

67 2818 146 2873 rorte
162 2810 280 2891 dignos.
303 2812 494 2895 Quamquam
509 2815 557 2876 hic
572 2816 697 2877 edoctus
744 2814 910 2896 probabile.
927 2816 1086 2896 Nusquam
1101 2815 1180 2876 enim
1191 2812 1335 2892 vulgatus
1351 2816 1441 2874 iuter·

67 2919 88 2958 n
101 2894 183 2978 legi,
206 2897 291 2960 velut
305 2920 415 2962 causae
429 2903 626 2974 occasionali,
645 2905 696 2964 tri·
743 2921 812 2983 pres
836 2894 1046 2971 ἀποθανόντες
1067 2903 1159 2964 vertit
1183 2902 1360 2973 morientes,
1386 2898 1441 2960 aed

67 3004 109 3059 ur,
126 2986 210 3044 sicut
223 2984 301 3046 inira
316 2987 443 3049 dicitur:
464 2989 508 3048 Et
529 2992 696 3050 inventum
742 2991 854 3072 ubique
869 2999 1006 3050 mortuos.
1020 2989 1087 3050 Nec
1102 2990 1180 3050 enim
1196 2995 1261 3048 erat
1275 3006 1374 3061 cause,
1390 3006 1442 3046 our

67 3072 365 3150 murmurarem,
388 3076 474 3152 quod
496 3083 565 3135 erat
587 3078 631 3135 ud
647 3080 696 3138 vi·
744 3078 883 3137 soristum
912 3075 1052 3137 redderet
1080 3075 1238 3155 participio
1272 3074 1440 3153 proesentis

67 3160 151 3229 ,boe
165 3177 228 3218 esse
243 3160 286 3219 od
301 3169 442 3222 monem.
464 3162 603 3242 Denique
616 3182 695 3224 mors
743 3166 899 3244 temporis,
915 3184 982 3224 oum
1003 3164 1156 3244 praeteriti
1178 3161 1366 3240 perticipium
1381 3178 1440 3219 nou

73 3244 157 3325 legis
173 3249 383 3307 comminantis
398 3250 519 3310 effectus
535 3259 590 3309 est.
744 3251 871 3312 deesset
891 3249 980 3330 Apud
988 3249 1167 3310 Primasium
1179 3246 1301 3327 quidem
1313 3248 1344 3306 in
1356 3253 1441 3306 textu

66 3330 134 3392 nod
147 3351 223 3391 vero
239 3331 278 3393 sd
292 3332 408 3395 fructus
422 3335 518 3396 bonos
532 3356 568 3395 ac
586 3337 695 3396 vitales
744 3337 868 3415 legitur,
883 3340 1053 3398 morientes
1061 3383 1070 3412 ,
1087 3336 1140 3396 sed
1157 3336 1271 3394 vitiose.
1295 3334 1373 3393 Nam
1389 3352 1439 3392 su·

67 3428 112 3494 et,
127 3419 194 3498 legi
209 3418 389 3482 fructificare
405 3443 456 3482 eos
471 3442 531 3482 nou
547 3431 695 3501 poterunt,
743 3427 814 3487 toris
831 3425 979 3505 expositio
1001 3423 1101 3503 pelam
1116 3423 1225 3502 arguit,
1246 3439 1313 3480 eum
1329 3420 1441 3499 legisse

67 3506 235 3585 scripum
250 3506 324 3585 legis
337 3508 607 3583 infoecunditatem,
622 3530 694 3589 quo·
743 3532 764 3574 a
779 3512 845 3587 lepe
859 3515 982 3585 mortis,
999 3506 1249 3590 quemadmodum
1265 3500 1440 3586 legitssetiam

67 3592 131 3653 rab
148 3613 188 3653 ea
202 3611 261 3653 non
277 3596 481 3676 suscipiebant
501 3614 603 3657 semen
629 3616 694 3677 gra·
742 3600 830 3660 Amb.
847 3607 1065 3658 commentator.

76 3698 123 3741 ex
137 3699 202 3759 quo
213 3680 277 3740 solo
289 3700 384 3761 genus
395 3682 453 3743 hoo
464 3682 612 3742 fructuum
624 3702 693 3744 con·
786 3684 874 3746 Hauc
889 3704 976 3765 porro
990 3683 1164 3754 lectionem,
1180 3691 1255 3755 sunt,
1271 3680 1322 3762 qui
1337 3678 1439 3738 existi-

67 3766 220 3847 gignique
242 3775 351 3846 potest.
375 3766 521 3849 Origenes
546 3768 604 3830 hoc
627 3767 693 3832 loco
742 3780 824 3832 ment
839 3792 856 3831 a
872 3770 998 3832 Graecis
1014 3767 1190 3850 quibusdum
1208 3758 1436 3842 codicibussms·

67 3874 90 3913 n
105 3852 462 3934 interpretaturpeceati
484 3855 637 3927 fomitem,
664 3855 694 3918 id
743 3879 846 3928 usssc,
877 3865 1039 3937 propterea
1060 3854 1140 3937 quod
1171 3855 1253 3935 opud
1280 3853 1439 3931 origenem

67 3939 365 4019 concupiscentiam,
391 3962 469 4023 quae
492 3952 523 4002 et
544 3943 621 4004 inira
643 3943 694 4004 lex
744 3945 807 4023 ojus
823 3945 877 4005 fist
890 3945 1010 4003 mentio.
1023 3945 1074 4004 Sic
1089 3942 1167 4002 euim
1182 3943 1308 4022 legitur:
1323 3940 1394 4000 Scio
1411 3945 1440 3997 et

67 4027 112 4086 sti
125 4035 262 4086 vocatur.
285 4027 398 4088 Verum
421 4037 522 4091 textus
537 4030 694 4091 manifeste
742 4034 778 4090 irs
793 4032 865 4092 aliis
886 4031 1120 4107 exemplaribus
1133 4032 1302 4106 scriptum:
1330 4025 1439 4099 Aleqe

67 4119 154 4193 gnst.
178 4112 256 4174 Nam
280 4117 382 4174 statim
406 4114 463 4176 sibi
487 4116 600 4175 Paulus
617 4117 692 4192 obji—
741 4120 863 4193 mortis,
890 4121 925 4176 iu
941 4136 1004 4193 quo
1028 4115 1257 4176 detinebamur.
1287 4111 1349 4174 sed
1370 4111 1438 4183 boe,

67 4199 150 4278 Quid
165 4218 240 4277 erqo
256 4201 418 4261 dicemus?
440 4204 507 4262 Les
526 4211 693 4277 peccatum
742 4206 852 4280 idest,
869 4207 1006 4279 mortui,
1035 4211 1064 4263 et
1080 4205 1183 4262 verius
1199 4209 1253 4273 est,
1270 4207 1300 4259 et
1313 4198 1437 4256 rectius.

69 4284 173 4347 Absit.
202 4286 266 4348 Sed
277 4294 444 4364 peecatum
458 4306 525 4349 riou
541 4293 675 4364 coquovi
682 4334 692 4364 ,
741 4293 856 4351 Verum
869 4291 943 4351 hese
953 4291 1063 4351 Ruffini
1075 4289 1176 4348 Latini
1189 4284 1359 4366 interpretis
1372 4301 1439 4342 esse

67 4366 126 4451 per
141 4374 254 4450 leuem,
272 4382 328 4434 etc
352 4373 443 4453 Quod
455 4377 562 4456 utique
574 4385 694 4437 constet
741 4378 834 4437 verbe
850 4377 1034 4449 crediderim,
1050 4377 1100 4457 qui
1113 4396 1166 4454 pro
1178 4392 1260 4434 more
1272 4362 1438 4449 habuitssad·

67 4478 111 4541 ga
126 4459 265 4521 Mosaios
281 4459 349 4520 diei.
737 4467 832 4542 jicere
848 4473 878 4525 et
889 4465 1038 4544 supplere,
1053 4481 1132 4543 quae
1144 4461 1246 4532 vellet,
1262 4461 1294 4519 in
1309 4456 1438 4535 Origene

82 4546 182 4611 Nune
205 4555 315 4608 cutem
335 4548 431 4607 soluti
452 4567 561 4610 summ
584 4569 605 4608 a
627 4550 693 4624 leue
742 4549 972 4632 interpretando.
1000 4550 1081 4610 Saue
1102 4549 1182 4609 inter
1200 4546 1333 4609 Graecas
1347 4559 1438 4602 voces

67 4636 105 4713 ia,
122 4638 163 4697 irs
178 4652 247 4712 qua
263 4633 492 4694 detinebamur.
521 4637 625 4697 soluti
639 4655 693 4697 su·
742 4629 953 4704 ἁποθανόντες
969 4645 1000 4697 et
1015 4627 1150 4694 θανάτου
1174 4628 1296 4714 ιιοιιζοοι
1318 4650 1355 4690 ea
1378 4629 1437 4689 effi·

67 4766 70 4789 .
90 4720 231 4796 Grues,
257 4724 404 4782 evacuati
419 4734 543 4799 minas,
567 4731 602 4782 ut
615 4723 693 4806 legit
739 4725 833 4799 nitas,
848 4718 927 4805 qua's
942 4724 1021 4787 iuter
1035 4720 1159 4783 Latinas
1173 4723 1285 4792 mortis
1300 4725 1330 4780 et
1344 4734 1432 4787 mor·
