3254 5190
116 446 251 537 opinor,
285 446 351 513 hac
384 443 531 513 editione
565 443 700 512 laudem
735 448 931 533 assequetur
967 448 1106 510 externa
1141 445 1400 533 compositione,
1437 447 1564 534 quaid

114 569 295 657 praecipue
336 570 524 655 spectatum
552 570 623 652 sot,
662 571 703 635 ut
736 571 773 633 et
804 564 909 633 oculis
949 564 1139 651 elegantiae
1179 566 1291 652 specio
1318 568 1489 654 placeret,
1527 576 1563 635 et

89 656 225 777 ⁸pretio
250 688 371 776 prioris
398 684 554 755 editionis
580 706 646 755 non
671 684 885 754 mediocriter
901 686 1027 752 minuto
1050 705 1071 751 a
1092 683 1289 754 Divinarum
1311 685 1559 774 Scripturarum

117 808 275 878 studiosis
301 807 401 875 iacile
427 807 616 895 comparari
639 808 758 894 possit.

219 927 339 997 Prodit
363 946 452 997 nunc
477 928 512 996 ln
538 929 647 997 lucem
675 927 831 995 editionis
858 932 992 995 nostrae
1019 931 1128 994 tomus
1154 927 1298 1014 primus,
1336 929 1562 1015 complectens

117 1050 293 1139 epistolam
328 1048 371 1117 ad
402 1048 569 1117 Romarm
606 1054 641 1117 ct
672 1050 811 1136 primam
844 1048 888 1116 ad
922 1048 1129 1133 Corinthios3
1171 1053 1368 1137 sequentur,
1404 1049 1432 1115 si
1467 1050 1562 1117 Deus

116 1169 213 1239 nobis
238 1172 343 1239 vitam
378 1175 414 1238 et
439 1171 617 1239 sanitatem
645 1172 903 1257 conservaverit,
939 1171 1026 1236 intra
1061 1170 1137 1236 anni
1164 1170 1307 1256 spatium
1334 1170 1455 1258 reliqui
1482 1170 1560 1257 duo,

117 1311 256 1381 quorum
281 1291 373 1378 prior
398 1290 546 1381 reliquas
564 1290 644 1359 Divi
664 1290 762 1359 Pauli
788 1292 948 1379 epistolas
969 1294 1114 1378 excepta
1140 1308 1181 1357 ca
1204 1308 1302 1378 quam
1326 1289 1369 1358 ad
1388 1290 1563 1358 Hebraeos

117 1413 261 1498 scripsit,
288 1412 454 1500 posterior
481 1411 567 1478 hanc
593 1413 697 1500 ipsam
728 1418 762 1479 et
789 1411 980 1479 Catholicae
1009 1412 1168 1498 epistolas
1196 1413 1447 1498 complectetur.

222 1531 295 1618 Quo
323 1530 439 1599 labore
467 1534 610 1600 feliciter
637 1532 804 1600 adfinem
831 1534 994 1621 perducto
1022 1552 1194 1619 speramus
1221 1533 1311 1617 iore,
1341 1540 1377 1600 ut
1404 1535 1559 1622 aliquan-

118 1657 189 1722 tum
229 1652 466 1721 contulerimus
506 1652 549 1719 ad
588 1657 726 1738 serium,
774 1659 968 1742 exoptatum
1004 1659 1038 1720 et
1073 1653 1235 1721 fructibus
1269 1655 1402 1742 plenum
1438 1655 1562 1726 Sacrae

118 1772 311 1863 Scripturae
343 1773 497 1841 studium.
549 1771 655 1858 Quam
691 1776 832 1861 gratiam
859 1775 887 1841 si
913 1775 1022 1859 Deus,
1060 1795 1144 1842 unns
1169 1776 1329 1862 Magister
1363 1782 1488 1863 noster,
1520 1800 1563 1846 ex

118 1896 212 1983 cujus
237 1893 444 1983 plenitudine
471 1914 583 1961 omnes
610 1893 811 1981 hauserunt,
847 1901 1011 1985 quotquot
1036 1896 1070 1962 in
1097 1896 1251 1964 Ecclesia
1278 1898 1405 1964 utiliter
1434 1898 1561 1967 docue-

117 2024 213 2102 runt,
254 2017 475 2102 concesserit,
511 2036 576 2083 non
602 2015 768 2083 minimam
796 2036 918 2105 operae
945 2022 1080 2084 nostrae
1107 2017 1293 2086 mercedem
1320 2019 1561 2108 reputabimus.

160 2330 368 2415 lltwllllll,
389 2337 483 2400 Festo
505 2338 636 2401 Sanam
655 2336 852 2419 Hildegardis
874 2338 1016 2420 Virginis,
1040 2345 1089 2403 17.
1110 2342 1195 2423 Sept.
1219 2344 1312 2408 1858.

1343 2687 1509 2774 lullus
1591 2754 1594 2761 «
