3254 5190
127 290 216 369 Μ,
677 279 1121 338 comministrorum

126 466 173 521 est
183 459 261 540 legis
272 457 421 540 impletio;
433 457 472 520 de
484 479 546 540 qua
557 466 619 520 tam
630 459 731 539 gravis
743 460 825 521 inter
872 461 917 521 sio
932 459 963 522 S.
980 459 1116 521 Thomas
1139 461 1171 519 in
1193 458 1424 532 commentario,
1449 477 1572 520 consen·

124 547 192 607 illos
208 548 352 607 extiterat
375 545 539 607 altercatio.
574 548 636 624 Oui
651 550 753 622 cuim,
781 549 824 607 in·
872 554 962 608 tanea
990 546 1093 608 verbis
1123 545 1154 607 8.
1184 544 1348 624 Augustini
1383 543 1514 606 dicentis
1542 546 1573 608 in

125 635 200 714 quit,
216 633 321 709 dilipit
332 636 529 710 proximum,
546 633 654 712 supple
669 652 709 693 ex
719 634 823 694 Evan-
872 633 1000 715 epistola
1022 634 1072 697 95.
1096 633 1210 711 scripta
1231 630 1271 692 ad
1285 631 1499 692 Innocentium
1521 652 1572 713 pa·

124 718 204 800 gelio
220 728 250 780 et
264 739 302 780 ex
313 721 380 800 ipso
395 738 464 781 mox
475 719 632 800 Apostolo,
648 722 727 781 sicut
741 722 824 796 scip·
871 741 958 802 pam:
973 723 1127 798 quoniam
1138 721 1202 781 nisi
1217 718 1332 795 diligat
1346 721 1463 794 neom,
1480 737 1574 781 secuso

124 825 212 882 nam,
229 837 269 848 -
293 808 389 882 tapam
410 807 557 884 implevit
563 852 573 882 ,
604 814 766 887 postquam
793 806 825 867 id
872 808 977 884 dilipr't
991 812 1135 884 scipsum.
1169 805 1279 886 Neque
1294 805 1374 866 enim
1387 824 1465 868 vers
1480 804 1570 867 dilec

124 891 237 953 fecerit
261 892 322 953 Vel
336 894 496 969 implevit,
519 912 573 974 pro
588 893 709 974 implet,
724 893 755 954 id
771 902 824 966 est,
872 895 955 955 tione
985 897 1145 976 qnisquam
1174 891 1274 972 diligit
1300 893 1488 972 proximum,
1517 894 1576 955 nisi

123 981 247 1062 perficit
263 977 412 1059 Cumque
423 982 571 1041 sententia
580 980 709 1041 Paulina
720 980 824 1061 pulcre
872 1001 962 1063 quem
989 983 1019 1041 in
1044 982 1111 1042 Deo
1138 989 1171 1040 et
1195 985 1319 1059 propter
1339 980 1440 1040 Deum
1466 977 1573 1061 diligit

125 1074 270 1127 consonat
288 1065 382 1139 illud,
412 1067 495 1147 quod
517 1067 669 1128 Joannem
691 1068 823 1147 Aposto·
871 1068 963 1129 Unde
976 1088 1101 1129 necesse
1116 1074 1178 1139 est,
1200 1072 1235 1126 ut
1255 1066 1354 1145 ipsum
1368 1066 1471 1127 Deum
1492 1068 1572 1148 prin·

124 1152 187 1213 lum
202 1153 315 1214 dixisse
328 1162 472 1213 memoret
485 1154 691 1234 Hieronymus
703 1155 734 1214 in
744 1174 822 1216 com·
872 1154 1011 1236 cipaliter
1037 1162 1069 1215 et
1094 1172 1209 1214 summe
1235 1150 1349 1232 diligat
1387 1151 1483 1233 Quod
1505 1155 1574 1214 item

123 1241 269 1300 msntario
284 1240 431 1320 epistolae
445 1239 483 1300 ad
496 1239 595 1301 Galat
612 1261 676 1320 cap.
694 1242 722 1300 6.
745 1239 824 1302 Oum
873 1241 1045 1303 declaratur
1058 1241 1118 1302 hac
1131 1242 1263 1302 ratione:
1283 1241 1354 1323 quis
1367 1258 1459 1302 nemo
1475 1238 1574 1322 diligit

125 1327 204 1387 enim
229 1335 329 1388 aetate
346 1327 412 1406 jam
437 1326 609 1408 decrepitus
635 1347 697 1389 non
721 1337 825 1407 posset
872 1329 1040 1409 proximum
1056 1329 1133 1388 sicut
1147 1328 1289 1406 seipsum,
1303 1327 1363 1388 nisi
1377 1327 1515 1407 seipsum
1530 1325 1572 1388 di·

123 1412 289 1493 longiorem
304 1411 344 1473 ad
359 1412 523 1494 discipulos
540 1413 640 1474 lacere
652 1432 825 1487 sermonem,
873 1415 956 1494 ligat
995 1414 1138 1495 Seipsnm
1167 1420 1269 1474 autem
1296 1432 1385 1474 nemo
1414 1411 1519 1494 diligit
1542 1420 1575 1474 ut

125 1501 184 1561 hoc
195 1508 312 1562 tantum
323 1500 519 1580 persingulas
532 1499 678 1562 collectas
690 1499 824 1563 dicebat:
859 1510 1006 1582 ¹oportet,
1022 1502 1080 1562 nisi
1097 1520 1243 1562 summum
1257 1518 1344 1560 suum
1353 1500 1478 1574 bonurn,
1494 1498 1576 1582 qnod

126 1587 248 1663 Filioli,
272 1587 393 1663 dilipitc
411 1586 611 1649 cltsmtrum.
643 1587 712 1667 Qus
734 1588 772 1649 de
790 1609 824 1650 re
874 1597 921 1650 est
935 1589 1035 1661 Deus,
1051 1587 1158 1669 diligat
1173 1607 1209 1648 eo
1223 1583 1329 1663 modo,
1344 1605 1407 1668 qno
1422 1585 1510 1668 diligi
1524 1586 1574 1649 de·

126 1675 256 1734 monitus
272 1693 290 1733 a
305 1672 459 1754 discipulis
473 1673 576 1736 taedio
591 1673 721 1749 affectis,
744 1675 825 1757 quod
872 1677 941 1748 bet,
966 1674 1076 1750 idest,
1097 1684 1131 1738 ιιι
1145 1693 1291 1734 summum
1306 1692 1342 1734 aa
1357 1675 1575 1755 superomnia.

127 1779 247 1842 semper
269 1759 376 1821 eadem
401 1759 555 1836 audirent,
585 1769 616 1821 et
640 1762 825 1842 rogantibus,
918 1767 945 1825 9.
969 1764 1072 1823 Nam:
1093 1780 1162 1824 uon
1177 1760 1390 1838 women,
1406 1779 1478 1823 scon
1493 1762 1575 1822 occi·

127 1866 223 1927 quare
238 1866 356 1927 semper
376 1846 434 1906 hoc
454 1847 641 1930 loqueretur,
670 1849 826 1930 respondit
874 1849 936 1924 des,
953 1867 1022 1910 nou
1034 1849 1207 1926 furaberis,
1223 1865 1291 1908 uon
1299 1847 1423 1926 talem
1432 1851 1576 1910 unimo-

126 1935 306 1995 sentcntiam
316 1951 350 1994 se
361 1932 500 2014 dignam:
524 1937 609 2015 Qetc
617 1944 826 2013 praecaptum
873 1937 1063 1998 uiumds'ccs.
1080 1926 1244 1999 Graecari
1258 1924 1328 2012 γὰρ,
1341 1927 1376 1994 ὠ
1386 1916 1574 2013 perpateat,

126 2023 263 2082 Domini
278 2028 339 2097 cst,
368 2027 415 2096 et,
438 2024 466 2082 si
479 2023 582 2083 solum
595 2023 670 2100 flat,
698 2024 824 2102 sufficit.
873 2032 928 2084 etc.
944 2025 1028 2084 Nam
1036 2024 1104 2099 hoc,
1114 2040 1183 2085 nou
1190 2021 1397 2083 adulterabis.
1412 2022 1575 2084 Erasmus:

125 2108 244 2188 Nempe
258 2107 315 2168 hoc
328 2106 408 2170 idem
423 2116 485 2184 est,
509 2107 590 2192 quod
604 2108 720 2170 Paulus
735 2108 825 2171 dicit:
873 2110 1035 2188 Siquidem
1063 2111 1140 2185 illc,
1177 2127 1246 2171 aon
1274 2108 1490 2170 medeberis
1519 2117 1574 2170 stc.

125 2196 223 2272 lcycm
238 2195 392 2272 implevit.
872 2197 991 2257 Futura
1015 2195 1097 2258 modi
1122 2195 1279 2257 indicativi
1303 2216 1358 2277 pro
1383 2195 1574 2277 imperativis

167 2281 262 2343 Porro
278 2280 377 2362 legem
391 2280 518 2363 implere
533 2290 563 2344 et
577 2284 725 2362 perficere
739 2284 765 2344 is
781 2282 825 2343 di·
873 2283 1014 2345 Hebraeo
1029 2303 1114 2346 more
1126 2283 1227 2364 posuit
1240 2281 1415 2362 Apostolus,
1430 2284 1512 2344 sicut
1523 2283 1574 2343 lrs·

125 2368 215 2444 citur,
243 2370 296 2450 qni
319 2376 412 2429 totam
433 2369 533 2450 legem
559 2390 650 2451 opere
675 2377 825 2451 praestat:
872 2371 1023 2432 bentnrin
1037 2371 1106 2451 ipsa
1120 2370 1197 2452 lege.
1219 2368 1333 2430 Probat
1343 2369 1423 2431 enim
1435 2368 1478 2442 is,
1493 2367 1575 2451 qnod

125 2453 202 2517 adeo
213 2464 247 2516 nt
257 2477 297 2517 ne
307 2474 398 2515 unum
410 2455 531 2537 quidem
543 2456 620 2537 legis
632 2465 825 2538 praeceptum
873 2456 1008 2530 dixerat,
1035 2457 1259 2519 enumeratione
1272 2466 1509 2537 praeceptorum
1524 2456 1573 2519 ds·

125 2541 372 2624 transgrediatur.
389 2545 452 2621 Qui
461 2547 545 2604 enim
555 2544 689 2622 offendit
699 2546 736 2606 in
747 2563 824 2621 uno,
874 2545 985 2625 calogi,
1012 2544 1119 2627 quibus
1134 2544 1288 2606 ordinatur
1310 2544 1398 2604 homo
1415 2542 1455 2604 ad
1469 2545 1573 2624 proxi·

123 2631 231 2708 fornas
247 2637 291 2690 cst
305 2632 451 2690 omnium
464 2649 545 2692 reus.
569 2631 636 2692 Jsc.
654 2631 683 2690 2.
872 2651 961 2691 mum.
999 2630 1041 2691 Et
1063 2631 1137 2693 haec
1159 2630 1297 2713 quidem,
1326 2650 1407 2711 quae
1428 2637 1575 2708 recenset

170 2717 333 2797 Quaeritur
349 2736 437 2795 ergo,
464 2716 631 2797 quomodo,
655 2717 707 2796 qui
728 2715 826 2798 diligit
873 2719 1014 2800 negativa
1044 2727 1128 2793 sunt,
1165 2717 1354 2800 prohibentia
1387 2716 1427 2777 cb
1456 2719 1575 2799 injuriis

125 2805 309 2884 proximum,
329 2802 430 2882 legem
444 2803 586 2884 impleat,
607 2804 714 2879 idest,
730 2811 824 2867 totam
872 2807 1008 2885 proximo
1018 2804 1197 2867 inferendis:
1210 2803 1262 2866 sed
1274 2823 1353 2885 quse
1362 2805 1463 2865 omnia
1473 2812 1576 2867 tamen

127 2890 275 2963 observet,
291 2908 358 2949 cnm
373 2909 434 2950 non
448 2890 514 2952 sola
525 2890 621 2953 debiti
640 2910 713 2972 erga
724 2894 824 2973 proxi·
873 2892 993 2974 impleri
1006 2900 1175 2974 nequeant,
1201 2893 1261 2953 nisi
1281 2911 1337 2973 per
1358 2910 1464 2953 veram
1485 2891 1575 2954 dilec-

125 2996 206 3039 mum
220 2976 308 3038 officii
323 2986 488 3058 praecepta
509 2978 561 3039 lex
583 2979 749 3054 contineat,
772 2978 824 3041 sed
873 2980 993 3040 tionem.

126 3065 226 3139 etiam,
243 3072 275 3123 et
288 3063 440 3144 imprimis,
456 3084 528 3145 erga
542 3063 666 3126 Deum?
690 3064 781 3127 Unde
795 3075 825 3127 et
915 3066 1056 3127 Breviter
1080 3064 1156 3124 haec
1183 3071 1349 3145 praecepta
1379 3065 1574 3146 explicemus

125 3149 270 3231 diligendi
283 3151 344 3210 Dei
364 3152 525 3213 maximum
549 3161 580 3213 et
599 3154 726 3233 primum
740 3173 823 3213 man·
872 3153 1009 3215 Adulter
1020 3158 1074 3226 est,
1090 3150 1254 3212 nouaclum
1266 3154 1317 3234 qui
1330 3151 1463 3213 alienum
1475 3161 1574 3214 torum

125 3236 229 3298 datum
245 3259 264 3298 a
279 3236 397 3299 Christo
412 3248 545 3300 vocatur.
561 3239 669 3300 Matth.
684 3240 734 3299 22.
772 3239 824 3302 Se·
872 3241 983 3314 violat,
999 3241 1063 3300 sive
1078 3240 1274 3319 conjugatus,
1289 3240 1354 3300 sive
1370 3239 1500 3315 solutus,
1521 3258 1575 3300 ssu

124 3324 255 3387 cundum
269 3332 369 3386 autem
390 3324 536 3407 diligendi
554 3327 696 3407 proximi,
726 3327 824 3390 simile
872 3329 920 3388 vir
934 3347 987 3389 seu
1001 3327 1122 3387 mulier:
1149 3345 1253 3386 verum
1276 3328 1368 3388 etism
1391 3329 1447 3406 qni
1468 3328 1574 3407 coniu-

124 3411 179 3473 illi.
202 3414 244 3475 Iu
259 3411 370 3494 quibus
386 3413 510 3474 duobrss
524 3415 703 3489 mandatis,
718 3415 822 3496 inquit,
871 3424 961 3495 gatus
976 3434 1042 3475 cum
1059 3414 1110 3487 sit,
1137 3431 1204 3473 cum
1227 3413 1351 3475 muliere
1374 3414 1474 3474 soluta
1497 3434 1574 3477 com·

123 3502 276 3562 universa
292 3500 343 3560 les
354 3501 514 3576 pcndctct
525 3503 709 3579 prophetoe.
733 3499 822 3582 OaJ'e·
871 3504 1026 3574 miscetur,
1058 3502 1198 3581 quamvis
1224 3501 1282 3561 hoc
1308 3498 1451 3562 adulterii
1476 3520 1573 3584 genus

122 3595 210 3649 tenus
224 3584 392 3667 respondet,
407 3586 587 3666 Apostolum
601 3588 682 3671 loqui
698 3587 737 3648 de
752 3588 822 3670 lege
871 3588 990 3668 legibus
1006 3586 1087 3668 apud
1110 3587 1245 3648 ethnicos
1261 3589 1359 3668 puniri
1381 3609 1443 3649 non
1465 3589 1573 3651 soleat

121 3675 218 3736 relata
228 3673 267 3735 ad
278 3672 419 3732 homines.
436 3676 608 3753 Quoniam,
616 3676 721 3755 inquit,
733 3683 822 3737 trac·
871 3674 1043 3736 Homicida
1059 3680 1111 3745 sst,
1135 3675 1275 3754 quisquis
1290 3673 1407 3755 absque
1417 3675 1506 3755 justa
1522 3695 1573 3737 su·

122 3770 172 3822 tat
182 3763 221 3823 de
233 3761 344 3822 debitis
355 3761 485 3822 homiui.
509 3763 607 3838 cratus
617 3765 744 3838 sipnum
755 3782 822 3824 esse
871 3762 990 3822 toritate
1005 3763 1173 3834 hominem,
1193 3763 1258 3822 sive
1274 3770 1432 3822 nocentem
1447 3764 1574 3824 sivein·

120 3850 203 3921 vult,
232 3849 318 3926 quod
340 3867 401 3909 non
422 3846 542 3910 adierat
564 3851 623 3910 nisi
645 3858 821 3927 praecepta
870 3850 992 3911 noxium
1006 3847 1155 3910 interficit.
1179 3849 1335 3925 lirratm,
1352 3850 1491 3930 quisquis
1502 3849 1575 3913 ulie·

120 3937 298 3998 debitorum
314 3936 503 4010 hominibus,
521 3942 591 3995 cum'
604 3937 643 3998 de
658 3936 821 3998 dilectione
870 3955 939 3998 num
951 3937 1048 3996 invito
1057 3934 1177 3997 domino
1189 3943 1242 3995 aut
1253 3935 1364 4014 accipit
1376 3942 1431 3994 aut
1441 3935 1574 4013 detinet3

122 4031 155 4083 et
169 4024 253 4084 cultu
266 4022 326 4084 Dei
334 4021 400 4101 jam
414 4023 560 4103 superius,
571 4024 629 4084 hoc
641 4031 686 4085 est
696 4043 819 4104 praece·
869 4026 936 4084 sive
947 4022 1032 4098 clam,
1049 4024 1116 4083 sive
1127 4024 1226 4100 palam
1238 4041 1274 4082 sc
1286 4041 1342 4102 per
1352 4023 1415 4082 vim
1426 4022 1457 4083 id
1469 4023 1571 4084 luent.

121 4107 206 4170 denti
233 4111 344 4191 capite,
372 4109 529 4171 docuisset
568 4109 656 4189 Quae
681 4109 820 4190 Osjeteni
870 4110 988 4173 Falsus
996 4113 1146 4182 teatisest,
1160 4109 1449 4189 quicumquesciens
1460 4110 1574 4172 falsum

119 4199 273 4276 responsio
289 4199 378 4258 etiam
403 4197 469 4258 aliis
491 4196 674 4279 quibusdam
694 4216 754 4258 non
768 4199 819 4258 im·
870 4196 944 4258 dicit
958 4196 1175 4269 testimonium,
1200 4198 1379 4275 praesertim
1402 4196 1574 4277 injudicio,

119 4285 228 4344 merito
243 4284 396 4365 probatur.
869 4292 900 4345 et
915 4287 945 4344 in
959 4290 1171 4344 nocumentum
1186 4283 1325 4363 proximi.
1349 4281 1442 4364 Quod
1458 4292 1573 4365 postrs·

163 4368 328 4449 subjungit
342 4379 441 4433 tamen
456 4372 522 4452 ipse
544 4379 576 4430 et
590 4370 680 4431 aliam
696 4369 820 4431 solutio·
869 4390 947 4431 mnm
962 4369 1012 4431 lex
1023 4370 1174 4449 expressit
1184 4367 1317 4430 sddensr
1332 4378 1450 4432 contra
1458 4375 1587 4452 preci-⁸

120 4473 204 4516 nem:
221 4455 332 4517 idcirco
339 4466 423 4518 recte
434 4457 546 4519 dictum
557 4456 647 4538 qnod,
656 4458 710 4537 qui
720 4459 819 4538 proxi·
869 4476 958 4520 mum
973 4465 1073 4518 nsum.
1099 4454 1163 4516 Gur
1179 4456 1342 4536 Apostolus
1358 4456 1496 4521 ordinem
1511 4478 1574 4520 mu·

120 4559 201 4604 mum
216 4541 322 4623 diligit,
336 4544 436 4625 legem
452 4545 597 4627 implevit,
613 4546 684 4626 qnia
699 4543 819 4605 dilectio
869 4545 997 4619 taverit,
1023 4544 1074 4625 qui
1089 4544 1181 4604 estin
1196 4542 1343 4625 decalogo
1357 4542 1458 4606 Exod
1475 4547 1527 4608 ιθ.
1543 4552 1574 4607 st

119 4627 180 4690 Dei
195 4630 398 4692 indilectione
408 4633 538 4711 proximi
550 4631 720 4706 includitur,
735 4630 820 4691 velut
867 4632 961 4692 Dent.
979 4633 1017 4705 5.,
1037 4629 1089 4690 ubi
1111 4639 1326 4710 praeceptum:
1350 4633 1425 4694 Nou
1440 4633 1571 4708 credda,

122 4734 215 4780 causa
227 4718 259 4780 in
273 4716 390 4781 effectu.
413 4717 502 4802 Quas
516 4717 620 4782 eadem
634 4725 681 4781 est
694 4737 818 4803 respon·
867 4718 1060 4803 anteponitur
1069 4725 1248 4800 praecepto:
1259 4717 1335 4781 Nou
1344 4719 1570 4798 mercidem,
