3254 5190
135 265 181 334 18
571 263 575 279 “
648 255 885 311 COMMENTARIUS
901 256 932 311 lll
950 255 1060 312 1111·

131 431 240 515 quibus
261 431 461 511 Evangelium
482 430 681 512 praedicatur.
711 429 831 492 Placuit
876 432 948 493 lium
971 432 1098 495 Judaeis
1121 451 1210 514 quam
1228 432 1379 513 gentibus,
1401 442 1436 495 11
1449 435 1579 516 exponit

131 521 209 582 enim
225 518 345 579 divinae
362 520 534 599 sapientiae,
548 526 583 577 ut
597 520 640 578 ait
655 518 733 578 idem
748 519 829 600 Apo·
877 517 1093 599 Chrysostom,
1116 519 1167 581 vel
1188 523 1344 598 primum,
1368 520 1399 582 id
1414 530 1461 583 111
1483 523 1576 602 potis·

131 605 718 682 11111110111111.1.,11111111111111
730 624 829 682 pruc-
878 607 990 682 simum,
1014 608 1085 687 quia
1106 609 1262 687 promissio
1286 607 1390 668 salutis
1413 628 1467 688 per
1490 607 1578 669 Chri·

131 695 302 754 dicationis
313 692 420 753 salvos
433 694 540 769 facere
552 692 719 753 credentes.
739 691 828 752 Unde
874 701 954 771 ¹stum
977 693 1095 754 dandae
1117 715 1178 755 non
1201 693 1356 774 gentibus,
1380 694 1433 755 sed
1448 694 1578 756 Judaeis

131 789 161 841 et
184 778 293 840 ibidem
315 779 453 840 affirmat:
487 779 624 841 Verbum
652 781 756 839 crucis
777 781 827 856 iis,
876 780 956 839 facta
985 779 1092 841 fuerat.
1136 781 1226 842 Hunc
1255 800 1373 840 sensum
1403 782 1579 843 confirmant

131 870 187 945 qui
208 868 291 927 salvi
312 866 406 944 flunt,
430 884 495 927 1111
517 868 579 928 Dei
601 867 762 927 virtutem.
876 886 921 939 ea,
944 887 1022 947 quae
1045 869 1156 946 passim
1179 866 1217 927 de
1241 866 1426 928 Judaeorum
1455 888 1577 948 praero-

173 954 256 1013 Dicit
270 962 376 1028 autem,
393 956 481 1014 omni
496 954 648 1031 credenti,
672 974 733 1013 uon
748 950 829 1033 quod
876 953 979 1032 gativa
1000 953 1139 1014 dicuntur
1161 956 1192 1014 in
1215 954 1272 1014 111
1293 954 1430 1034 epistola,
1452 965 1486 1015 ut
1509 975 1577 1037 cap.

132 1043 226 1102 omnis
234 1039 504 1121 quomodocunque
512 1060 586 1101 vers
594 1039 719 1100 credens
727 1040 828 1099 Evan-
878 1047 906 1102 3.
931 1044 960 1101 9.
985 1045 1034 1100 11.
1059 1048 1089 1100 11
1114 1044 1162 1102 11.

130 1128 209 1208 gelio
233 1128 358 1188 salutem
384 1136 437 1187 aut
453 1128 600 1207 justitiam
620 1134 829 1207 consequatur,
921 1127 970 1186 17.
993 1129 1132 1191 Justitia
1162 1131 1248 1189 etaim
1269 1128 1333 1188 Da·
1360 1129 1397 1188 irs
1424 1147 1460 1190 co
1483 1147 1574 1190 reuc-

130 1224 163 1276 ut
185 1233 225 1275 ex
247 1215 304 1274 hoc
327 1214 393 1274 loco
424 1222 455 1275 et
477 1214 622 1275 similibus
643 1213 722 1273 male
745 1213 828 1273 colli·
877 1212 965 1272 latur
986 1232 1025 1276 11
1045 1214 1108 1291 fide
1129 1218 1165 1274 in
1187 1215 1290 1293 fldem.
1333 1215 1518 1275 Particulam
1540 1219 1577 1279 iss

130 1311 204 1382 gunt
225 1302 383 1362 haeretici:
409 1300 464 1361 sed
486 1303 556 1383 quia
577 1299 660 1374 fides,
683 1320 743 1381 qua
765 1319 827 1359 cre·
877 1312 912 1361 11
941 1299 981 1359 ad
1011 1300 1182 1362 credentem
1211 1301 1302 1362 refert
1329 1301 1467 1363 Ambros.
1498 1322 1575 1364 com·

131 1387 210 1449 ditur
230 1387 416 1468 Evangelio,
438 1388 567 1449 medium
590 1395 644 1461 est,
670 1407 725 1467 per
747 1387 829 1466 quod
876 1395 1032 1448 mentator.
1076 1389 1189 1449 Verum
1211 1387 1264 1449 alii
1290 1388 1382 1448 multo
1404 1391 1515 1449 rectius
1538 1390 1576 1450 ad

130 1475 215 1537 Deua
238 1475 388 1537 ordinavit
403 1476 537 1535 homines
555 1476 703 1554 justitiam
727 1483 758 1532 et
781 1494 828 1535 sa·
876 1475 1083 1554 Evangelium.
1114 1474 1228 1535 Probet
1250 1477 1329 1535 enim
1344 1474 1458 1535 Paulus
1474 1476 1576 1538 Evan-

130 1562 222 1623 lntem
245 1563 378 1644 adipisci.
410 1560 508 1641 Quam
524 1570 555 1621 et
573 1563 737 1622 certissime
760 1581 828 1622 con·
876 1561 987 1640 gelium
1020 1581 1086 1623 esse
1117 1563 1178 1622 Dei
1210 1564 1352 1622 virtutem
1382 1563 1413 1621 in
1447 1563 1576 1625 salutem

130 1659 299 1731 sequentur,
321 1653 346 1711 si
367 1651 479 1710 faciant
498 1657 527 1710 et
547 1650 709 1729 persistant
730 1651 761 1710 in
784 1668 828 1724 eo,
877 1649 956 1707 omni
979 1648 1119 1723 credenti,
1142 1650 1213 1729 qnia
1228 1651 1258 1709 in
1274 1669 1320 1722 eo,
1342 1649 1458 1710 scilicet
1472 1651 1576 1712 Evan-

20 1746 32 1760 “
131 1736 212 1822 quod
234 1736 308 1798 fides
331 1746 477 1798 monstrat
499 1734 679 1796 iaciendum.
877 1734 965 1814 gelio,
980 1735 1132 1796 revelatur
1142 1738 1260 1816 justitia
1272 1737 1334 1796 Dei
1348 1757 1386 1797 ex
1400 1734 1469 1796 fide.
1493 1739 1577 1798 Dicit

195 1825 257 1886 Alii
279 1824 449 1885 credentem
468 1823 641 1902 intelligunt
659 1822 749 1883 corde
763 1842 829 1902 per·
877 1829 977 1882 autern
992 1823 1144 1884 revelatur
1167 1816 1427 1900 ἀποκαλύπτεται,
1451 1825 1577 1904 quiade

130 1910 225 1985 lecto,
247 1912 278 1973 id
301 1920 361 1988 est,
391 1914 525 1992 quinon
549 1910 645 1971 solum
665 1910 756 1970 fidem
779 1909 828 1969 ad·
877 1912 1021 1987 mysterio
1044 1910 1176 1991 loquitur
1204 1911 1242 1971 ab
1273 1912 1407 1971 humanis
1438 1912 1577 1973 sensibus

131 2000 235 2060 hibeat
257 2000 350 2059 verbo
380 1998 630 2081 praedicationis,
660 1997 713 2056 sed
741 2016 826 2076 prae·
878 1996 1060 2056 abscondito.
1085 1999 1142 2057 Dei
1156 2000 1300 2077 justitiam
1318 2007 1436 2058 veteres
1452 1999 1576 2080 quidam

131 2096 214 2147 terea
234 2086 334 2146 facere
363 2095 487 2167 paratus
515 2086 553 2146 sit
576 2105 627 2158 ea,
656 2103 733 2165 quae
755 2082 830 2144 fides
878 2084 1062 2162 interpretati
1077 2092 1147 2144 sunt
1162 2104 1227 2145 eam
1238 2087 1393 2164 justitiam,
1416 2105 1476 2166 qna
1491 2087 1576 2146 Deus

130 2181 274 2234 monstrat
296 2172 448 2233 iacienda:
478 2170 558 2251 quod
589 2179 635 2230 est
658 2170 831 2231 obedienter
878 2171 943 2249 ipse
974 2171 1069 2244 iustus
1092 2181 1151 2245 est,
1181 2180 1211 2231 et
1232 2171 1330 2233 fidelis
1360 2175 1390 2232 in
1412 2173 1577 2252 promissis.

132 2259 263 2321 credere.
299 2262 387 2348 Quae
403 2260 550 2339 expositio
566 2266 767 2318 consentanea
785 2264 831 2315 est
879 2255 1089 2317 Theodoretus
1101 2259 1249 2336 justitium
1262 2258 1374 2319 Christi
1389 2260 1516 2318 hominis
1533 2261 1576 2318 in·

131 2348 198 2407 aliis
233 2348 398 2427 scripturae
427 2345 516 2417 locis,
551 2352 611 2404 1111
639 2343 720 2424 apud
752 2343 831 2404 hunc
877 2343 1010 2416 tellexit,
1032 2365 1092 2424 qua
1112 2345 1200 2405 nobis
1222 2344 1453 2426 redemptionem
1477 2354 1509 2405 et
1532 2363 1578 2405 sa·

131 2433 326 2514 Apostolum,
355 2453 443 2513 quam
466 2431 553 2506 alibi3
580 2431 664 2493 velut
685 2431 776 2491 Joan.
800 2431 829 2489 3.
878 2429 969 2492 lutem
991 2434 1159 2511 promeruit.

139 2521 179 2582 Ut
202 2522 304 2582 omnis
327 2524 382 2597 qui
397 2519 497 2580 credit
518 2521 555 2579 irs
578 2537 659 2592 eum,
683 2536 752 2578 uon
770 2535 831 2593 pc·
922 2518 998 2578 Sunt
1019 2527 1048 2578 et
1078 2521 1130 2598 qui
1152 2516 1302 2579 Christum
1331 2520 1427 2599 ipsum
1448 2520 1510 2579 Dei
1528 2518 1577 2597 ju-

132 2615 219 2682 1111,
242 2606 296 2667 scd
319 2607 433 2667 habeat
455 2608 556 2666 vitam
579 2611 752 2665 aeternam.
789 2603 832 2661 Et
879 2606 988 2665 stitiam
1011 2606 1247 2684 interpretentur.
1278 2605 1391 2665 Verum
1414 2608 1440 2665 si
1461 2625 1578 2685 expen-

134 2712 198 2773 cap.
225 2695 252 2752 7.
289 2695 351 2773 Qui
373 2692 473 2753 credit
495 2694 532 2752 in
554 2711 621 2766 111,
651 2693 732 2751 sicut
754 2690 832 2750 dicit
879 2690 983 2751 demus
999 2710 1128 2772 eaquae
1144 2700 1315 2772 sequuntur,
1339 2701 1369 2752 et
1384 2691 1577 2752 attendamus

134 2784 306 2857 scripturo,
321 2781 459 2858 flumina
474 2778 513 2838 dc
527 2780 717 2851 veutrccjus
730 2776 832 2855 {lusui
879 2777 918 2836 ad
949 2797 1070 2856 scopum
1100 2778 1293 2858 Apostolicae
1319 2777 1489 2851 doctrinae,
1520 2796 1579 2837 nec

133 2885 237 2944 aquae
259 2871 362 2927 vivae.
406 2865 502 2926 Juxta
531 2863 609 2923 hunc
632 2865 722 2941 igitur
744 2862 831 2922 intel·
878 2884 939 2922 non
960 2862 999 2922 cd
1022 2863 1128 2924 similia
1151 2866 1217 2924 loca
1239 2866 1418 2944 scripturae,
1441 2883 1578 2945 praeser-

133 2952 244 3014 lecturn
267 2951 405 3012 absoluta
428 2951 575 3012 sententia
598 2958 662 3023 est,
692 2949 832 3027 Evange·
879 2952 931 3009 tim
946 2949 1026 3028 apud
1041 2951 1120 3010 hunc
1136 2951 1262 3010 eundem
1277 2950 1472 3031 Apostolum
1495 2960 1578 3012 certo

132 3038 205 3101 lium
227 3037 346 3099 adferre
369 3037 495 3098 salutem
518 3038 597 3096 omni
626 3035 771 3096 credenti:
800 3043 834 3094 ut
880 3037 1101 3115 comperiemus,
1119 3038 1265 3115 justitiam
1280 3038 1341 3097 Dei
1364 3057 1423 3097 non
1445 3057 1511 3097 eam
1533 3039 1578 3096 in·

134 3125 209 3187 fides
231 3126 415 3205 intelligatur
437 3145 496 3183 non
518 3123 756 3203 qualiscumque,
779 3121 832 3182 sed
879 3123 982 3202 telligi,
1005 3143 1065 3203 qua
1080 3125 1163 3184 Deus
1186 3132 1238 3183 aut
1252 3123 1388 3184 Christus
1406 3124 1507 3202 justus
1523 3133 1579 3198 est,

138 3213 265 3274 formata
276 3211 356 3272 bona
367 3220 397 3272 et
408 3211 519 3272 efficaci
535 3210 689 3271 voluntate
703 3208 834 3268 faciendi
878 3228 935 3268 nec
958 3208 1056 3270 Deum
1079 3219 1132 3270 aut
1153 3208 1304 3270 Christum
1326 3212 1430 3290 ipsum,
1454 3210 1509 3270 sed
1527 3212 1577 3290 ju·

138 3298 218 3380 quod
232 3298 431 3378 Evangelium
453 3295 635 3378 praescribit
662 3297 711 3355 De
727 3315 788 3375 qua
801 3313 834 3354 re
880 3296 998 3367 stitiam,
1021 3316 1081 3376 que
1098 3297 1198 3374 justus
1220 3305 1266 3356 est
1287 3296 1381 3357 homo.
1584 3303 1588 3308 '

136 3386 256 3466 plenius
277 3388 354 3446 intra
369 3383 408 3445 ad
424 3382 513 3444 illud:
535 3387 652 3448 Justus
674 3390 834 3442 11111111
924 3383 1012 3462 Quas
1031 3381 1152 3463 quidem
1169 3384 1286 3462 justitia
1300 3383 1360 3442 Dei
1375 3390 1499 3442 vocatur
1521 3383 1576 3443 du·

135 3472 198 3550 lide
219 3475 308 3534 vivit.
879 3468 951 3547 plici
979 3469 1108 3529 ratione:
1138 3470 1186 3529 vel
1215 3469 1296 3549 quod
1318 3490 1337 3529 a
1357 3471 1426 3530 Deo
1455 3471 1510 3543 sit,
1542 3479 1577 3531 ut

177 3559 310 3624 sudoro
328 3561 474 3635 primum
496 3565 527 3618 ct
550 3556 680 3631 Graeco,
702 3556 759 3617 hoc
778 3562 832 3628 est,
876 3555 994 3632 justitia
1015 3556 1076 3615 Dei
1098 3554 1214 3616 dicatur
1235 3576 1296 3637 qua
1316 3556 1401 3616 Deus
1424 3557 1577 3617 hominem

135 3645 255 3708 «Iudaeo
270 3646 420 3726 imprimis,
439 3644 546 3705 deinde
561 3652 590 3703 et
605 3642 730 3704 Graeco.
753 3642 832 3702 Nam
879 3641 986 3717 donat,
1009 3641 1106 3702 induit
1128 3651 1160 3702 11
1181 3642 1284 3716 afficit,
1307 3643 1376 3704 dum
1399 3662 1465 3703 eum
1483 3643 1576 3721 justi·

135 3733 243 3814 copula
274 3753 327 3813 pro
359 3731 507 3812 particula
539 3730 651 3792 ordinis
687 3729 831 3790 Hebraeo
877 3728 964 3801 ficat3
993 3730 1036 3789 sic
1058 3729 1135 3789 enirn
1163 3729 1293 3809 loquitur
1315 3729 1479 3808 Apostolus
1501 3728 1575 3790 Phi·

134 3839 215 3881 more
236 3820 335 3899 posita
357 3827 410 3877 est.
441 3817 588 3879 Graecum
605 3817 744 3896 intelligit
757 3837 829 3896 gen·
878 3815 949 3896 lipp.
973 3815 1001 3874 3.
1036 3817 1396 3878 utinamutinam
1423 3818 1576 3878 1111111·

134 3906 216 3966 tilem
231 3925 448 3986 quemcunque,
468 3907 557 3966 etiam
571 3905 738 3964 barbarum.
761 3903 830 3963 Nou
877 3901 952 3963 11111
965 3920 1080 3979 mcum,
1092 3905 1263 3981 justitium,
1284 3922 1364 3980 quac
1380 3923 1418 3967 11
1433 3905 1498 3979 leue
1513 3913 1577 3967 cst:

133 3995 213 4052 eninr
227 3993 363 4067 barbaro,
384 4001 419 4052 ut
432 3993 522 4072 paulo
538 3999 617 4064 ante,
639 3990 695 4050 sed
709 3988 829 4049 Judaeo
876 3988 930 4048 scd
944 3989 1036 4048 iliam
1052 4008 1187 4066 111111
1203 3990 1265 4067 fids
1280 3998 1324 4051 cst
1340 3991 1467 4066 Christi,
1491 4010 1576 4068 quae

134 4078 270 4141 Graecus
293 4079 341 4139 hic
370 4080 539 4159 opponitur.
583 4077 673 4137 Ratio
695 4084 754 4135 tam
777 4095 828 4154 ge·
876 4093 914 4136 11
936 4077 1005 4136 Deo
1028 4084 1072 4136 111
1089 4079 1218 4152 justitia
1239 4079 1276 4137 iu
1297 4077 1369 4155 fide.
1413 4078 1503 4138 Hauc
1525 4101 1574 4141 11·

130 4166 242 4226 1111111
251 4166 431 4246 acceptionis
443 4175 497 4238 est,
509 4164 590 4246 quod
601 4161 829 4244 linguaGraeca
876 4163 984 4223 tionem
996 4163 1134 4224 adferunt
1146 4165 1203 4225 hoc
1216 4162 1279 4224 loco
1293 4162 1458 4245 Chrysost,
1467 4165 1574 4226 'Pheo-

130 4273 185 4334 per
199 4263 304 4332 gentes
319 4253 449 4312 maxime
465 4261 546 4314 esset
560 4252 736 4310 communis:
751 4248 827 4309 adeo
875 4249 1006 4330 phylact.
1037 4250 1148 4332 aliique
1171 4249 1293 4326 Graeci,
1323 4270 1380 4312 nec
1408 4272 1469 4312 non
1491 4253 1573 4337 Aug.

130 4346 164 4398 ut
185 4341 274 4399 etium
295 4339 375 4419 apud
405 4339 549 4400 barbaros
576 4338 641 4416 ejus
667 4355 741 4396 usus
763 4336 827 4416 plu·
874 4336 924 4397 lib.
948 4336 986 4397 de
1009 4339 1077 4417 spir.
1103 4346 1134 4398 et
1155 4338 1199 4397 lit.
1223 4360 1246 4398 c.
1272 4341 1354 4399 9.11
1379 4343 1426 4399 11.
1472 4338 1573 4402 Simili

128 4427 233 4486 timum
256 4426 439 4486 invaluisset.
470 4425 657 4487 Judaeorum
679 4443 751 4484 vero
774 4445 825 4484 no·
873 4425 988 4485 ratione
1018 4424 1128 4485 dictum
1159 4434 1204 4484 est
1232 4424 1341 4485 Psalm.
1372 4427 1401 4484 3.
1434 4427 1573 4490 Domini

127 4515 207 4572 mine
224 4514 314 4573 etiam
328 4512 477 4593 proselyti
493 4510 789 4592 comprehenduntur.
872 4511 967 4587 salus,
984 4510 1015 4570 id
1031 4521 1078 4573 est
1093 4530 1130 4571 ea
1145 4531 1222 4592 quae
1237 4520 1284 4572 est
1299 4533 1317 4572 a
1331 4513 1470 4572 Domino.
1493 4515 1572 4576 Item

169 4599 253 4660 Dicit
268 4608 366 4659 autem
379 4602 525 4675 primum
534 4598 677 4674 Judoco,
693 4597 745 4658 vel
756 4600 826 4679 quia
872 4597 983 4659 Psalm.
1006 4597 1190 4660 1911107.
1213 4599 1299 4661 salus
1320 4600 1466 4676 bominis,
1490 4618 1572 4681 quae

129 4687 214 4769 prius
235 4696 370 4769 tempore
391 4688 604 4749 monetatum
625 4695 672 4749 est
684 4684 824 4766 Evange·
874 4692 922 4746 est
942 4685 982 4747 ab
1006 4685 1140 4747 homins:
1168 4694 1201 4746 ut
1222 4686 1424 4768 Hieronymus
1446 4705 1485 4748 ex
1506 4688 1571 4752 He·
