3254 5190
93 288 169 360 332
351 232 358 239 ’
606 277 1016 334 emmerammum
1108 350 1120 358 -

93 461 176 548 Quis
202 463 288 530 enim
314 461 483 527 hominum
509 461 590 546 solt,
628 478 714 548 quae
742 459 1004 544 semihominis,
1041 457 1103 524 nisi
1130 457 1266 544 spiritus
1292 456 1410 527 homin

91 567 223 654 inipso
252 566 325 633 esti
359 565 408 631 ita
435 571 469 632 et
497 583 581 653 quae
609 563 675 630 Dei
701 568 793 651 sunt,
829 582 925 629 nemo
954 553 1161 648 eognovit¹),
1197 562 1260 627 nisi
1287 560 1410 648 Spiritu

94 671 152 738 12.
180 670 249 736 Nos
277 675 388 737 autem
414 688 481 734 non
507 667 659 756 spiritum
684 667 784 754 huJ'us
810 666 923 733 mundi
951 666 1157 753 accepimus,
1185 663 1245 731 sed
1273 663 1410 752 Spiritui

92 795 135 842 ex
159 773 233 840 Deo
262 778 329 859 est,
366 777 404 840 ut
429 773 589 859 sciamus,
617 791 701 860 quae
739 770 859 838 aDeo
887 769 1012 837 donata
1039 775 1114 836 sunt
1141 766 1255 835 nohis:
1301 770 1410 858 usq

90 879 273 965 loquimur,
299 897 366 943 non
392 877 426 942 in
453 874 561 943 doetis
588 876 750 944 humanae
778 875 965 962 sapientiae
991 872 1114 958 verbis,
1141 872 1260 939 sedin
1287 872 1410 941 doctrin

90 983 192 1067 ritus,
229 977 458 1066 spiritualibus
493 979 681 1065 spiritualia
715 983 958 1064 comparantes.
1022 978 1080 1042 11.
1108 977 1269 1045 Animalia
1297 981 1410 1043 autern

90 1104 156 1150 non
181 1084 327 1173 percipit
355 1102 413 1169 ea,
441 1102 526 1171 quae
553 1087 629 1149 aunt
656 1080 800 1169 Spiritus
827 1081 909 1147 Del:
950 1081 1093 1147 stultitia
1120 1082 1205 1146 enim
1234 1085 1286 1147 est
1312 1078 1381 1166 illi,

89 1193 202 1276 potest
228 1187 416 1275 intelligere
429 1177 475 1270 ²):
510 1186 588 1273 quia
614 1185 831 1273 spiritualiter
858 1185 1065 1251 examinatur
1074 1173 1111 1267 3).
1169 1183 1227 1250 15.
1255 1182 1410 1273 Spiritual

91 1298 158 1363 tom
180 1291 312 1379 judicat
333 1292 452 1376 omnia,
481 1295 515 1356 et
543 1291 613 1377 ipse
641 1309 662 1356 a
687 1291 818 1356 nemine
840 1287 1022 1375 judicatur.
1079 1283 1235 1373 16.,Quis
1263 1288 1351 1355 enirn
1379 1307 1410 1355 ot

91 1415 223 1465 sensum
235 1395 371 1462 Domini
382 1384 420 1480 ⁴),
448 1394 504 1481 qui
530 1395 675 1461 instrum
700 1394 798 1462 euml
825 1393 894 1460 Noa
921 1398 1033 1459 autem
1059 1410 1191 1459 sensum
1210 1390 1335 1459 Christi
1362 1389 1410 1458 ha‘

550 1701 753 1773 smhlhlull
775 1703 902 1773 Cil’l'lli
923 1702 1068 1774 tremui

91 1829 223 1885 christum
240 1829 268 1881 et
285 1828 355 1883 hunt
373 1824 521 1881 asomum
539 1825 723 1880 constitisse
741 1825 904 1891 praedicasse
923 1824 996 1888 tleit,
1015 1837 1073 1879 sum
1092 1826 1234 1879 humulute
1250 1824 1381 1885 sermonis
1400 1836 1410 1878 ι

194 1896 248 1953 hel.
282 1896 440 1961 sapientum
458 1893 554 1948 maudo
564 1892 748 1961 ahseontltam,
766 1905 832 1961 uuae
848 1896 905 1949 solo
917 1895 963 1948 llel
980 1895 1070 1959 spiritu
1085 1895 1206 1960 amussi
1223 1897 1317 1959 potest,
1336 1906 1365 1946 se
1382 1894 1410 1948 lo

194 1963 338 2031 pertesus:
357 1965 426 2031 quot
444 1963 562 2017 animalis
579 1963 657 2017 homo
675 1975 728 2016 non
745 1963 779 2017 stt
796 1968 872 2029 aptus
890 1962 923 2017 at
942 1975 1001 2016 eam
1018 1962 1217 2028 percipiendam.

134 2078 162 2133 1.
176 2073 221 2135 Et
236 2091 303 2150 epo,
319 2091 391 2135 casm
405 2074 557 2135 venerem
570 2071 616 2132 ad
630 2088 697 2147 vos,
714 2072 788 2148 fra·
838 2080 871 2132 nt
886 2090 993 2133 sensus
1009 2071 1064 2132 sit:
1086 2072 1182 2154 Igitur
1204 2071 1324 2154 quando
1340 2071 1410 2133 seni

89 2168 160 2220 tres.
190 2160 289 2240 Supra
305 2159 421 2221 dixerat
444 2179 478 2219 se
492 2161 617 2223 misam
640 2157 680 2218 ad
695 2176 786 2218 evan·
838 2159 923 2221 testis
938 2156 1069 2233 Christi,
1084 2159 1225 2221 videlieet
1239 2160 1410 2219 annuntiate

89 2245 298 2328 goliaandum,
321 2267 381 2308 ιιοιι
404 2248 435 2307 in
461 2245 612 2326 sapientia
626 2243 726 2317 verbi,
748 2263 788 2305 ne
838 2246 884 2307 bis
906 2243 1127 2324 Evangelium,
1153 2245 1232 2328 quod
1259 2255 1306 2307 est
1332 2245 1410 2305 testis

90 2353 165 2395 orux
188 2331 300 2394 Christi
330 2343 502 2395 evacuetur.
540 2331 578 2392 iu
600 2350 680 2391 nune
701 2329 789 2391 dooet
839 2330 969 2405 Christi,
992 2330 1100 2406 idest,
1126 2333 1163 2393 de
1178 2334 1313 2406 Christo,
1335 2330 1410 2413 idqu

90 2420 171 2502 apuli
186 2419 358 2481 Corinthios
374 2440 407 2480 se
422 2420 623 2500 praestitisse,
640 2418 789 2498 simulque
838 2418 1020 2498 legationem
1030 2419 1287 2499 mihiinjuuetam,
1298 2417 1410 2478 nullam

90 2528 110 2568 a
124 2509 224 2587 seipso
241 2504 458 2589 quodammodo
473 2505 592 2586 prohat,
606 2502 690 2583 quot
705 2502 787 2565 dixe·
838 2507 869 2566 in
884 2502 1112 2584 praedieatione
1127 2526 1194 2567 mea
1209 2507 1260 2566 vel
1276 2506 1410 2585 eloquon

91 2602 147 2667 rat,
159 2594 261 2655 Deum
273 2613 354 2673 quse
364 2593 454 2652 stulta
466 2601 536 2652 sunt
547 2589 651 2651 mundi
664 2597 694 2649 et
710 2608 789 2669 quae
839 2592 1007 2671 sapientiae
1037 2594 1203 2654 saecularis
1238 2592 1410 2653 eminentias

90 2678 209 2740 infirma
236 2679 382 2760 elegisse,
408 2679 502 2739 etiam
532 2674 633 2757 quoad
662 2674 788 2737 otlioium
838 2677 967 2758 simplici
988 2696 1124 2740 sermone
1139 2698 1226 2754 usus,
1249 2701 1286 2741 ao
1307 2678 1393 2738 nulla

91 2765 325 2844 praedieationis
334 2765 538 2845 etamplius,
550 2782 606 2844 per
613 2761 688 2823 haee
698 2763 789 2822 taeite
838 2763 1020 2824 adminioulo
1036 2766 1248 2847 philosophiae
1266 2767 1410 2827 humanat

90 2851 299 2932 pentrinpens
312 2851 460 2932 quosdam
472 2847 694 2912 Corinthiorum
709 2848 789 2911 Dos·
839 2859 917 2911 stum
932 2850 1019 2913 vohis
1034 2852 1216 2930 praeditavi.

92 2945 182 3014 tores,
194 2939 247 3017 qui
258 2939 289 2998 iu
299 2937 472 3017 Evangelio
485 2934 692 3017 praedicando
703 2955 788 2996 suam
882 2936 1048 3017 Quaeritur
1063 2959 1102 2999 an
1115 2941 1265 3019 potuisset
1279 2937 1410 3013 Paulus,

91 3022 285 3087 ostentabant
299 3025 502 3120 eloquentiam
517 3040 657 3083 unacum
670 3023 788 3101 sapien·
839 3023 959 3098 luisset,
983 3022 1159 3103 praedicare
1182 3046 1248 3086 oum
1272 3024 1410 3087 sublimit

90 3109 294 3175 tiasaetulari
318 3105 580 3190 Caeterum'etper
591 3111 698 3185 iteam
706 3115 789 3169 reete
837 3109 933 3169 monis
957 3118 988 3170 et
1010 3111 1178 3190 sapientiae
1199 3110 1387 3173 moruleris?

93 3203 250 3279 exponunt
265 3195 399 3277 quidam.
839 3193 993 3275 Chrysost.
1017 3204 1049 3257 et
1071 3216 1138 3257 eum
1159 3200 1253 3259 monti
1268 3196 1410 3278 'I'hsophp

141 3286 222 3345 Verri
249 3301 319 3344 nors
347 3286 384 3345 ia
413 3281 607 3343 subtimitate
636 3284 789 3342 samonis
838 3279 998 3343 Oooumen.
1001 3282 1233 3363 ,quodrevera
1247 3294 1280 3346 ut
1290 3287 1410 3363 apuntl

91 3375 159 3432 aet
156 3371 359 3470 mpieetsoe.
397 3372 439 3432 Is
464 3369 659 3431 sublimitate
681 3387 789 3447 grasse
839 3377 921 3429 esset
950 3371 1105 3450 imperitus
1133 3379 1164 3430 et
1193 3379 1338 3434 externae
1368 3390 1410 3452 aa]

92 3445 166 3515 καθ’
181 3448 345 3535 ὑπεροχὴν,
363 3455 394 3516 iri
410 3464 463 3529 est,
478 3454 653 3517 secandam
667 3453 718 3514 vel
728 3472 790 3532 per
837 3457 959 3536 penitus
975 3476 1092 3538 expers.
1128 3458 1171 3518 At
1186 3478 1258 3520 sano
1281 3477 1410 3539 quamsit

91 3542 328 3619 milimt'totem,
350 3541 433 3622 quod
448 3543 501 3601 et
492 3563 524 3602 ιιι
538 3539 714 3601 nonnullis
706 3560 788 3603 ruve-
839 3560 930 3603 sensu
952 3562 1088 3603 sermone
1103 3543 1275 3623 imperitum
1298 3545 1394 3607 fuisse

92 3630 172 3690 nitur
183 3626 302 3688 Latinis
312 3627 540 3689 vetustioribus.
564 3625 791 3687 Commentator
838 3628 937 3708 ipsius
953 3638 1071 3691 constet
1085 3632 1264 3704 testimonio,
1281 3635 1300 3692 2
1315 3631 1410 3692 Cor.
1405 3679 1410 3690 .

92 3713 232 3775 Ambroa.
247 3713 324 3795 legit
338 3730 410 3775 mam
426 3714 601 3775 eminentis
608 3757 619 3789 ,
644 3713 727 3793 quod
743 3732 788 3774 ro·
839 3712 871 3773 id
887 3714 925 3775 de
941 3734 974 3775 se
989 3715 1102 3779 latetur
1116 3714 1210 3797 (quod
1225 3717 1349 3798 quidem
1368 3735 1409 3797 qu

93 3810 179 3862 tutus
195 3808 242 3861 est
254 3801 410 3862 Erasmus.
838 3800 965 3876 dixerit,
981 3801 1042 3863 illio
1057 3823 1077 3863 a
1091 3804 1177 3865 nohis
1193 3800 1392 3885 explicatur),
1406 3828 1410 3860 ι

133 3891 345 3950 Aperantiam
359 3887 448 3949 vohis
466 3887 682 3947 testimoniam
694 3885 789 3947 Chri·
836 3895 870 3948 ut
886 3887 1018 3951 Crassos
1045 3891 1119 3969 legit
1133 3890 1262 3965 Poetae,
1286 3893 1328 3952 sio
1351 3887 1410 3951 et(

91 3977 140 4035 sti
162 3973 289 4046 Crasse,
305 3975 520 4035 testimonium
534 3973 607 4047 Dei,
623 3980 655 4032 at
669 3973 701 4034 in
715 3992 787 4033 uon·
839 3983 870 4040 et
892 3975 1093 4055 Philosophus
1117 3995 1185 4036 eum
1207 3977 1333 4056 legisse,
1361 3984 1393 4036 et

91 4060 183 4122 nullis
212 4063 398 4134 mysterium
426 4061 497 4120 Dei.
543 4056 632 4137 Quod
663 4059 789 4139 quidem
839 4063 1010 4141 sapientiae
1021 4060 1184 4123 saecularis
1194 4061 1278 4124 haud
1288 4081 1410 4145 prorsus

93 4147 185 4208 etiam
200 4145 277 4226 legit
289 4155 320 4207 et
331 4147 565 4226 interpretantur
576 4152 790 4207 commentator
838 4153 900 4208 tem
915 4147 1019 4222 fuisse,
1046 4151 1120 4208 satis
1136 4157 1180 4210 est
1193 4148 1377 4211 verosimile.

92 4232 230 4293 Ambros
267 4231 358 4293 Unde
378 4238 513 4333 apparet,
533 4231 603 4292 olim
623 4250 743 4313 quoque
757 4232 788 4293 in
838 4233 988 4311 ejusmodi
1003 4236 1183 4337 sapientiam
1196 4235 1277 4315 apud
1290 4235 1410 4297 Corinss

94 4319 220 4380 Graecis
244 4318 424 4399 quibusdam
440 4319 584 4418 seriptum
599 4317 696 4379 luisse
709 4334 788 4396 μυσ-
838 4320 977 4393 ostendit,
989 4341 1044 4382 noo
1056 4324 1185 4396 omnino,
1200 4321 1283 4402 quod
1294 4323 1358 4383 tale
1368 4342 1410 4404 qu

91 4397 212 4484 τήριον,
236 4398 529 4483 tametsipapttiptuu
544 4411 617 4484 puto
632 4405 788 4480 sincerius,
837 4408 941 4479 sciret,
963 4428 1036 4486 prae
1050 4428 1083 4467 se
1098 4409 1180 4483 tulit,
1206 4408 1351 4470 videlieet
1373 4429 1410 4470 oo

90 4674 117 4744 4)
134 4678 185 4731 ses
196 4606 386 4743 2011118111,
403 4610 445 4662 ²7.
488 4603 625 4673 'iicon
642 4611 667 4673 1,
685 4610 711 4662 1
727 4621 783 4675 seq.
826 4611 897 4664 Rom.
916 4613 989 4676 8,.7
1032 4611 1168 4674 ⁸)1cor.
1191 4616 1228 4666 11.
1248 4617 1272 4667 1.
1316 4615 1410 4669 torna
