3254 5190
89 298 136 365 70
597 291 834 344 COMMENTARIUS
853 290 884 342 lli
902 291 968 344 CAP.
985 293 1023 346 111.

87 465 270 545 condignum
294 467 492 545 significetur.
515 466 594 526 Nam
618 467 699 546 quod
717 487 782 527 eam
829 487 892 544 pro
912 471 1198 545 peccatisnostris,
1223 478 1254 528 et
1272 473 1317 528 4.:
1341 471 1430 530 Misit
1446 471 1535 529 Deus

88 574 126 613 ex
149 573 283 632 congruo
307 564 493 626 mereantur,
516 554 608 612 saeris
631 554 728 614 literis
753 563 785 612 et
833 554 937 630 filium
952 574 1042 614 situm
1056 559 1322 632 propitiationem
1334 574 1398 631 pro
1418 574 1534 633 pecea-

87 649 260 699 sanctorum
282 648 401 719 patrum
425 641 672 699 attestationibus
694 640 785 700 valde
834 645 874 701 tis
899 645 1031 719 nostris;
1061 642 1114 701 sed
1140 633 1325 719 ἱλαστήριον.
1359 642 1537 721 Potestque

88 734 323 785 consentaneum
346 736 400 785 est.
833 729 882 786 vel
906 738 1013 787 neutro
1035 748 1145 807 genere
1166 729 1264 807 accipi
1287 729 1337 788 vel
1351 729 1534 790 masculino.

130 813 224 872 Porro
241 833 278 871 ex
292 812 349 871 hoc
364 813 505 891 Apostoli
530 813 595 871 loco
620 820 651 872 et
665 813 732 872 aliis
749 816 785 873 si·
834 816 949 874 Neutro
959 835 1071 893 genere
1082 815 1266 875 vocabulum
1276 824 1323 875 est
1333 818 1429 876 sacris
1442 815 1535 894 serip-

88 899 211 958 milibus
237 899 447 959 constabilitur
473 899 582 978 dogma
604 899 785 959 catholicum
836 905 912 960 turis
927 901 1091 979 peculiare,
1115 913 1146 961 et
1161 923 1179 960 a
1195 902 1294 961 LXX.
1312 901 1536 981 interpretibus

90 985 234 1047 adversus
246 986 430 1064 Pelagianos
446 1007 482 1045 ac
493 987 726 1063 Pelagianorum
742 1007 786 1045 re·
835 997 1031 1066 usurpatum,
1066 987 1103 1047 ad
1134 986 1364 1066 significandam
1396 988 1536 1048 tabulam

89 1072 209 1152 liqnias,
226 1071 263 1130 dc
280 1074 379 1150 gratis
395 1081 425 1132 et
438 1071 714 1150 praedestinatione
727 1074 787 1132 Dei
837 1075 919 1133 illam
937 1075 1068 1152 desuper
1084 1085 1241 1134 extensam
1254 1095 1346 1154 supra
1360 1095 1462 1135 arcam
1474 1082 1534 1134 tes·

90 1178 212 1237 prorsus
238 1160 379 1236 gratuita.
410 1160 458 1218 De
486 1179 546 1237 quo
570 1159 724 1236 disputant
749 1180 786 1218 ex
837 1163 970 1235 timonii3
1009 1180 1102 1239 quam
1140 1163 1289 1240 interpres
1326 1162 1536 1239 Hieronymus

91 1245 227 1324 professo
245 1246 396 1323 Theologi
412 1246 441 1303 in
461 1251 486 1304 1.
501 1249 584 1304 Sent.
601 1246 671 1304 dist.
690 1250 739 1305 41.
757 1254 789 1305 et
836 1248 924 1306 medo
950 1250 1223 1322 propitiatorium,
1251 1246 1340 1307 modo
1367 1248 1537 1308 crumilum

91 1334 124 1392 in
137 1338 164 1393 2.
178 1331 247 1391 dist.
264 1335 312 1392 26.
336 1333 434 1391 Vocat
449 1341 551 1393 autem
567 1332 623 1390 hoe
638 1332 705 1391 loeo
722 1353 787 1411 gra·
836 1343 935 1393 vocat.
959 1335 1007 1392 De
1023 1353 1083 1412 quo
1100 1333 1198 1393 Exod.
1216 1336 1265 1394 25.
1279 1344 1309 1393 ct
1321 1336 1371 1395 36.
1388 1333 1490 1413 Cujus
1505 1344 1538 1393 st

91 1421 165 1478 tiam
181 1419 357 1497 Apostolus,
381 1438 471 1497 qnam
490 1421 519 1477 in
537 1418 667 1497 epistola
682 1418 721 1477 ad
737 1419 788 1478 Ti·
837 1420 1003 1499 Apostolus
1019 1421 1157 1479 meminit
1168 1421 1246 1481 Heh.
1261 1423 1288 1480 9.
1304 1421 1354 1479 Ad
1372 1420 1447 1479 illud
1462 1440 1538 1481 vero

93 1514 158 1564 tum
173 1514 263 1564 vocat
286 1503 529 1578 misericordiam,
553 1504 653 1577 idest,
677 1507 788 1584 gratui-
836 1507 969 1567 Paulum
993 1506 1041 1564 hic
1063 1508 1243 1585 respexisse,
1267 1506 1408 1568 velutad
1425 1517 1537 1586 typum

94 1601 155 1651 tam
178 1592 235 1650 Dei
262 1592 479 1671 benignitatem
501 1612 538 1651 ac
560 1591 789 1651 beneficentiam
839 1593 960 1666 Christi,
973 1593 1152 1653 existimant
1163 1592 1312 1672 Origenes
1325 1605 1356 1652 et
1369 1594 1537 1672 Theophy

95 1699 167 1758 erga
181 1680 307 1738 miseros
324 1688 355 1738 et
371 1677 517 1756 indiguos.
838 1680 947 1740 lactus.
979 1679 1071 1756 Quod
1098 1682 1123 1738 si
1151 1699 1332 1759 sequamur,
1355 1678 1537 1740 vertendum

137 1767 201 1824 Per
212 1766 451 1839 redemtionem,
470 1784 550 1842 quae
563 1774 606 1825 est
618 1768 653 1824 in
666 1767 790 1826 Christo
840 1777 920 1826 esset
932 1769 1209 1843 propitiatorium,
1233 1777 1268 1826 ut
1281 1767 1353 1826 feeit
1370 1765 1537 1845 'l'heophy-

95 1856 184 1915 Jesu.
209 1851 325 1911 Graeca
347 1873 408 1911 vox
433 1843 648 1927 ἀπολύτρωσις
667 1852 791 1930 proprie
839 1853 911 1912 lacti
940 1855 1094 1931 interpres.
1133 1852 1223 1932 Quod
1250 1855 1343 1913 etiam
1369 1853 1482 1912 Valles
1507 1860 1538 1912 et

96 1938 246 2017 significat
267 1958 332 1998 eam
352 1939 599 2016 redemptionem,
623 1959 683 2017 qua
700 1938 792 2016 eapti·
840 1939 1016 2018 Stapulensi
1032 1939 1143 2018 placet.

96 2046 152 2084 vus
169 2027 265 2103 pretio
281 2046 335 2103 pro
351 2026 452 2103 eapite
465 2026 531 2103 ejus
546 2026 698 2103 persoluto
715 2023 792 2084 redi·
883 2026 925 2084 At
949 2026 1136 2103 probabilius
1158 2036 1205 2086 est
1231 2027 1281 2086 hic
1302 2027 1402 2105 accipi
1426 2043 1538 2104 genere

96 2113 194 2171 mitur.
218 2110 254 2170 ld
278 2113 356 2172 enim
382 2112 512 2191 pretium
536 2110 661 2171 Graecis
685 2105 792 2186 λύτρον
840 2112 1023 2184 masculino,
1061 2123 1095 2170 ut
1125 2114 1356 2191 propitiatorem
1386 2111 1539 2190 significet

97 2198 214 2258 dicitur.
239 2198 360 2276 Estque
376 2218 498 2257 sensus:
515 2207 691 2277 peccatores
703 2198 792 2275 justi·
841 2219 894 2258 seu
912 2199 1179 2271 reconciliatorem,
1202 2210 1237 2259 ut
1258 2201 1352 2259 vertit
1371 2198 1538 2271 Erasmus;

96 2286 180 2345 ficari
202 2304 258 2363 per
272 2285 521 2363 redemptionem,
544 2305 636 2363 quam
657 2303 792 2364 appenso
842 2285 935 2365 idque
951 2307 1019 2344 eum
1035 2285 1185 2345 allusione
1205 2287 1244 2345 ad
1260 2286 1409 2345 sacrificia
1424 2285 1539 2344 veteris

97 2374 194 2450 pretio
222 2371 295 2430 fecit
320 2391 356 2429 ac
381 2374 492 2432 meruit
518 2369 657 2430 Christus
684 2371 792 2431 Jesus:
841 2373 927 2450 legis,
951 2391 988 2432 ea
1006 2373 1155 2444 nimirum,
1178 2390 1260 2451 quae
1283 2380 1370 2432 erant
1390 2372 1538 2449 propitia·

97 2461 171 2529 sive,
188 2458 270 2537 quod
286 2457 365 2518 idem
382 2467 437 2529 est,
454 2478 509 2535 per
520 2456 629 2517 desum
642 2457 793 2517 Christum
843 2461 919 2517 toria
940 2479 994 2537 pro
1018 2461 1168 2536 peccatis:
1192 2477 1274 2537 quae
1296 2457 1421 2536 quidem
1438 2458 1539 2517 omnia

97 2544 326 2623 redemptorem.
352 2545 502 2623 Quamvis
525 2545 626 2622 igitur,
649 2543 732 2622 quod
754 2543 793 2602 ad
841 2546 930 2603 unius
955 2545 1092 2604 sacrificii
1114 2546 1211 2604 crucis
1233 2544 1362 2623 figuram
1384 2542 1538 2622 praetule-

97 2641 200 2690 nostra
216 2630 322 2690 merita
338 2633 456 2702 attinet,
472 2631 563 2708 gratis
576 2630 793 2708 justificamur:
842 2642 918 2689 runt.
936 2632 1007 2689 Huc
1020 2633 1131 2691 invitat
1142 2633 1282 2704 maxime,
1298 2630 1380 2709 quod
1397 2629 1539 2690 additnrr

98 2739 157 2776 non
174 2727 272 2776 tamen
285 2717 401 2796 absque
417 2718 534 2776 meritis
546 2727 577 2775 et
589 2717 794 2777 satisfactione
843 2720 905 2777 Per
932 2718 1027 2792 ficiem
1055 2721 1088 2777 in
1114 2722 1272 2792 sanquine
1298 2720 1405 2793 ipsius.
1441 2717 1541 2777 Erant

99 2804 231 2875 Christi,
254 2806 306 2881 qui
331 2805 487 2882 sanguinis
509 2804 554 2862 sui
578 2805 675 2882 pretio
699 2825 753 2862 nos
777 2823 794 2860 a
841 2805 1413 2883 enimomninsacrificiapropitiatoria
1427 2802 1540 2863 veterit

98 2899 223 2971 peccato
240 2890 374 2962 redemit,
390 2901 483 2969 atque
499 2891 529 2948 in
544 2890 716 2950 libertatem
728 2891 792 2967 jus·
843 2891 918 2969 legis
935 2902 1069 2950 cruente.
1092 2890 1171 2949 Nam
1197 2892 1263 2950 sine
1285 2891 1446 2969 sanguinis
1467 2889 1539 2949 effu·

99 2979 184 3037 titiae
199 2975 375 3049 vindicavit,
399 2976 530 3055 denique
545 2980 646 3037 omnia
661 2977 740 3036 bona
756 2976 794 3035 ad
842 2980 927 3035 sione
943 2997 1003 3036 non
1018 2976 1110 3036 fiebat
1126 2981 1272 3036 remissio.
1289 2977 1384 3036 Hebr.
1401 2980 1430 3037 9.
1448 2973 1540 3056 Quod

100 3065 227 3123 salutem
245 3065 427 3141 pertinentia
450 3063 535 3124 nobis
559 3065 737 3141 promeruit:
761 3072 795 3121 ut
842 3067 867 3123 si
888 3066 1153 3139 propitiationem
1181 3064 1284 3142 legas,
1306 3074 1341 3122 ut
1364 3054 1540 3140 ἱλαστήριον

100 3150 225 3231 proinde
240 3160 321 3210 recte
336 3150 462 3220 dicatur,
486 3171 544 3208 non
567 3152 664 3210 solum
683 3149 794 3227 justifi-
843 3141 910 3208 ἀντὶ
935 3151 987 3207 τοῦ
1008 3142 1136 3226 ἱλασμοῦ
1160 3153 1294 3228 positum
1310 3152 1351 3209 sit
1367 3145 1466 3227 (quod
1482 3168 1541 3208 nou

100 3241 247 3300 cntionem
265 3246 405 3311 nostram,
429 3236 481 3296 sed
498 3248 528 3296 et
543 3237 794 3314 praedestinatio·
842 3236 999 3314 improbo),
1023 3256 1129 3295 sensus
1152 3237 1257 3297 eodem
1280 3235 1478 3296 nihilominus
1492 3256 1538 3295 re·

99 3325 365 3386 nemnitimeritis
382 3324 508 3398 Christi3
531 3333 665 3383 testante
687 3324 793 3384 eodem
842 3322 938 3394 cidet,
970 3325 1022 3402 qui
1050 3334 1096 3382 cst
1119 3323 1309 3401 hujusmodi:
1334 3341 1427 3402 (luein
1453 3323 1539 3383 Deus

97 3412 246 3492 Apostolo
258 3411 335 3490 Eph.
351 3417 377 3470 1.
393 3412 499 3485 Elepit
514 3431 574 3471 nos
584 3415 619 3470 in
635 3415 702 3487 ipso
718 3418 793 3471 ante
841 3413 1008 3489 proposuit,
1031 3410 1178 3481 exhihuit,
1202 3431 1237 3469 ac
1258 3409 1342 3469 dedit
1363 3409 1452 3469 nobis
1472 3430 1538 3489 pru

97 3500 214 3560 mundi
237 3502 503 3558 constitutionem.
526 3499 569 3556 Et
585 3499 707 3557 iterum:
733 3501 794 3578 Qui
841 3499 1016 3575 pitiatorem
1042 3516 1096 3555 seu
1131 3498 1393 3575 propitiationem,
1424 3495 1457 3555 id
1483 3508 1540 3569 cst,

95 3587 353 3663 praedestinavit
368 3604 427 3644 nos
437 3588 473 3643 in
486 3586 692 3660 adoptionem
708 3585 792 3660 filio·
841 3594 987 3663 tanquam
1011 3585 1165 3643 victimam
1189 3583 1343 3661 quandam
1371 3585 1437 3642 irae
1464 3602 1539 3644 suas

96 3692 167 3733 rum
181 3692 241 3747 per
255 3676 283 3735 J
283 3691 366 3731 esunt
385 3673 552 3733 Christum.
576 3671 791 3730 Verumtamen
841 3668 963 3730 divinae
975 3672 1228 3747 propitiatoriam,
1246 3672 1468 3729 interveniente
1480 3671 1538 3729 sci·

96 3762 187 3820 etium
202 3759 261 3818 hoc
278 3760 376 3835 ipsum
400 3758 459 3817 init
481 3759 633 3837 gratuitae
650 3778 791 3836 organas
841 3756 913 3816 licet
929 3756 1074 3816 effusione
1098 3758 1255 3835 sanguinis
1271 3758 1386 3834 ipsius,
1408 3757 1491 3816 sicut
1507 3757 1538 3815 in

95 3843 316 3907 misericordiae
347 3846 421 3917 Dei,
455 3844 537 3923 qnod
565 3842 720 3903 Christum
747 3864 791 3902 re·
838 3845 935 3902 veteri
952 3852 1136 3903 testamento
1159 3846 1360 3915 victimarum,
1384 3862 1538 3921 quaepru

95 3932 278 4010 demptorem
292 3941 323 3992 et
335 3931 554 3991 satisfacturam
563 3930 651 3990 nobis
664 3930 789 3990 dederit.
839 3940 964 4007 peccato
974 3930 1183 4002 offerebantur,
1192 3931 1318 4007 sanguis
1327 3926 1441 3988 effundi
1451 3929 1538 3989 solet.

86 4018 183 4079 'Unde
199 4019 297 4079 adhuc
313 4021 468 4093 sequitur:
838 4013 935 4093 Cujus
959 4016 1080 4094 quidem
1105 4018 1332 4094 propitiationis
1353 4036 1389 4076 ac
1403 4018 1537 4076 reeonei·

138 4106 186 4166 25.
211 4110 307 4184 Quem
326 4108 496 4181 proposuit
523 4106 607 4163 Deus
626 4106 789 4179 propitia·
836 4100 972 4163 liationis
994 4105 1159 4180 participes
1182 4123 1236 4161 uos
1259 4102 1336 4162 effici
1359 4101 1461 4162 voluit
1483 4122 1539 4182 per

92 4195 210 4252 tionem
236 4211 296 4267 per
317 4192 412 4267 {idem
439 4195 474 4251 in
497 4193 654 4265 sanquine
681 4193 788 4265 ipsius.
837 4187 937 4247 fidem.

92 4279 224 4358 Quidam
241 4281 356 4337 vetusti
368 4278 486 4338 codices
499 4276 613 4336 habent
625 4280 788 4353 propitia·
879 4277 940 4335 Hic
951 4274 1037 4335 vides
1050 4286 1139 4352 parte
1151 4275 1203 4335 illa
1216 4277 1253 4334 in
1267 4277 1425 4351 sanauine
1436 4279 1537 4352 ipsius

91 4372 210 4442 torem;
236 4365 347 4443 quibus
372 4375 510 4424 annrrunt
534 4371 636 4422 textus
652 4364 739 4422 Amh.
758 4373 788 4422 et
836 4364 930 4421 astrui
944 4361 1091 4422 vocabulo
1103 4364 1368 4437 propitiationem
1380 4363 1447 4421 sive
1456 4381 1536 4438 pro-

90 4449 219 4529 Syriaca
243 4453 361 4521 versio,
385 4472 501 4511 neenon
525 4448 716 4528 quarundam
741 4468 786 4508 ec·
834 4450 1026 4522 pitiatorern.
1049 4450 1089 4507 Et
1110 4447 1194 4507 favet
1211 4446 1457 4526 chrysostomus,
1481 4449 1535 4527 qui

90 4537 248 4598 clesiarum
266 4538 428 4598 breviaria.
452 4537 563 4615 Neque
576 4539 655 4597 enirn
669 4535 787 4595 Graece
836 4534 912 4593 illud
930 4533 1150 4608 intermedium,
1171 4553 1232 4611 per
1246 4536 1351 4610 (idem,
1375 4556 1435 4594 uon
1451 4535 1535 4596 vide·

90 4635 137 4685 est
153 4616 294 4703 ἱλασμὸν,
320 4624 403 4702 quod
426 4624 676 4703 propitiationem
693 4623 784 4699 signi·
835 4629 884 4679 tur
910 4621 1032 4699 legisse.
1062 4620 1124 4680 Alii
1152 4631 1253 4681 tamen
1279 4630 1400 4681 servato
1428 4621 1535 4682 ordine

87 4708 167 4785 ficet,
189 4721 225 4772 ut
244 4717 260 4771 1
276 4711 367 4772 Joan.
385 4714 412 4770 2.
436 4712 508 4787 Ipse
531 4716 575 4769 est
594 4710 786 4786 propitiatio
833 4707 993 4769 verborum
1018 4706 1160 4787 Apostoli
1186 4711 1386 4788 posteriorem
1415 4716 1533 4789 partem
