3254 5190
466 110 868 189 lil’lssiolatdntlldlmffle
890 112 1114 191 wib-³¹·
1444 121 1529 225 ibib:

77 288 316 371 ffiflmlpmam
328 288 429 365 ιωίι,
443 287 771 371 concitetisudrepeum
819 310 931 373 magna
944 291 1129 377 incrementis
1141 287 1234 375 ‚fidei
1243 296 1368 381 veptppp
1381 298 1413 377 et
1424 289 1519 387 ¹dono-

74 376 465 453 ssdudamrurutumultu,
473 374 772 455 comprehensurus
819 397 884 439 rum
897 376 1027 457 Spiritus
1043 379 1152 455 eructi..
1185 376 1271 439 Scire
1290 376 1433 461 sedicit,
1458 397 1521 439 non

73 464 396 547 superunitam
410 462 677 544 missuaiuibique
688 464 771 543 bien·
819 463 1000 527 certitudine
1015 462 1087 545 fidei
1101 462 1155 524 vel
1169 462 1356 538 evidentiae,
1373 462 1427 525 sed
1441 460 1518 525 fidu·

71 552 114 613 nio
126 550 284 617 detentus.
305 550 394 631 Quen
406 549 574 631 primaiuit
595 550 662 628 ejus
678 550 771 629 capti·
819 551 898 627 niae,
925 571 1017 633 quum
1038 542 1129 631 valde
1150 549 1262 631 bonam
1278 549 1317 609 de
1338 548 1398 609 illis
1413 571 1519 613 conce·

71 641 142 699 ritas
157 636 309 705 Bonane
330 640 381 703 un
394 644 497 701 antem
510 656 549 697 ex
564 654 601 699 ea
622 635 770 715 liberatus
817 646 920 717 perat,
937 657 976 699 cx
988 630 1193 719 'praecedente
1209 656 1312 698 corum
1327 636 1387 697 fide
1403 644 1434 698 et
1448 638 1517 701 ebo

71 726 147 801 (nam
162 734 240 804 pust
250 724 330 787 illud
344 722 595 801 bienniumvixit
607 722 706 797 adbuc
718 742 770 783 no·
819 723 941 795 dientie.
963 722 1059 785 Porro
1075 724 1307 811 chrysostomus
1323 725 1448 805 exponit
1461 724 1519 787 boc

70 832 133 873 m
145 812 273 875 circiter
285 808 394 887 anuos)
413 809 575 892 ⁸¹11}me
590 809 771 893 Hispepism
818 808 906 883 medo
915 833 931 883 ι,
945 810 1014 871 Scio
1030 830 1086 887 me,
1100 830 1193 895 quum
1204 830 1328 895 venero,
1343 830 1399 871 vos
1413 811 1519 873 inven-

69 898 185 973 adierit,¹
197 896 334 971 «lubinti
347 906 457 977 potest.
491 896 630 971 Affirmnt
645 897 723 957 enim
737 894 770 965 id
817 905 916 959 turum
930 894 1218 977 repletosorunibus
1243 891 1331 959 donis
1357 897 1519 981 spirituali·

71 984 459 1067 Epiphanius„.edsersus
496 982 770 1065 Carpocretitarum
819 976 894 1047 bus.¹
907 982 970 1073 Qui
985 979 1091 1055 sensns
1105 975 1174 1067 plne
1187 974 1281 1045 babet
1295 984 1472 1059 modestiae,
1489 992 1521 1046 et

70 1071 210 1135 brnruin
235 1070 394 1145 &praue
430 1069 492 1137 Sed
518 1090 556 1133 ex
586 1090 648 1151 qna
672 1070 770 1131 veteri
819 1070 956 1151 congruit
979 1064 1047 1137 ou'm
1069 1091 1120 1145 eo,
1150 1069 1232 1151 quod
1254 1060 1456 1151 supradixit,
1487 1091 1520 1133 so

71 1158 192 1219 bbtoria
218 1158 408 1239 comprobari
437 1155 470 1233 id
498 1158 607 1238 possit,
637 1154 771 1223 nondum
819 1167 1014 1229 certumeese
1028 1156 1067 1219 dc
1081 1158 1238 1231 Romanis,
1266 1154 1346 1241 qued
1361 1158 1444 1237 pleni
1459 1158 1520 1219 sint

69 1246 179 1325 ιφοιίς
201 1264 261 1315 nec
282 1244 446 1309 admodum
460 1243 633 1311 verosimile
653 1251 707 1319 est,
727 1242 771 1303 ite
818 1236 979 1321 dilectionis
988 1263 1050 1325 ¹seu
1071 1246 1207 1309 bonitate
1231 1254 1261 1305 et
1284 1245 1363 1305 omni
1384 1245 1519 1305 scientis.

71 1350 140 1393 csse.
163 1332 241 1409 Non
253 1333 337 1393 enim
350 1332 461 1412 legitur
475 1329 592 1401 Paulus
610 1333 643 1395 in
656 1330 768 1413 Hispa·
818 1332 898 1399 Suet,
916 1340 948 1391 et
968 1330 1095 1413 eliorum
1116 1330 1199 1393 alies
1220 1332 1438 1413 expositiones,
1465 1330 1521 1391 sed

71 1418 225 1485 niaullm
235 1414 382 1485 buturo
392 1417 562 1481 eeclesiam.
586 1416 677 1499 Quod
688 1423 769 1477 certe
819 1438 870 1479 eae
886 1427 920 1481 ut
934 1438 1039 1501 perum
1050 1410 1223 1499 probabiles¹
1239 1420 1353 1478 omitto.

72 1504 360 1569 immurmuro
380 1526 417 1567 ec
438 1514 626 1577 conteror-nnn
639 1504 768 1585 Apostu·
862 1506 912 1569 30.
937 1502 1067 1583 Obsecro
1084 1524 1157 1583 erpo
1169 1523 1224 1566 ‘vos
1237 1506 1359 1583 fratres
1372 1524 1433 1585 per
1447 1506 1518 1565 Do·

72 1592 171 1666 lorum,
191 1596 253 1675 qui¹
269 1593 523 1673 nullasregioum
541 1591 654 1652 adiisse
665 1592 770 1671 legun·
817 1595 942 1655 mireum
953 1600 1096 1675 uestrum
1106 1597 1220 1657 Jesuus
1233 1592 1401 1654 Christum.
1419 1590 1524 1673 Rogat¹

72 1692 119 1755 tur,
134 1680 297 1763 inquibus
309 1680 524 1742 ecclesiasnon
536 1680 770 1741 constituerent:
818 1700 886 1741 cum
901 1678 1123 1755 obtestatione,
1143 1686 1177 1739 ut
1195 1700 1250 1760 pro
1273 1698 1308 1738 ee
1330 1687 1362 1740 οι
1376 1698 1519 1741 successu

74 1770 110 1829 its
121 1764 271 1835 videlieet
285 1786 338 1845 ens
360 1766 512 1849 dirigente
526 1766 641 1847 Spiritu
656 1772 769 1838 sancto,
818 1765 981 1847 Evangelii
994 1786 1030 1826 ec
1045 1767 1202 1827 ministerii
1218 1767 1266 1827 eni
1280 1764 1380 1828 Deum
1396 1776 1490 1827 orent.

74 1856 173 1935 quiet
193 1854 296 1917 Paulo
321 1853 490 1937 prohibuit,
519 1874 558 1915 ne
585 1855 616 1913 in
640 1852 714 1915 Asia
740 1859 771 1911 et
861 1854 905 1915 lit
923 1872 985 1933 per
1004 1854 1171 1915 ceritatem
1192 1857 1294 1914 sancti
1308 1854 1457 1929 Spiritus.
1481 1852 1518 1913 In

75 1941 216 2021 Bithynia
244 1941 372 2007 verbnm
403 1940 584 2023 ¹loqueretur
608 1940 676 2001 Act
709 1942 769 2011 16..
819 1940 936 2003 Graeco
961 1946 992 2000 et
1005 1938 1138 2020 ¹Syriaco
1162 1948 1193 1999 et
1206 1940 1322 2001 Latinis
1341 1938 1519 2020 quibusdam

74 2028 190 2108 quaudo
203 2027 340 2091 nondum
354 2026 476 2089 volebat
499 2027 535 2089 iis
551 2028 582 2088 in
597 2025 769 2107 regionibus
819 2025 905 2095 abest
929 2032 1040 2087 saneti.
1079 2024 1242 2087 (lenitatem
1268 2026 1397 2107 Spiritus
1420 2035 1519 2101 vocat,

74 2114 405 2199 οοιιιιοίοοοοιιςιοςιιιίτ
415 2114 460 2175 Ac
468 2133 541 2175 saue
549 2110 770 2193 quidmugnnm
819 2108 900 2197 qnae
924 2108 1058 2175 sute'rern
1084 2113 1177 2173 habet
1198 2112 1344 2195 Spiritum
1369 2122 1517 2175 sanctum.

74 2201 164 2279 inerit,
179 2202 215 2265 in
229 2200 381 2285 Hispania
390 2200 519 2261 Paulum
526 2199 630 2275 fuisse,
645 2202 673 2261 si
687 2196 770 2259 nulla
820 2200 898 2261 Nam
913 2202 1070 2261 caritatem
1086 2199 1254 2280 intelligere
1269 2198 1390 2261 videtur
1405 2220 1517 2275 eorum,

75 2290 150 2351 ires
167 2286 361 2351 Christianae
382 2286 453 2349 fidei
475 2286 605 2366 vestigia
624 2282 769 2367 reliquit?
818 2286 857 2347 ad
874 2306 951 2369 quos
966 2284 1084 2361 scribit,
1100 2306 1161 2368 qua
1175 2286 1322 2373 videlicet
1336 2286 1467 2348 Paulum
1481 2308 1519 2347 ac

75 2374 181 2437 Verum
193 2376 337 2456 qnoniam
349 2383 381 2437 et
390 2372 459 2437 aliis
471 2374 626 2436 diversum
636 2374 768 2435 sentien·
818 2384 937 2435 caetera
946 2372 1057 2435 Christi
1064 2375 1197 2434 membra
1206 2372 1387 2455 diligebant:
1399 2375 1519 2436 temetsi

75 2462 144 2523 obus
158 2482 220 2527 sue
234 2482 297 2525 non
316 2462 426 2525 duent
445 2470 625 2543 arguments
640 2458 722 2537 (nam
738 2462 769 2520 in
817 2461 953 2527 nonnulli
968 2460 1005 2522 de
1021 2462 1161 2535 caritate,
1183 2480 1264 2542 qnae
1279 2469 1324 2523 est
1339 2462 1407 2540 ipse
1423 2460 1517 2543 Spiri-

75 2560 231 2629 ntraruque
244 2558 363 2629 partem
378 2555 470 2629 testes
492 2558 525 2609 οι
537 2549 669 2609 rationes
684 2544 767 2607 adfe-
816 2558 865 2609 tus
881 2555 1017 2623 sanctus,
1033 2549 1276 2629 interpretentur.

74 2638 312 2709 mntBurouius
323 2644 404 2697 tome
417 2633 444 2695 1.
455 2634 566 2701 Annei.
575 2632 768 2697 ecclesiastic.
865 2636 905 2697 Ut
916 2634 1074 2710 adiuvetis
1086 2655 1133 2695 me
1145 2638 1181 2696 iu
1194 2635 1395 2697 orationibus
1406 2638 1517 2695 nestris

73 2721 103 2783 sd
122 2744 174 2785 en.
196 2722 287 2783 Donn
311 2725 360 2805 Sl.
381 2728 413 2780 et
434 2722 585 2783 Peresius
605 2721 636 2782 in
657 2719 766 2801 disput.
813 2740 876 2797 pro
891 2742 941 2784 me
959 2723 1003 2782 ed
1017 2723 1133 2801 Deum.
1177 2724 1293 2793 Vestris
1316 2720 1400 2782 multi
1413 2720 1518 2783 Latini

74 2806 258 2887 injuriosi),
284 2829 339 2875 nes
365 2805 404 2869 dc
431 2828 468 2869 ee
493 2828 527 2869 re
550 2814 615 2867 tota
639 2804 768 2869 liberum
817 2808 936 2887 codices
957 2804 1019 2870 non
1045 2806 1176 2869 addunt:
1208 2816 1241 2867 nt
1267 2828 1324 2868 nec
1347 2807 1377 2867 in
1398 2805 1516 2869 Graeco

72 2893 168 2957 lectori
178 2894 328 2975 judicium
342 2892 548 2975 relinquimus.
653 2892 656 2897 '
816 2895 935 2975 legitur.
963 2886 1067 2959 ¹Porro
1093 2894 1242 2956 Graecum
1268 2896 1393 2973 verbum
1424 2911 1517 2957 cosa·

106 2986 156 3043 29.
180 2984 255 3045 Scio
270 2989 388 3055 eutem,
404 2983 560 3057 quonium
578 2983 708 3041 veniens
723 2978 766 3037 ud
816 2972 1008 3067 pusicueb'ut
1030 3002 1089 3051 non
1113 2982 1267 3061 significat
1285 2980 1516 3063 quomodocum-

75 3086 130 3145 τοι,
144 3072 183 3131 iu
197 3068 404 3137 abundaretis
415 3068 640 3129 benedictionis
651 3068 766 3127 Evau-
816 3088 876 3148 que
903 3069 1068 3147 adjuvere,
1097 3068 1152 3129 ssd
1182 3076 1371 3139 concertare,
1404 3067 1434 3127 id
1461 3077 1516 3143 eet,

73 3156 137 3227 oelit'
153 3156 274 3219 otrtur·
291 3158 427 3217 verrium.
463 3152 500 3213 In
519 3153 672 3235 plerisque
687 3151 766 3213 cedi·
815 3164 1001 3235 pugnantem
1014 3163 1044 3213 et
1054 3152 1240 3215 laborantem
1251 3150 1406 3235 adjuvare.
1425 3154 1516 3215 Unde
1550 3198 1562 3217 .

73 3242 146 3303 cibus
159 3240 271 3309 aborsu
285 3262 348 3304 vex
361 3240 533 3318 Ecuupelii
540 3263 552 3317 ,·
575 3248 609 3300 ιιι
622 3259 678 3299 ιιοο
692 3237 765 3319 legi·
815 3242 952 3321 seqnitur
967 3240 1006 3301 de
1020 3238 1216 3303 adversariis:

72 3335 109 3389 tu
119 3326 204 3409 apud
212 3336 460 3401 commentatores
466 3328 601 3389 Latinos.
623 3324 684 3387 Sed
697 3345 766 3385 eam
857 3328 907 3389 31.
938 3328 979 3389 Ut
990 3325 1105 3388 liberer
1115 3328 1156 3389 ub
1168 3328 1359 3405 infidelibus,
1373 3331 1428 3405 qui
1439 3334 1516 3389 suut

71 3416 262 3477 restituerunt
283 3416 413 3485 Romani
439 3425 621 3477 correctores
635 3431 687 3477 ¹ex
711 3432 763 3473 ve·
813 3416 850 3474 iu
865 3414 1007 3477 Judaea.
1038 3416 1231 3493 Quisuutin
1248 3412 1367 3475 Graeco
1384 3422 1515 3489 nonest,

71 3504 150 3563 ustis
166 3500 401 3581 exemplaribus.
424 3499 582 3585 Siquidem
592 3502 626 3559 in
637 3496 764 3559 Graecis
813 3510 843 3561 et
856 3521 912 3597 pro
925 3500 1123 3577 infidelibus,
1147 3502 1337 3582 participium
1362 3512 1409 3563 est
1425 3493 1514 3561 ἀπει-

71 3596 153 3669 stque
169 3589 263 3649 etism
277 3588 411 3669 Syriacis
431 3588 474 3647 ita
495 3586 620 3665 legitur:
642 3588 680 3645 iu
691 3586 764 3661 ple·
816 3585 966 3664 ὓουντωνς
982 3608 1043 3667 qno
1056 3588 1273 3668 significantur,
1282 3589 1335 3668 qui
1343 3591 1514 3651 suasionem

71 3676 214 3735 uredine
226 3674 452 3735 benedictionis
463 3674 636 3749 Evauyelii
648 3672 764 3733 Christi
814 3694 874 3733 non
886 3672 1057 3734 admittunt.
1095 3676 1162 3736 Uno
1178 3676 1271 3735 verbo
1287 3676 1445 3735 increduli
1460 3682 1515 3735 aut

71 3764 201 3823 ceuwm.
217 3758 763 3831 Plenitudobenedictionis,Hebrais·
813 3761 1005 3836 inspersuusi
1025 3760 1085 3821 dici
1108 3766 1242 3842 posenni.
1280 3760 1376 3841 Syrus
1399 3770 1513 3821 coutu-

71 3866 129 3907 uus
155 3856 218 3921 est,
244 3850 332 3927 isque
353 3846 475 3927 duplex.
510 3846 667 3924 Significat
686 3847 764 3905 enim
813 3865 914 3907 maces
922 3855 1020 3908 vocat
1043 3846 1138 3909 Tales
1149 3856 1234 3909 erunt
1243 3848 1380 3907 infideles
1389 3844 1512 3923 Judaei,

70 3932 184 4011 plenum
199 3941 231 3995 et
244 3933 448 3995 abundantem
469 3932 717 4006 benedictionem,
731 3930 763 3991 id
812 3934 1007 4013 pertimetur
1027 3935 1203 3997 resistentes
1225 3934 1403 4013 Evangelio.
1439 3934 1512 3995 Sen-

70 4032 117 4094 cst,
147 4020 280 4095 fi'ncturu
295 4028 389 4099 atque
402 4029 594 4099 proventum,
620 4026 763 4098 tanquam
812 4040 879 4083 sus:
912 4020 955 4080 Ut
973 4030 1136 4101 postquam
1159 4024 1191 4081 in
1213 4021 1364 4082 Judaeum
1391 4041 1512 4095 venero,

70 4106 456 4178 simtumlienedictionis,
482 4106 541 4166 hoc
564 4113 624 4178 est,
651 4104 760 4165 benefi-
811 4105 922 4169 liberer
937 4106 975 4167 ab
989 4106 1166 4181 incredulis,
1193 4107 1243 4187 qni
1265 4108 1295 4167 in
1314 4126 1352 4167 ca
1367 4116 1451 4181 sunt,
1477 4116 1512 4169 nt

70 4194 178 4256 sentiae
192 4192 325 4255 divinae.
362 4192 488 4253 Sensum
502 4212 574 4252 vero
597 4192 677 4252 bunc
697 4191 762 4251 red·
812 4196 842 4253 in
864 4214 971 4254 manus
998 4214 1101 4255 eorum
1131 4214 1192 4253 non
1213 4192 1351 4253 incidam.
1388 4194 1511 4255 Sciebat

69 4280 151 4341 dunt:
166 4280 239 4342 Seio
254 4300 313 4354 mc,
327 4298 421 4360 quum
435 4278 474 4339 sd
489 4298 545 4339 vos
559 4298 679 4353 venero,
695 4298 762 4339 cnm
811 4282 889 4341 enim
903 4280 1076 4361 Apostolus,
1098 4299 1132 4341 ee
1146 4282 1177 4339 in
1192 4280 1312 4341 Judseu
1326 4282 1510 4361 periclitatu-

69 4366 162 4447 rnplo
169 4368 337 4447 etcopiose
348 4366 447 4427 fructu
464 4365 534 4427 fidei
551 4372 677 4437 vestrae,
692 4386 760 4445 pro·
808 4387 891 4442 rum,
907 4376 939 4425 ιιι
955 4368 1010 4448 qni
1020 4366 1046 4431 J
1048 4366 1154 4428 ndaeie
1167 4377 1293 4447 propter
1306 4368 1509 4449 Evangelium

69 4464 188 4515 renum
207 4474 248 4515 ex
268 4452 440 4532 Evangelio
452 4452 573 4527 Christi,
595 4459 760 4512 venturum.
810 4452 977 4532 adgentes
1004 4454 1184 4514 translatum
1210 4455 1402 4515 vehementer
1429 4463 1510 4516 esset

69 4538 137 4615 Soio,
165 4560 267 4603 meum
296 4538 460 4600 adveruum
489 4538 577 4600 vobis
598 4537 761 4600 allaturum
810 4558 927 4601 exosus.
951 4538 1034 4619 Quid
1050 4550 1152 4605 autem
1167 4542 1196 4601 ei
1213 4539 1358 4601 acciderit
1372 4541 1507 4621 proticis-

1235 4644 1299 4735 ιι*
