<?xml version="1.0" encoding="UTF-8"?>
<!DOCTYPE html PUBLIC "-//W3C//DTD XHTML 1.0 Transitional//EN"
    "http://www.w3.org/TR/xhtml1/DTD/xhtml1-transitional.dtd">
<html xmlns="http://www.w3.org/1999/xhtml" xml:lang="en" lang="en">
 <head>
  <title>
</title>
<meta http-equiv="Content-Type" content="text/html;charset=utf-8" />
  <meta name='ocr-system' content='tesseract 3.04.00' />
  <meta name='ocr-capabilities' content='ocr_page ocr_carea ocr_par ocr_line ocrx_word'/>
</head>
<body>
  <div class='ocr_page' id='page_1' title='image "./guilielmiestiii00estigoog/guilielmiestiii00estigoog_0194.png"; bbox 0 0 3270 5182; ppageno 0'>
   <div class='ocr_carea' id='block_1_1' title="bbox 497 303 1514 380">
    <p class='ocr_par' dir='ltr' id='par_1_1' title="bbox 497 303 1514 380">
     <span class='ocr_line' id='line_1_1' title="bbox 497 303 1514 380; baseline 0.012 -22"><span class='ocrx_word' id='word_1_1' title='bbox 497 303 660 358; x_wconf 74' lang='grc'>1111810111</span> <span class='ocrx_word' id='word_1_2' title='bbox 677 305 718 360; x_wconf 78' lang='lat' dir='ltr'><strong>so</strong></span> <span class='ocrx_word' id='word_1_3' title='bbox 735 306 886 361; x_wconf 72' lang='lat' dir='ltr'><strong>nomos</strong></span> <span class='ocrx_word' id='word_1_4' title='bbox 903 304 988 361; x_wconf 72' lang='lat' dir='ltr'><strong>ffliS.</strong></span> <span class='ocrx_word' id='word_1_5' title='bbox 1003 307 1042 360; x_wconf 82' lang='lat' dir='ltr'><strong>ld.</strong></span> <span class='ocrx_word' id='word_1_6' title='bbox 1057 307 1097 362; x_wconf 90' lang='grc'>17.</span> <span class='ocrx_word' id='word_1_7' title='bbox 1447 314 1514 380; x_wconf 76' lang='grc'><strong>171</strong></span> 
     </span>
    </p>
   </div>
   <div class='ocr_carea' id='block_1_2' title="bbox 72 479 1520 1251">
    <p class='ocr_par' dir='ltr' id='par_1_2' title="bbox 72 479 1520 1251">
     <span class='ocr_line' id='line_1_2' title="bbox 72 479 1520 564; baseline 0.001 -23"><span class='ocrx_word' id='word_1_8' title='bbox 72 501 138 541; x_wconf 82' lang='lat' dir='ltr'><strong>sero</strong></span> <span class='ocrx_word' id='word_1_9' title='bbox 154 479 247 542; x_wconf 76' lang='lat' dir='ltr'><strong>eorde</strong></span> <span class='ocrx_word' id='word_1_10' title='bbox 262 490 438 563; x_wconf 81' lang='lat' dir='ltr'><strong>susceptum</strong></span> <span class='ocrx_word' id='word_1_11' title='bbox 450 482 594 563; x_wconf 88' lang='lat' dir='ltr'><strong>oonsequi</strong></span> <span class='ocrx_word' id='word_1_12' title='bbox 603 482 715 557; x_wconf 75' lang='lat' dir='ltr'><strong>solent,</strong></span> <span class='ocrx_word' id='word_1_13' title='bbox 726 483 774 542; x_wconf 91' lang='lat' dir='ltr'><strong>uti</strong></span> <span class='ocrx_word' id='word_1_14' title='bbox 822 492 867 542; x_wconf 88' lang='lat' dir='ltr'><strong>est</strong></span> <span class='ocrx_word' id='word_1_15' title='bbox 880 503 936 562; x_wconf 88' lang='lat' dir='ltr'><strong>pro</strong></span> <span class='ocrx_word' id='word_1_16' title='bbox 952 491 1034 543; x_wconf 82' lang='lat' dir='ltr'><strong>serto</strong></span> <span class='ocrx_word' id='word_1_17' title='bbox 1050 485 1216 563; x_wconf 77' lang='lat' dir='ltr'><strong>cognitum,</strong></span> <span class='ocrx_word' id='word_1_18' title='bbox 1231 485 1302 564; x_wconf 82' lang='lat' dir='ltr'><strong>qnia</strong></span> <span class='ocrx_word' id='word_1_19' title='bbox 1315 502 1377 543; x_wconf 91' lang='lat' dir='ltr'><strong>non</strong></span> <span class='ocrx_word' id='word_1_20' title='bbox 1392 491 1520 562; x_wconf 89' lang='lat' dir='ltr'><strong>possunt</strong></span> 
     </span>
     <span class='ocr_line' id='line_1_3' title="bbox 72 566 1519 648; baseline 0.001 -21"><span class='ocrx_word' id='word_1_21' title='bbox 72 568 108 627; x_wconf 91' lang='lat' dir='ltr'><strong>de</strong></span> <span class='ocrx_word' id='word_1_22' title='bbox 123 586 159 627; x_wconf 88' lang='lat' dir='ltr'><strong>ee</strong></span> <span class='ocrx_word' id='word_1_23' title='bbox 175 566 331 648; x_wconf 79' lang='lat' dir='ltr'><strong>baptizato</strong></span> <span class='ocrx_word' id='word_1_24' title='bbox 351 569 505 629; x_wconf 84' lang='lat' dir='ltr'><strong>eonfirmet</strong></span> <span class='ocrx_word' id='word_1_25' title='bbox 528 570 659 648; x_wconf 73' lang='lat' dir='ltr'><strong>August.</strong></span> <span class='ocrx_word' id='word_1_26' title='bbox 677 568 728 630; x_wconf 93' lang='lat' dir='ltr'><strong>lib.</strong></span> <span class='ocrx_word' id='word_1_27' title='bbox 745 571 773 629; x_wconf 79' lang='lat' dir='ltr'><strong>s.</strong></span> <span class='ocrx_word' id='word_1_28' title='bbox 821 568 896 628; x_wconf 88' lang='lat' dir='ltr'><strong>illud</strong></span> <span class='ocrx_word' id='word_1_29' title='bbox 912 577 991 630; x_wconf 86' lang='lat' dir='ltr'><strong>oerto</strong></span> <span class='ocrx_word' id='word_1_30' title='bbox 1007 570 1177 630; x_wconf 80' lang='lat' dir='ltr'><strong>discernere</strong></span> <span class='ocrx_word' id='word_1_31' title='bbox 1194 590 1212 629; x_wconf 90' lang='lat' dir='ltr'><strong>a</strong></span> <span class='ocrx_word' id='word_1_32' title='bbox 1228 571 1408 648; x_wconf 77' lang='lat' dir='ltr'><strong>conjecturis</strong></span> <span class='ocrx_word' id='word_1_33' title='bbox 1434 567 1519 629; x_wconf 79' lang='lat' dir='ltr'><strong>fella·</strong></span> 
     </span>
     <span class='ocr_line' id='line_1_4' title="bbox 72 652 1519 737; baseline 0.001 -24"><span class='ocrx_word' id='word_1_34' title='bbox 72 652 201 713; x_wconf 74' lang='grc'>0011000.</span> <span class='ocrx_word' id='word_1_35' title='bbox 218 674 284 735; x_wconf 81' lang='lat' dir='ltr'><strong>esp.</strong></span> <span class='ocrx_word' id='word_1_36' title='bbox 301 658 330 716; x_wconf 84' lang='lat'><strong>4.</strong></span> <span class='ocrx_word' id='word_1_37' title='bbox 347 662 378 715; x_wconf 92' lang='lat' dir='ltr'><strong>et</strong></span> <span class='ocrx_word' id='word_1_38' title='bbox 393 657 421 715; x_wconf 84' lang='lat' dir='ltr'><strong>b.</strong></span> <span class='ocrx_word' id='word_1_39' title='bbox 454 656 497 716; x_wconf 77' lang='lat' dir='ltr'><strong>Et</strong></span> <span class='ocrx_word' id='word_1_40' title='bbox 511 655 550 715; x_wconf 88' lang='lat' dir='ltr'><strong>de</strong></span> <span class='ocrx_word' id='word_1_41' title='bbox 575 655 774 716; x_wconf 77' lang='lat' dir='ltr'><strong>reconsiliatis</strong></span> <span class='ocrx_word' id='word_1_42' title='bbox 822 656 915 715; x_wconf 84' lang='lat' dir='ltr'><strong>uibus.</strong></span> <span class='ocrx_word' id='word_1_43' title='bbox 940 656 1011 735; x_wconf 79' lang='lat' dir='ltr'><strong>Quo</strong></span> <span class='ocrx_word' id='word_1_44' title='bbox 1036 657 1084 729; x_wconf 87' lang='lat' dir='ltr'><strong>iit,</strong></span> <span class='ocrx_word' id='word_1_45' title='bbox 1099 665 1134 714; x_wconf 90' lang='lat' dir='ltr'><strong>ut</strong></span> <span class='ocrx_word' id='word_1_46' title='bbox 1148 676 1204 716; x_wconf 83' lang='lat' dir='ltr'><strong>neo</strong></span> <span class='ocrx_word' id='word_1_47' title='bbox 1219 658 1348 737; x_wconf 87' lang='lat' dir='ltr'><strong>quisque</strong></span> <span class='ocrx_word' id='word_1_48' title='bbox 1364 676 1466 716; x_wconf 87' lang='lat' dir='ltr'><strong>eorum</strong></span> <span class='ocrx_word' id='word_1_49' title='bbox 1481 655 1519 715; x_wconf 89' lang='lat' dir='ltr'><strong>de</strong></span> 
     </span>
     <span class='ocr_line' id='line_1_5' title="bbox 73 737 1518 822; baseline 0.001 -24"><span class='ocrx_word' id='word_1_50' title='bbox 73 737 210 820; x_wconf 78' lang='lat' dir='ltr'><strong>synodus</strong></span> <span class='ocrx_word' id='word_1_51' title='bbox 226 741 314 802; x_wconf 80' lang='lat' dir='ltr'><strong>&#39;Prid</strong></span> <span class='ocrx_word' id='word_1_52' title='bbox 330 761 404 802; x_wconf 87' lang='lat' dir='ltr'><strong>sees.</strong></span> <span class='ocrx_word' id='word_1_53' title='bbox 422 744 471 803; x_wconf 86' lang='lat'><strong>14.</strong></span> <span class='ocrx_word' id='word_1_54' title='bbox 488 761 553 821; x_wconf 81' lang='lat' dir='ltr'><strong>eep.</strong></span> <span class='ocrx_word' id='word_1_55' title='bbox 569 742 598 800; x_wconf 82' lang='lat' dir='ltr'><strong>S.</strong></span> <span class='ocrx_word' id='word_1_56' title='bbox 627 742 773 822; x_wconf 91' lang='lat' dir='ltr'><strong>Denique</strong></span> <span class='ocrx_word' id='word_1_57' title='bbox 822 761 856 801; x_wconf 91' lang='lat' dir='ltr'><strong>se</strong></span> <span class='ocrx_word' id='word_1_58' title='bbox 871 751 971 804; x_wconf 85' lang='lat' dir='ltr'><strong>certus</strong></span> <span class='ocrx_word' id='word_1_59' title='bbox 987 745 1034 815; x_wconf 88' lang='lat' dir='ltr'><strong>sit,</strong></span> <span class='ocrx_word' id='word_1_60' title='bbox 1050 763 1084 805; x_wconf 89' lang='lat' dir='ltr'><strong>ee</strong></span> <span class='ocrx_word' id='word_1_61' title='bbox 1096 762 1162 803; x_wconf 89' lang='lat' dir='ltr'><strong>esse</strong></span> <span class='ocrx_word' id='word_1_62' title='bbox 1171 742 1288 820; x_wconf 88' lang='lat' dir='ltr'><strong>justum</strong></span> <span class='ocrx_word' id='word_1_63' title='bbox 1300 752 1330 802; x_wconf 92' lang='lat' dir='ltr'><strong>et</strong></span> <span class='ocrx_word' id='word_1_64' title='bbox 1341 743 1403 802; x_wconf 90' lang='lat' dir='ltr'><strong>Dei</strong></span> <span class='ocrx_word' id='word_1_65' title='bbox 1413 742 1518 802; x_wconf 83' lang='lat' dir='ltr'><strong>filium.</strong></span> 
     </span>
     <span class='ocr_line' id='line_1_6' title="bbox 74 827 1518 906; baseline 0.001 -20"><span class='ocrx_word' id='word_1_66' title='bbox 74 828 202 898; x_wconf 85' lang='lat' dir='ltr'><strong>elamor,</strong></span> <span class='ocrx_word' id='word_1_67' title='bbox 227 827 259 887; x_wconf 92' lang='lat' dir='ltr'><strong>id</strong></span> <span class='ocrx_word' id='word_1_68' title='bbox 282 836 343 902; x_wconf 83' lang='lat' dir='ltr'><strong>est&#39;,</strong></span> <span class='ocrx_word' id='word_1_69' title='bbox 367 829 464 888; x_wconf 86' lang='lat' dir='ltr'><strong>oratio</strong></span> <span class='ocrx_word' id='word_1_70' title='bbox 480 828 590 890; x_wconf 85' lang='lat' dir='ltr'><strong>devote</strong></span> <span class='ocrx_word' id='word_1_71' title='bbox 604 827 644 888; x_wconf 88' lang='lat' dir='ltr'><strong>ed</strong></span> <span class='ocrx_word' id='word_1_72' title='bbox 659 828 773 903; x_wconf 89' lang='lat' dir='ltr'><strong>Deum,</strong></span> <span class='ocrx_word' id='word_1_73' title='bbox 822 827 921 906; x_wconf 78' lang='lat' dir='ltr'><strong>Quem</strong></span> <span class='ocrx_word' id='word_1_74' title='bbox 933 831 973 888; x_wconf 88' lang='lat' dir='ltr'><strong>sit</strong></span> <span class='ocrx_word' id='word_1_75' title='bbox 982 829 1206 890; x_wconf 87' lang='lat' dir='ltr'><strong>entemsPauli</strong></span> <span class='ocrx_word' id='word_1_76' title='bbox 1218 831 1368 890; x_wconf 82' lang='lat' dir='ltr'><strong>sententie</strong></span> <span class='ocrx_word' id='word_1_77' title='bbox 1378 828 1518 903; x_wconf 84' lang='lat' dir='ltr'><strong>alienum,</strong></span> 
     </span>
     <span class='ocr_line' id='line_1_7' title="bbox 74 914 1520 995; baseline 0.001 -23"><span class='ocrx_word' id='word_1_78' title='bbox 74 934 131 995; x_wconf 87' lang='lat' dir='ltr'><strong>que</strong></span> <span class='ocrx_word' id='word_1_79' title='bbox 152 922 277 994; x_wconf 80' lang='lat' dir='ltr'><strong>petrem</strong></span> <span class='ocrx_word' id='word_1_80' title='bbox 300 933 370 974; x_wconf 90' lang='lat' dir='ltr'><strong>eum</strong></span> <span class='ocrx_word' id='word_1_81' title='bbox 396 914 576 975; x_wconf 86' lang='lat' dir='ltr'><strong>lidueisliter</strong></span> <span class='ocrx_word' id='word_1_82' title='bbox 601 914 773 994; x_wconf 76' lang='lat' dir='ltr'><strong>appellant,</strong></span> <span class='ocrx_word' id='word_1_83' title='bbox 822 914 904 994; x_wconf 89' lang='lat' dir='ltr'><strong>quod</strong></span> <span class='ocrx_word' id='word_1_84' title='bbox 920 935 959 976; x_wconf 85' lang='lat' dir='ltr'><strong>ex</strong></span> <span class='ocrx_word' id='word_1_85' title='bbox 975 915 1031 975; x_wconf 89' lang='lat' dir='ltr'><strong>boo</strong></span> <span class='ocrx_word' id='word_1_86' title='bbox 1054 917 1120 975; x_wconf 86' lang='lat' dir='ltr'><strong>loeo</strong></span> <span class='ocrx_word' id='word_1_87' title='bbox 1144 918 1262 975; x_wconf 74' lang='lat' dir='ltr'><strong>sectarii</strong></span> <span class='ocrx_word' id='word_1_88' title='bbox 1285 915 1446 995; x_wconf 79' lang='lat' dir='ltr'><strong>eolligunt,</strong></span> <span class='ocrx_word' id='word_1_89' title='bbox 1468 914 1520 974; x_wconf 88' lang='lat' dir='ltr'><strong>vel</strong></span> 
     </span>
     <span class='ocr_line' id='line_1_8' title="bbox 74 999 1516 1083; baseline -0.001 -23"><span class='ocrx_word' id='word_1_90' title='bbox 74 1001 146 1060; x_wconf 86' lang='lat' dir='ltr'><strong>lilios</strong></span> <span class='ocrx_word' id='word_1_91' title='bbox 163 1000 233 1078; x_wconf 83' lang='lat' dir='ltr'><strong>ejus</strong></span> <span class='ocrx_word' id='word_1_92' title='bbox 248 1019 353 1081; x_wconf 88' lang='lat' dir='ltr'><strong>seper</strong></span> <span class='ocrx_word' id='word_1_93' title='bbox 369 1021 415 1074; x_wconf 88' lang='lat' dir='ltr'><strong>ee,</strong></span> <span class='ocrx_word' id='word_1_94' title='bbox 429 1021 509 1083; x_wconf 86' lang='lat' dir='ltr'><strong>qnae</strong></span> <span class='ocrx_word' id='word_1_95' title='bbox 520 1001 586 1079; x_wconf 89' lang='lat' dir='ltr'><strong>jem</strong></span> <span class='ocrx_word' id='word_1_96' title='bbox 600 999 774 1075; x_wconf 82' lang='lat' dir='ltr'><strong>dictasunt,</strong></span> <span class='ocrx_word' id='word_1_97' title='bbox 822 1021 898 1061; x_wconf 87' lang='lat' dir='ltr'><strong>unus</strong></span> <span class='ocrx_word' id='word_1_98' title='bbox 914 1002 966 1061; x_wconf 91' lang='lat' dir='ltr'><strong>ille</strong></span> <span class='ocrx_word' id='word_1_99' title='bbox 983 1000 1066 1063; x_wconf 85' lang='lat' dir='ltr'><strong>loeus</strong></span> <span class='ocrx_word' id='word_1_100' title='bbox 1089 1010 1193 1081; x_wconf 81' lang='lat' dir='ltr'><strong>aperte</strong></span> <span class='ocrx_word' id='word_1_101' title='bbox 1215 1002 1338 1081; x_wconf 83' lang='lat' dir='ltr'><strong>probet,</strong></span> <span class='ocrx_word' id='word_1_102' title='bbox 1354 1001 1406 1061; x_wconf 90' lang='lat' dir='ltr'><strong>ubi</strong></span> <span class='ocrx_word' id='word_1_103' title='bbox 1426 1001 1516 1060; x_wconf 82' lang='lat' dir='ltr'><strong>dicit:</strong></span> 
     </span>
     <span class='ocr_line' id='line_1_9' title="bbox 74 1086 1520 1167; baseline 0 -20"><span class='ocrx_word' id='word_1_104' title='bbox 74 1095 283 1167; x_wconf 68' lang='lat' dir='ltr'><strong>agnoscentes.</strong></span> <span class='ocrx_word' id='word_1_105' title='bbox 306 1087 418 1167; x_wconf 82' lang='lat' dir='ltr'><strong>Igitur,</strong></span> <span class='ocrx_word' id='word_1_106' title='bbox 442 1091 519 1148; x_wconf 86' lang='lat' dir='ltr'><strong>sieut</strong></span> <span class='ocrx_word' id='word_1_107' title='bbox 532 1106 587 1167; x_wconf 90' lang='lat' dir='ltr'><strong>per</strong></span> <span class='ocrx_word' id='word_1_108' title='bbox 600 1086 774 1167; x_wconf 89' lang='lat' dir='ltr'><strong>hujusmodi</strong></span> <span class='ocrx_word' id='word_1_109' title='bbox 822 1088 884 1148; x_wconf 81' lang='lat' dir='ltr'><strong>Sed</strong></span> <span class='ocrx_word' id='word_1_110' title='bbox 899 1107 1001 1166; x_wconf 75' lang='lat' dir='ltr'><strong>neque</strong></span> <span class='ocrx_word' id='word_1_111' title='bbox 1016 1109 1065 1148; x_wconf 82' lang='lat' dir='ltr'><strong>me</strong></span> <span class='ocrx_word' id='word_1_112' title='bbox 1081 1091 1184 1164; x_wconf 80' lang='lat' dir='ltr'><strong>ipsum</strong></span> <span class='ocrx_word' id='word_1_113' title='bbox 1197 1089 1319 1165; x_wconf 76' lang='lat' dir='ltr'><strong>judico,</strong></span> <span class='ocrx_word' id='word_1_114' title='bbox 1336 1088 1418 1148; x_wconf 76' lang='lat' dir='ltr'><strong>nibil</strong></span> <span class='ocrx_word' id='word_1_115' title='bbox 1434 1091 1520 1148; x_wconf 80' lang='lat' dir='ltr'><strong>enim</strong></span> 
     </span>
     <span class='ocr_line' id='line_1_10' title="bbox 75 1173 1519 1251; baseline 0.001 -18"><span class='ocrx_word' id='word_1_116' title='bbox 75 1173 265 1251; x_wconf 78' lang='lat' dir='ltr'><strong>conjectures</strong></span> <span class='ocrx_word' id='word_1_117' title='bbox 288 1193 348 1234; x_wconf 93' lang='lat' dir='ltr'><strong>non</strong></span> <span class='ocrx_word' id='word_1_118' title='bbox 370 1178 492 1238; x_wconf 88' lang='lat' dir='ltr'><strong>omnino</strong></span> <span class='ocrx_word' id='word_1_119' title='bbox 515 1181 599 1234; x_wconf 79' lang='lat' dir='ltr'><strong>serta</strong></span> <span class='ocrx_word' id='word_1_120' title='bbox 612 1173 648 1233; x_wconf 87' lang='lat' dir='ltr'><strong>iit</strong></span> <span class='ocrx_word' id='word_1_121' title='bbox 661 1173 775 1234; x_wconf 90' lang='lat' dir='ltr'><strong>homini</strong></span> <span class='ocrx_word' id='word_1_122' title='bbox 822 1176 900 1234; x_wconf 75' lang='lat' dir='ltr'><strong>milti</strong></span> <span class='ocrx_word' id='word_1_123' title='bbox 915 1179 1056 1236; x_wconf 73' lang='grc'>00000100</span> <span class='ocrx_word' id='word_1_124' title='bbox 1071 1193 1161 1250; x_wconf 81' lang='lat' dir='ltr'><strong>sum,·</strong></span> <span class='ocrx_word' id='word_1_125' title='bbox 1187 1175 1240 1234; x_wconf 81' lang='lat' dir='ltr'><strong>sed</strong></span> <span class='ocrx_word' id='word_1_126' title='bbox 1263 1178 1379 1235; x_wconf 76' lang='lat' dir='ltr'><strong>nonin</strong></span> <span class='ocrx_word' id='word_1_127' title='bbox 1393 1175 1451 1234; x_wconf 75' lang='lat' dir='ltr'><strong>boe</strong></span> <span class='ocrx_word' id='word_1_128' title='bbox 1463 1179 1519 1249; x_wconf 76' lang='lat' dir='ltr'><strong>ju·</strong></span> 
     </span>
    </p>
   </div>
   <div class='ocr_carea' id='block_1_3' title="bbox 73 1259 1520 1690">
    <p class='ocr_par' dir='ltr' id='par_1_3' title="bbox 73 1259 1520 1690">
     <span class='ocr_line' id='line_1_11' title="bbox 74 1259 1520 1340; baseline 0.001 -21"><span class='ocrx_word' id='word_1_129' title='bbox 74 1259 255 1333; x_wconf 70' lang='lat' dir='ltr'><strong>testificatio,</strong></span> <span class='ocrx_word' id='word_1_130' title='bbox 271 1261 313 1320; x_wconf 85' lang='lat' dir='ltr'><strong>ite</strong></span> <span class='ocrx_word' id='word_1_131' title='bbox 326 1279 383 1320; x_wconf 86' lang='lat' dir='ltr'><strong>neo</strong></span> <span class='ocrx_word' id='word_1_132' title='bbox 398 1280 516 1339; x_wconf 87' lang='lat' dir='ltr'><strong>prorsus</strong></span> <span class='ocrx_word' id='word_1_133' title='bbox 531 1268 622 1334; x_wconf 82' lang='lat' dir='ltr'><strong>cento,</strong></span> <span class='ocrx_word' id='word_1_134' title='bbox 639 1259 691 1320; x_wconf 88' lang='lat' dir='ltr'><strong>sed</strong></span> <span class='ocrx_word' id='word_1_135' title='bbox 706 1280 773 1340; x_wconf 88' lang='lat' dir='ltr'><strong>pro·</strong></span> <span class='ocrx_word' id='word_1_136' title='bbox 822 1260 976 1336; x_wconf 71' lang='lat' dir='ltr'><strong>stificatus</strong></span> <span class='ocrx_word' id='word_1_137' title='bbox 989 1279 1070 1337; x_wconf 77' lang='lat' dir='ltr'><strong>eum,</strong></span> <span class='ocrx_word' id='word_1_138' title='bbox 1089 1266 1104 1320; x_wconf 93' lang='lat'>1</span> <span class='ocrx_word' id='word_1_139' title='bbox 1122 1259 1189 1320; x_wconf 83' lang='lat' dir='ltr'><strong>Oor.</strong></span> <span class='ocrx_word' id='word_1_140' title='bbox 1206 1265 1235 1321; x_wconf 82' lang='lat'><strong>4.</strong></span> <span class='ocrx_word' id='word_1_141' title='bbox 1259 1261 1338 1321; x_wconf 86' lang='lat' dir='ltr'><strong>Nem</strong></span> <span class='ocrx_word' id='word_1_142' title='bbox 1353 1262 1378 1321; x_wconf 89' lang='lat' dir='ltr'><strong>si</strong></span> <span class='ocrx_word' id='word_1_143' title='bbox 1393 1279 1448 1340; x_wconf 89' lang='lat' dir='ltr'><strong>per</strong></span> <span class='ocrx_word' id='word_1_144' title='bbox 1461 1261 1520 1321; x_wconf 84' lang='lat' dir='ltr'><strong>hoe</strong></span> 
     </span>
     <span class='ocr_line' id='line_1_12' title="bbox 73 1346 1520 1429; baseline -0.001 -22"><span class='ocrx_word' id='word_1_145' title='bbox 73 1346 237 1417; x_wconf 81' lang='lat' dir='ltr'><strong>hebiliter,</strong></span> <span class='ocrx_word' id='word_1_146' title='bbox 264 1364 303 1407; x_wconf 89' lang='lat' dir='ltr'><strong>ex</strong></span> <span class='ocrx_word' id='word_1_147' title='bbox 324 1347 381 1406; x_wconf 85' lang='lat' dir='ltr'><strong>tali</strong></span> <span class='ocrx_word' id='word_1_148' title='bbox 406 1347 575 1410; x_wconf 87' lang='lat' dir='ltr'><strong>testimonio</strong></span> <span class='ocrx_word' id='word_1_149' title='bbox 600 1348 687 1408; x_wconf 83' lang='lat' dir='ltr'><strong>novit</strong></span> <span class='ocrx_word' id='word_1_150' title='bbox 711 1348 775 1427; x_wconf 91' lang='lat' dir='ltr'><strong>ipse</strong></span> <span class='ocrx_word' id='word_1_151' title='bbox 823 1349 1023 1408; x_wconf 86' lang='lat' dir='ltr'><strong>testimonium</strong></span> <span class='ocrx_word' id='word_1_152' title='bbox 1038 1348 1169 1429; x_wconf 79' lang='lat' dir='ltr'><strong>Spiritus</strong></span> <span class='ocrx_word' id='word_1_153' title='bbox 1192 1349 1288 1407; x_wconf 86' lang='lat' dir='ltr'><strong>saneti</strong></span> <span class='ocrx_word' id='word_1_154' title='bbox 1311 1346 1426 1407; x_wconf 88' lang='lat' dir='ltr'><strong>Peulus</strong></span> <span class='ocrx_word' id='word_1_155' title='bbox 1453 1348 1520 1427; x_wconf 91' lang='lat' dir='ltr'><strong>ipse</strong></span> 
     </span>
     <span class='ocr_line' id='line_1_13' title="bbox 73 1431 1519 1514; baseline -0.001 -21"><span class='ocrx_word' id='word_1_156' title='bbox 73 1434 170 1506; x_wconf 89' lang='lat' dir='ltr'><strong>bomo,</strong></span> <span class='ocrx_word' id='word_1_157' title='bbox 186 1450 224 1494; x_wconf 89' lang='lat' dir='ltr'><strong>ss</strong></span> <span class='ocrx_word' id='word_1_158' title='bbox 239 1450 307 1493; x_wconf 88' lang='lat' dir='ltr'><strong>esse</strong></span> <span class='ocrx_word' id='word_1_159' title='bbox 319 1431 413 1493; x_wconf 82' lang='lat' dir='ltr'><strong>filium</strong></span> <span class='ocrx_word' id='word_1_160' title='bbox 429 1435 496 1506; x_wconf 89' lang='lat' dir='ltr'><strong>Dei,</strong></span> <span class='ocrx_word' id='word_1_161' title='bbox 512 1451 611 1513; x_wconf 91' lang='lat' dir='ltr'><strong>eoque</strong></span> <span class='ocrx_word' id='word_1_162' title='bbox 622 1452 695 1493; x_wconf 88' lang='lat' dir='ltr'><strong>sane</strong></span> <span class='ocrx_word' id='word_1_163' title='bbox 706 1453 774 1513; x_wconf 90' lang='lat' dir='ltr'><strong>pro·</strong></span> <span class='ocrx_word' id='word_1_164' title='bbox 823 1432 910 1494; x_wconf 85' lang='lat' dir='ltr'><strong>dese</strong></span> <span class='ocrx_word' id='word_1_165' title='bbox 926 1443 1025 1495; x_wconf 85' lang='lat' dir='ltr'><strong>certus</strong></span> <span class='ocrx_word' id='word_1_166' title='bbox 1040 1455 1099 1495; x_wconf 90' lang='lat' dir='ltr'><strong>non</strong></span> <span class='ocrx_word' id='word_1_167' title='bbox 1114 1443 1193 1508; x_wconf 85' lang='lat' dir='ltr'><strong>eret,</strong></span> <span class='ocrx_word' id='word_1_168' title='bbox 1215 1443 1250 1493; x_wconf 91' lang='lat' dir='ltr'><strong>ut</strong></span> <span class='ocrx_word' id='word_1_169' title='bbox 1268 1434 1405 1514; x_wconf 84' lang='lat' dir='ltr'><strong>judieere</strong></span> <span class='ocrx_word' id='word_1_170' title='bbox 1427 1452 1461 1493; x_wconf 90' lang='lat' dir='ltr'><strong>se</strong></span> <span class='ocrx_word' id='word_1_171' title='bbox 1474 1434 1519 1512; x_wconf 88' lang='lat' dir='ltr'><strong>ip·</strong></span> 
     </span>
     <span class='ocr_line' id='line_1_14' title="bbox 73 1519 1520 1602; baseline 0.001 -23"><span class='ocrx_word' id='word_1_172' title='bbox 73 1519 207 1580; x_wconf 82' lang='lat' dir='ltr'><strong>bebilius</strong></span> <span class='ocrx_word' id='word_1_173' title='bbox 224 1519 402 1600; x_wconf 79' lang='lat' dir='ltr'><strong>certiusque,</strong></span> <span class='ocrx_word' id='word_1_174' title='bbox 419 1520 596 1602; x_wconf 88' lang='lat' dir='ltr'><strong>quoplures,</strong></span> <span class='ocrx_word' id='word_1_175' title='bbox 612 1519 774 1600; x_wconf 82' lang='lat' dir='ltr'><strong>probabili·</strong></span> <span class='ocrx_word' id='word_1_176' title='bbox 823 1538 890 1580; x_wconf 88' lang='lat' dir='ltr'><strong>sum</strong></span> <span class='ocrx_word' id='word_1_177' title='bbox 901 1531 1003 1601; x_wconf 87' lang='lat' dir='ltr'><strong>posset</strong></span> <span class='ocrx_word' id='word_1_178' title='bbox 1018 1530 1050 1581; x_wconf 90' lang='lat' dir='ltr'><strong>et</strong></span> <span class='ocrx_word' id='word_1_179' title='bbox 1061 1521 1175 1594; x_wconf 84' lang='lat' dir='ltr'><strong>dicere,</strong></span> <span class='ocrx_word' id='word_1_180' title='bbox 1187 1539 1220 1580; x_wconf 90' lang='lat' dir='ltr'><strong>se</strong></span> <span class='ocrx_word' id='word_1_181' title='bbox 1234 1522 1432 1599; x_wconf 79' lang='lat' dir='ltr'><strong>justificatum</strong></span> <span class='ocrx_word' id='word_1_182' title='bbox 1443 1539 1520 1592; x_wconf 87' lang='lat' dir='ltr'><strong>esee,</strong></span> 
     </span>
     <span class='ocr_line' id='line_1_15' title="bbox 75 1606 1311 1690; baseline -0.001 -22"><span class='ocrx_word' id='word_1_183' title='bbox 75 1626 137 1668; x_wconf 83' lang='lat' dir='ltr'><strong>ores</strong></span> <span class='ocrx_word' id='word_1_184' title='bbox 151 1627 192 1667; x_wconf 82' lang='lat' dir='ltr'><strong>ee</strong></span> <span class='ocrx_word' id='word_1_185' title='bbox 207 1608 352 1667; x_wconf 72' lang='lat' dir='ltr'><strong>certiores</strong></span> <span class='ocrx_word' id='word_1_186' title='bbox 363 1606 475 1669; x_wconf 70' lang='lat' dir='ltr'><strong>iuemnt</strong></span> <span class='ocrx_word' id='word_1_187' title='bbox 485 1607 685 1685; x_wconf 86' lang='lat' dir='ltr'><strong>eonjeeturse,</strong></span> <span class='ocrx_word' id='word_1_188' title='bbox 701 1625 774 1688; x_wconf 81' lang='lat' dir='ltr'><strong>que·</strong></span> <span class='ocrx_word' id='word_1_189' title='bbox 823 1616 936 1687; x_wconf 89' lang='lat' dir='ltr'><strong>quanto</strong></span> <span class='ocrx_word' id='word_1_190' title='bbox 951 1609 1050 1668; x_wconf 88' lang='lat' dir='ltr'><strong>minus</strong></span> <span class='ocrx_word' id='word_1_191' title='bbox 1065 1607 1194 1690; x_wconf 79' lang='lat' dir='ltr'><strong>quilibet</strong></span> <span class='ocrx_word' id='word_1_192' title='bbox 1208 1607 1311 1667; x_wconf 80' lang='lat' dir='ltr'><strong>alius?</strong></span> 
     </span>
    </p>
   </div>
   <div class='ocr_carea' id='block_1_4' title="bbox 74 1692 1524 4812">
    <p class='ocr_par' dir='ltr' id='par_1_4' title="bbox 74 1692 1524 4812">
     <span class='ocr_line' id='line_1_16' title="bbox 75 1692 1517 1772; baseline 0 -19"><span class='ocrx_word' id='word_1_193' title='bbox 75 1714 135 1753; x_wconf 88' lang='lat' dir='ltr'><strong>rum</strong></span> <span class='ocrx_word' id='word_1_194' title='bbox 150 1701 259 1753; x_wconf 59' lang='lat' dir='ltr'><strong>nmen</strong></span> <span class='ocrx_word' id='word_1_195' title='bbox 273 1693 356 1754; x_wconf 84' lang='lat' dir='ltr'><strong>nulls</strong></span> <span class='ocrx_word' id='word_1_196' title='bbox 371 1694 412 1754; x_wconf 90' lang='lat' dir='ltr'><strong>sit</strong></span> <span class='ocrx_word' id='word_1_197' title='bbox 427 1692 607 1756; x_wconf 81' lang='lat' dir='ltr'><strong>infallibilis.</strong></span> <span class='ocrx_word' id='word_1_198' title='bbox 624 1693 710 1754; x_wconf 86' lang='lat' dir='ltr'><strong>Heee</strong></span> <span class='ocrx_word' id='word_1_199' title='bbox 725 1713 772 1753; x_wconf 82' lang='lat' dir='ltr'><strong>ee·</strong></span> <span class='ocrx_word' id='word_1_200' title='bbox 869 1697 917 1755; x_wconf 83' lang='lat'><strong>17.</strong></span> <span class='ocrx_word' id='word_1_201' title='bbox 939 1696 975 1756; x_wconf 83' lang='lat' dir='ltr'><strong>St’</strong></span> <span class='ocrx_word' id='word_1_202' title='bbox 990 1702 1096 1755; x_wconf 62' lang='lat' dir='ltr'><strong>assum</strong></span> <span class='ocrx_word' id='word_1_203' title='bbox 1111 1696 1170 1772; x_wconf 72' lang='lat' dir='ltr'><strong>fllia·</strong></span> <span class='ocrx_word' id='word_1_204' title='bbox 1177 1739 1188 1769; x_wconf 89' lang='lat'><em>‚</em></span> <span class='ocrx_word' id='word_1_205' title='bbox 1211 1702 1241 1755; x_wconf 83' lang='lat' dir='ltr'><strong>et</strong></span> <span class='ocrx_word' id='word_1_206' title='bbox 1256 1693 1412 1755; x_wconf 75' lang='lat' dir='ltr'><strong>haeredes</strong></span> <span class='ocrx_word' id='word_1_207' title='bbox 1425 1692 1517 1754; x_wconf 81' lang='lat' dir='ltr'><strong>Certe</strong></span> 
     </span>
     <span class='ocr_line' id='line_1_17' title="bbox 74 1779 1521 1861; baseline 0 -22"><span class='ocrx_word' id='word_1_208' title='bbox 74 1779 255 1840; x_wconf 87' lang='lat' dir='ltr'><strong>tbolieornm</strong></span> <span class='ocrx_word' id='word_1_209' title='bbox 268 1782 422 1861; x_wconf 75' lang='lat' dir='ltr'><strong>responsio</strong></span> <span class='ocrx_word' id='word_1_210' title='bbox 437 1782 517 1843; x_wconf 79' lang='lat' dir='ltr'><strong>bone</strong></span> <span class='ocrx_word' id='word_1_211' title='bbox 531 1789 586 1841; x_wconf 89' lang='lat' dir='ltr'><strong>est.</strong></span> <span class='ocrx_word' id='word_1_212' title='bbox 824 1781 969 1842; x_wconf 78' lang='lat' dir='ltr'><strong>collectio.</strong></span> <span class='ocrx_word' id='word_1_213' title='bbox 1003 1781 1082 1841; x_wconf 84' lang='lat' dir='ltr'><strong>Nem</strong></span> <span class='ocrx_word' id='word_1_214' title='bbox 1097 1780 1270 1843; x_wconf 71' lang='lat' dir='ltr'><strong>hoereditas</strong></span> <span class='ocrx_word' id='word_1_215' title='bbox 1293 1780 1364 1841; x_wconf 84' lang='lat' dir='ltr'><strong>filiis</strong></span> <span class='ocrx_word' id='word_1_216' title='bbox 1379 1779 1521 1854; x_wconf 88' lang='lat' dir='ltr'><strong>debetur,</strong></span> 
     </span>
     <span class='ocr_line' id='line_1_18' title="bbox 115 1865 1521 1949; baseline 0.001 -23"><span class='ocrx_word' id='word_1_217' title='bbox 115 1865 389 1946; x_wconf 86' lang='lat' dir='ltr'><strong>Obstrepittsmen</strong></span> <span class='ocrx_word' id='word_1_218' title='bbox 401 1867 592 1929; x_wconf 71' lang='lat' dir='ltr'><strong>advenerim</strong></span> <span class='ocrx_word' id='word_1_219' title='bbox 604 1866 777 1946; x_wconf 86' lang='lat' dir='ltr'><strong>etreplieet</strong></span> <span class='ocrx_word' id='word_1_220' title='bbox 824 1887 884 1928; x_wconf 91' lang='lat' dir='ltr'><strong>nou</strong></span> <span class='ocrx_word' id='word_1_221' title='bbox 898 1869 1012 1942; x_wconf 82' lang='lat' dir='ltr'><strong>eervis3</strong></span> <span class='ocrx_word' id='word_1_222' title='bbox 1036 1876 1068 1928; x_wconf 91' lang='lat' dir='ltr'><strong>et</strong></span> <span class='ocrx_word' id='word_1_223' title='bbox 1089 1867 1127 1928; x_wconf 93' lang='lat' dir='ltr'><strong>ad</strong></span> <span class='ocrx_word' id='word_1_224' title='bbox 1149 1869 1207 1929; x_wconf 87' lang='lat' dir='ltr'><strong>hoe</strong></span> <span class='ocrx_word' id='word_1_225' title='bbox 1229 1867 1390 1949; x_wconf 82' lang='lat' dir='ltr'><strong>adoptetur</strong></span> <span class='ocrx_word' id='word_1_226' title='bbox 1408 1867 1475 1948; x_wconf 78' lang='lat' dir='ltr'><strong>quis</strong></span> <span class='ocrx_word' id='word_1_227' title='bbox 1488 1867 1521 1928; x_wconf 79' lang='lat' dir='ltr'><strong>ie</strong></span> 
     </span>
     <span class='ocr_line' id='line_1_19' title="bbox 75 1952 1522 2034; baseline 0.002 -22"><span class='ocrx_word' id='word_1_228' title='bbox 75 1952 194 2027; x_wconf 84' lang='lat' dir='ltr'><strong>disens,</strong></span> <span class='ocrx_word' id='word_1_229' title='bbox 219 1961 377 2034; x_wconf 85' lang='lat' dir='ltr'><strong>utrumque</strong></span> <span class='ocrx_word' id='word_1_230' title='bbox 397 1955 485 2016; x_wconf 89' lang='lat' dir='ltr'><strong>nobis</strong></span> <span class='ocrx_word' id='word_1_231' title='bbox 500 1956 695 2016; x_wconf 75' lang='lat' dir='ltr'><strong>certissimum</strong></span> <span class='ocrx_word' id='word_1_232' title='bbox 710 1973 775 2015; x_wconf 90' lang='lat' dir='ltr'><strong>esse</strong></span> <span class='ocrx_word' id='word_1_233' title='bbox 822 1955 933 2028; x_wconf 89' lang='lat' dir='ltr'><strong>filium,</strong></span> <span class='ocrx_word' id='word_1_234' title='bbox 949 1963 983 2014; x_wconf 91' lang='lat' dir='ltr'><strong>ut</strong></span> <span class='ocrx_word' id='word_1_235' title='bbox 997 1957 1038 2013; x_wconf 90' lang='lat' dir='ltr'><strong>sit</strong></span> <span class='ocrx_word' id='word_1_236' title='bbox 1049 1954 1166 2016; x_wconf 85' lang='lat' dir='ltr'><strong>haeres.</strong></span> <span class='ocrx_word' id='word_1_237' title='bbox 1179 1955 1298 2016; x_wconf 87' lang='lat' dir='ltr'><strong>Dieitur</strong></span> <span class='ocrx_word' id='word_1_238' title='bbox 1309 1954 1522 2015; x_wconf 80' lang='lat' dir='ltr'><strong>sutembseres</strong></span> 
     </span>
     <span class='ocr_line' id='line_1_20' title="bbox 77 2039 1521 2122; baseline 0.003 -24"><span class='ocrx_word' id='word_1_239' title='bbox 77 2039 204 2113; x_wconf 83' lang='lat' dir='ltr'><strong>debere,</strong></span> <span class='ocrx_word' id='word_1_240' title='bbox 231 2047 263 2100; x_wconf 89' lang='lat' dir='ltr'><strong>et</strong></span> <span class='ocrx_word' id='word_1_241' title='bbox 283 2039 366 2120; x_wconf 88' lang='lat' dir='ltr'><strong>qnod</strong></span> <span class='ocrx_word' id='word_1_242' title='bbox 388 2040 517 2122; x_wconf 75' lang='lat' dir='ltr'><strong>Spiritus</strong></span> <span class='ocrx_word' id='word_1_243' title='bbox 532 2042 628 2103; x_wconf 82' lang='lat' dir='ltr'><strong>saneti</strong></span> <span class='ocrx_word' id='word_1_244' title='bbox 643 2043 775 2100; x_wconf 89' lang='lat' dir='ltr'><strong>testimo·</strong></span> <span class='ocrx_word' id='word_1_245' title='bbox 824 2043 859 2115; x_wconf 90' lang='lat' dir='ltr'><strong>is,</strong></span> <span class='ocrx_word' id='word_1_246' title='bbox 874 2043 922 2102; x_wconf 84' lang='lat' dir='ltr'><strong>oui</strong></span> <span class='ocrx_word' id='word_1_247' title='bbox 933 2041 986 2119; x_wconf 90' lang='lat' dir='ltr'><strong>jus</strong></span> <span class='ocrx_word' id='word_1_248' title='bbox 998 2043 1139 2121; x_wconf 79' lang='lat' dir='ltr'><strong>competit</strong></span> <span class='ocrx_word' id='word_1_249' title='bbox 1149 2041 1189 2101; x_wconf 92' lang='lat' dir='ltr'><strong>ad</strong></span> <span class='ocrx_word' id='word_1_250' title='bbox 1200 2040 1414 2103; x_wconf 79' lang='lat' dir='ltr'><strong>hoereditatem</strong></span> <span class='ocrx_word' id='word_1_251' title='bbox 1425 2041 1521 2119; x_wconf 82' lang='lat' dir='ltr'><strong>persi·</strong></span> 
     </span>
     <span class='ocr_line' id='line_1_21' title="bbox 77 2124 1522 2209; baseline 0.001 -23"><span class='ocrx_word' id='word_1_252' title='bbox 77 2127 159 2186; x_wconf 88' lang='lat' dir='ltr'><strong>nium</strong></span> <span class='ocrx_word' id='word_1_253' title='bbox 170 2124 379 2208; x_wconf 85' lang='lat' dir='ltr'><strong>quodeunque</strong></span> <span class='ocrx_word' id='word_1_254' title='bbox 398 2136 431 2188; x_wconf 91' lang='lat' dir='ltr'><strong>et</strong></span> <span class='ocrx_word' id='word_1_255' title='bbox 449 2128 775 2209; x_wconf 80' lang='lat' dir='ltr'><strong>queleeuuqueverum</strong></span> <span class='ocrx_word' id='word_1_256' title='bbox 824 2127 973 2208; x_wconf 85' lang='lat' dir='ltr'><strong>piendam.</strong></span> <span class='ocrx_word' id='word_1_257' title='bbox 988 2128 1082 2189; x_wconf 89' lang='lat' dir='ltr'><strong>Porro</strong></span> <span class='ocrx_word' id='word_1_258' title='bbox 1091 2126 1306 2189; x_wconf 73' lang='lat' dir='ltr'><strong>haereditatem</strong></span> <span class='ocrx_word' id='word_1_259' title='bbox 1314 2127 1365 2189; x_wconf 89' lang='lat' dir='ltr'><strong>bio</strong></span> <span class='ocrx_word' id='word_1_260' title='bbox 1378 2127 1522 2206; x_wconf 70' lang='lat' dir='ltr'><strong>intellige,</strong></span> 
     </span>
     <span class='ocr_line' id='line_1_22' title="bbox 77 2212 1522 2297; baseline 0.001 -24"><span class='ocrx_word' id='word_1_261' title='bbox 77 2215 120 2287; x_wconf 84' lang='lat' dir='ltr'><strong>sit,</strong></span> <span class='ocrx_word' id='word_1_262' title='bbox 134 2221 246 2292; x_wconf 87' lang='lat' dir='ltr'><strong>utpote</strong></span> <span class='ocrx_word' id='word_1_263' title='bbox 259 2212 401 2290; x_wconf 69' lang='lat' dir='ltr'><strong>divinum</strong></span> <span class='ocrx_word' id='word_1_264' title='bbox 417 2223 448 2275; x_wconf 89' lang='lat' dir='ltr'><strong>et</strong></span> <span class='ocrx_word' id='word_1_265' title='bbox 457 2215 540 2297; x_wconf 87' lang='lat' dir='ltr'><strong>qnod</strong></span> <span class='ocrx_word' id='word_1_266' title='bbox 551 2214 679 2295; x_wconf 84' lang='lat' dir='ltr'><strong>Spiritus</strong></span> <span class='ocrx_word' id='word_1_267' title='bbox 691 2233 772 2274; x_wconf 84' lang='lat' dir='ltr'><strong>sene·</strong></span> <span class='ocrx_word' id='word_1_268' title='bbox 823 2235 884 2274; x_wconf 89' lang='lat' dir='ltr'><strong>non</strong></span> <span class='ocrx_word' id='word_1_269' title='bbox 898 2215 1071 2295; x_wconf 85' lang='lat' dir='ltr'><strong>patrimonii</strong></span> <span class='ocrx_word' id='word_1_270' title='bbox 1086 2216 1205 2289; x_wconf 84' lang='lat' dir='ltr'><strong>terreni,</strong></span> <span class='ocrx_word' id='word_1_271' title='bbox 1220 2213 1275 2274; x_wconf 87' lang='lat' dir='ltr'><strong>sed</strong></span> <span class='ocrx_word' id='word_1_272' title='bbox 1291 2213 1446 2287; x_wconf 81' lang='lat' dir='ltr'><strong>eoelestis3</strong></span> <span class='ocrx_word' id='word_1_273' title='bbox 1466 2232 1522 2274; x_wconf 87' lang='lat' dir='ltr'><strong>nee</strong></span> 
     </span>
     <span class='ocr_line' id='line_1_23' title="bbox 78 2299 1523 2382; baseline 0.002 -22"><span class='ocrx_word' id='word_1_274' title='bbox 78 2309 121 2360; x_wconf 87' lang='lat' dir='ltr'><strong>tus</strong></span> <span class='ocrx_word' id='word_1_275' title='bbox 132 2300 224 2360; x_wconf 87' lang='lat' dir='ltr'><strong>nobis</strong></span> <span class='ocrx_word' id='word_1_276' title='bbox 235 2299 417 2374; x_wconf 75' lang='lat' dir='ltr'><strong>testificetur,</strong></span> <span class='ocrx_word' id='word_1_277' title='bbox 430 2303 512 2382; x_wconf 90' lang='lat' dir='ltr'><strong>quod</strong></span> <span class='ocrx_word' id='word_1_278' title='bbox 525 2320 627 2363; x_wconf 88' lang='lat' dir='ltr'><strong>somus</strong></span> <span class='ocrx_word' id='word_1_279' title='bbox 639 2301 697 2362; x_wconf 91' lang='grc'>1111</span> <span class='ocrx_word' id='word_1_280' title='bbox 705 2300 774 2361; x_wconf 89' lang='lat' dir='ltr'><strong>Dei.</strong></span> <span class='ocrx_word' id='word_1_281' title='bbox 824 2321 900 2376; x_wconf 87' lang='lat' dir='ltr'><strong>eam,</strong></span> <span class='ocrx_word' id='word_1_282' title='bbox 916 2319 977 2380; x_wconf 84' lang='lat' dir='ltr'><strong>qus</strong></span> <span class='ocrx_word' id='word_1_283' title='bbox 991 2300 1044 2364; x_wconf 86' lang='lat' dir='ltr'><strong>filii</strong></span> <span class='ocrx_word' id='word_1_284' title='bbox 1060 2301 1225 2362; x_wconf 83' lang='lat' dir='ltr'><strong>sueeedant</strong></span> <span class='ocrx_word' id='word_1_285' title='bbox 1239 2302 1318 2380; x_wconf 86' lang='lat' dir='ltr'><strong>petri</strong></span> <span class='ocrx_word' id='word_1_286' title='bbox 1332 2307 1464 2372; x_wconf 88' lang='lat' dir='ltr'><strong>mortuo,</strong></span> <span class='ocrx_word' id='word_1_287' title='bbox 1487 2308 1523 2363; x_wconf 85' lang='lat' dir='ltr'><strong>ut</strong></span> 
     </span>
     <span class='ocr_line' id='line_1_24' title="bbox 78 2386 1522 2469; baseline -0.001 -23"><span class='ocrx_word' id='word_1_288' title='bbox 78 2387 152 2447; x_wconf 79' lang='lat' dir='ltr'><strong>llam</strong></span> <span class='ocrx_word' id='word_1_289' title='bbox 168 2386 230 2447; x_wconf 86' lang='lat' dir='ltr'><strong>hoe</strong></span> <span class='ocrx_word' id='word_1_290' title='bbox 250 2386 352 2458; x_wconf 89' lang='lat' dir='ltr'><strong>nobis,</strong></span> <span class='ocrx_word' id='word_1_291' title='bbox 376 2387 480 2448; x_wconf 87' lang='lat' dir='ltr'><strong>eodem</strong></span> <span class='ocrx_word' id='word_1_292' title='bbox 503 2389 610 2469; x_wconf 86' lang='lat' dir='ltr'><strong>spiritu</strong></span> <span class='ocrx_word' id='word_1_293' title='bbox 633 2387 775 2461; x_wconf 74' lang='lat' dir='ltr'><strong>dictante,</strong></span> <span class='ocrx_word' id='word_1_294' title='bbox 823 2389 902 2448; x_wconf 89' lang='lat' dir='ltr'><strong>inter</strong></span> <span class='ocrx_word' id='word_1_295' title='bbox 922 2388 1079 2462; x_wconf 79' lang='lat' dir='ltr'><strong>mortales,</strong></span> <span class='ocrx_word' id='word_1_296' title='bbox 1101 2386 1155 2448; x_wconf 90' lang='lat' dir='ltr'><strong>sed</strong></span> <span class='ocrx_word' id='word_1_297' title='bbox 1176 2407 1236 2468; x_wconf 89' lang='lat' dir='ltr'><strong>qua</strong></span> <span class='ocrx_word' id='word_1_298' title='bbox 1258 2386 1407 2447; x_wconf 80' lang='lat' dir='ltr'><strong>secedent</strong></span> <span class='ocrx_word' id='word_1_299' title='bbox 1428 2394 1461 2446; x_wconf 88' lang='lat' dir='ltr'><strong>st</strong></span> <span class='ocrx_word' id='word_1_300' title='bbox 1475 2406 1522 2447; x_wconf 87' lang='lat' dir='ltr'><strong>so·</strong></span> 
     </span>
     <span class='ocr_line' id='line_1_25' title="bbox 78 2471 1521 2553; baseline 0.001 -21"><span class='ocrx_word' id='word_1_301' title='bbox 78 2473 189 2533; x_wconf 82' lang='lat' dir='ltr'><strong>Penius</strong></span> <span class='ocrx_word' id='word_1_302' title='bbox 197 2473 362 2552; x_wconf 78' lang='lat' dir='ltr'><strong>Apostolus</strong></span> <span class='ocrx_word' id='word_1_303' title='bbox 379 2475 511 2536; x_wconf 84' lang='lat' dir='ltr'><strong>affirmet</strong></span> <span class='ocrx_word' id='word_1_304' title='bbox 824 2475 943 2535; x_wconf 81' lang='lat' dir='ltr'><strong>cientur</strong></span> <span class='ocrx_word' id='word_1_305' title='bbox 967 2474 1047 2553; x_wconf 82' lang='lat' dir='ltr'><strong>petri</strong></span> <span class='ocrx_word' id='word_1_306' title='bbox 1069 2493 1189 2553; x_wconf 87' lang='lat' dir='ltr'><strong>semper</strong></span> <span class='ocrx_word' id='word_1_307' title='bbox 1209 2474 1345 2546; x_wconf 66' lang='lat' dir='ltr'><strong>vietum</strong></span> <span class='ocrx_word' id='word_1_308' title='bbox 1375 2471 1521 2535; x_wconf 84' lang='lat' dir='ltr'><strong>videlieet</strong></span> 
     </span>
     <span class='ocr_line' id='line_1_26' title="bbox 113 2559 1522 2640; baseline -0.001 -18"><span class='ocrx_word' id='word_1_309' title='bbox 113 2559 315 2640; x_wconf 77' lang='lat' dir='ltr'><strong>Respondes,</strong></span> <span class='ocrx_word' id='word_1_310' title='bbox 337 2560 467 2621; x_wconf 72' lang='lat' dir='ltr'><strong>Paulum</strong></span> <span class='ocrx_word' id='word_1_311' title='bbox 482 2581 542 2621; x_wconf 90' lang='lat' dir='ltr'><strong>non</strong></span> <span class='ocrx_word' id='word_1_312' title='bbox 557 2559 670 2634; x_wconf 83' lang='lat' dir='ltr'><strong>disere,</strong></span> <span class='ocrx_word' id='word_1_313' title='bbox 694 2559 775 2639; x_wconf 86' lang='lat' dir='ltr'><strong>qnod</strong></span> <span class='ocrx_word' id='word_1_314' title='bbox 822 2563 925 2640; x_wconf 79' lang='lat' dir='ltr'><strong>regni,</strong></span> <span class='ocrx_word' id='word_1_315' title='bbox 948 2560 1156 2640; x_wconf 85' lang='lat' dir='ltr'><strong>bonorumque</strong></span> <span class='ocrx_word' id='word_1_316' title='bbox 1179 2561 1245 2639; x_wconf 89' lang='lat' dir='ltr'><strong>ejus</strong></span> <span class='ocrx_word' id='word_1_317' title='bbox 1257 2561 1389 2620; x_wconf 90' lang='lat' dir='ltr'><strong>omnium</strong></span> <span class='ocrx_word' id='word_1_318' title='bbox 1404 2559 1522 2640; x_wconf 80' lang='lat' dir='ltr'><strong>absque</strong></span> 
     </span>
     <span class='ocr_line' id='line_1_27' title="bbox 80 2645 1519 2727; baseline -0.001 -21"><span class='ocrx_word' id='word_1_319' title='bbox 80 2645 206 2726; x_wconf 86' lang='lat' dir='ltr'><strong>Spiritus</strong></span> <span class='ocrx_word' id='word_1_320' title='bbox 223 2646 255 2706; x_wconf 86' lang='lat' dir='ltr'><strong>S.</strong></span> <span class='ocrx_word' id='word_1_321' title='bbox 269 2647 474 2707; x_wconf 86' lang='lat' dir='ltr'><strong>testimouium</strong></span> <span class='ocrx_word' id='word_1_322' title='bbox 488 2649 545 2708; x_wconf 85' lang='lat' dir='ltr'><strong>boe</strong></span> <span class='ocrx_word' id='word_1_323' title='bbox 560 2646 669 2707; x_wconf 84' lang='lat' dir='ltr'><strong>reddet</strong></span> <span class='ocrx_word' id='word_1_324' title='bbox 689 2648 773 2727; x_wconf 88' lang='lat' dir='ltr'><strong>spiri·</strong></span> <span class='ocrx_word' id='word_1_325' title='bbox 823 2647 890 2725; x_wconf 89' lang='lat' dir='ltr'><strong>ejus</strong></span> <span class='ocrx_word' id='word_1_326' title='bbox 905 2647 1082 2707; x_wconf 89' lang='lat' dir='ltr'><strong>detrimento</strong></span> <span class='ocrx_word' id='word_1_327' title='bbox 1092 2648 1185 2708; x_wconf 80' lang='lat' dir='ltr'><strong>futuri</strong></span> <span class='ocrx_word' id='word_1_328' title='bbox 1197 2655 1342 2726; x_wconf 89' lang='lat' dir='ltr'><strong>perpetuo</strong></span> <span class='ocrx_word' id='word_1_329' title='bbox 1355 2655 1519 2709; x_wconf 77' lang='lat' dir='ltr'><strong>consortes.</strong></span> 
     </span>
     <span class='ocr_line' id='line_1_28' title="bbox 80 2732 1521 2814; baseline 0.001 -20"><span class='ocrx_word' id='word_1_330' title='bbox 80 2735 119 2794; x_wconf 85' lang='lat' dir='ltr'><strong>tui</strong></span> <span class='ocrx_word' id='word_1_331' title='bbox 141 2752 213 2794; x_wconf 93' lang='lat' dir='ltr'><strong>meo</strong></span> <span class='ocrx_word' id='word_1_332' title='bbox 228 2732 281 2792; x_wconf 88' lang='lat' dir='ltr'><strong>vel</strong></span> <span class='ocrx_word' id='word_1_333' title='bbox 294 2741 354 2807; x_wconf 88' lang='lat' dir='ltr'><strong>tuo,</strong></span> <span class='ocrx_word' id='word_1_334' title='bbox 368 2733 423 2795; x_wconf 88' lang='lat' dir='ltr'><strong>sed</strong></span> <span class='ocrx_word' id='word_1_335' title='bbox 437 2736 559 2814; x_wconf 87' lang='lat' dir='ltr'><strong>spiritui</strong></span> <span class='ocrx_word' id='word_1_336' title='bbox 581 2741 699 2808; x_wconf 84' lang='lat' dir='ltr'><strong>nostr03</strong></span> <span class='ocrx_word' id='word_1_337' title='bbox 722 2743 776 2796; x_wconf 80' lang='lat' dir='ltr'><strong>eut</strong></span> <span class='ocrx_word' id='word_1_338' title='bbox 822 2733 901 2794; x_wconf 85' lang='lat' dir='ltr'><strong>Nam</strong></span> <span class='ocrx_word' id='word_1_339' title='bbox 922 2733 1091 2794; x_wconf 84' lang='lat' dir='ltr'><strong>baereditas</strong></span> <span class='ocrx_word' id='word_1_340' title='bbox 1120 2736 1179 2794; x_wconf 85' lang='lat' dir='ltr'><strong>ista</strong></span> <span class='ocrx_word' id='word_1_341' title='bbox 1208 2734 1412 2814; x_wconf 80' lang='lat' dir='ltr'><strong>principaliter</strong></span> <span class='ocrx_word' id='word_1_342' title='bbox 1435 2734 1521 2795; x_wconf 81' lang='lat' dir='ltr'><strong>Deus</strong></span> 
     </span>
     <span class='ocr_line' id='line_1_29' title="bbox 79 2819 1522 2902; baseline -0.002 -20"><span class='ocrx_word' id='word_1_343' title='bbox 79 2829 155 2882; x_wconf 80' lang='lat' dir='ltr'><strong>rorte</strong></span> <span class='ocrx_word' id='word_1_344' title='bbox 170 2820 258 2881; x_wconf 88' lang='lat' dir='ltr'><strong>nobis</strong></span> <span class='ocrx_word' id='word_1_345' title='bbox 272 2838 334 2880; x_wconf 84' lang='lat' dir='ltr'><strong>una</strong></span> <span class='ocrx_word' id='word_1_346' title='bbox 349 2840 416 2879; x_wconf 84' lang='lat' dir='ltr'><strong>eum</strong></span> <span class='ocrx_word' id='word_1_347' title='bbox 432 2822 535 2902; x_wconf 86' lang='lat' dir='ltr'><strong>spiritu</strong></span> <span class='ocrx_word' id='word_1_348' title='bbox 549 2829 664 2896; x_wconf 86' lang='lat' dir='ltr'><strong>nostro,</strong></span> <span class='ocrx_word' id='word_1_349' title='bbox 684 2822 776 2899; x_wconf 86' lang='lat' dir='ltr'><strong>juxte</strong></span> <span class='ocrx_word' id='word_1_350' title='bbox 822 2821 957 2900; x_wconf 90' lang='lat' dir='ltr'><strong>ipseest,</strong></span> <span class='ocrx_word' id='word_1_351' title='bbox 980 2821 1033 2902; x_wconf 90' lang='lat' dir='ltr'><strong>qui</strong></span> <span class='ocrx_word' id='word_1_352' title='bbox 1043 2819 1165 2882; x_wconf 85' lang='lat' dir='ltr'><strong>dieitur:</strong></span> <span class='ocrx_word' id='word_1_353' title='bbox 1182 2823 1341 2882; x_wconf 77' lang='lat' dir='ltr'><strong>Dominus</strong></span> <span class='ocrx_word' id='word_1_354' title='bbox 1351 2839 1431 2896; x_wconf 71' lang='lat' dir='ltr'><strong>pore</strong></span> <span class='ocrx_word' id='word_1_355' title='bbox 1445 2822 1522 2879; x_wconf 82' lang='lat' dir='ltr'><strong>boe·</strong></span> 
     </span>
     <span class='ocr_line' id='line_1_30' title="bbox 79 2905 1243 2988; baseline -0.002 -20"><span class='ocrx_word' id='word_1_356' title='bbox 79 2905 263 2968; x_wconf 70' lang='lat' dir='ltr'><strong>(dresserum</strong></span> <span class='ocrx_word' id='word_1_357' title='bbox 273 2907 504 2986; x_wconf 84' lang='lat' dir='ltr'><strong>expositionem.</strong></span> <span class='ocrx_word' id='word_1_358' title='bbox 518 2907 667 2988; x_wconf 88' lang='lat' dir='ltr'><strong>Loquitur</strong></span> <span class='ocrx_word' id='word_1_359' title='bbox 677 2915 775 2968; x_wconf 88' lang='lat' dir='ltr'><strong>entem</strong></span> <span class='ocrx_word' id='word_1_360' title='bbox 821 2907 969 2967; x_wconf 77' lang='lat' dir='ltr'><strong>reditetis</strong></span> <span class='ocrx_word' id='word_1_361' title='bbox 981 2927 1080 2983; x_wconf 82' lang='lat' dir='ltr'><strong>meae,</strong></span> <span class='ocrx_word' id='word_1_362' title='bbox 1096 2908 1176 2968; x_wconf 85' lang='lat' dir='ltr'><strong>Psel.</strong></span> <span class='ocrx_word' id='word_1_363' title='bbox 1194 2910 1243 2969; x_wconf 79' lang='lat'><strong>15.</strong></span> 
     </span>
     <span class='ocr_line' id='line_1_31' title="bbox 78 2993 1522 3075; baseline 0.001 -23"><span class='ocrx_word' id='word_1_364' title='bbox 78 2993 250 3075; x_wconf 85' lang='lat' dir='ltr'><strong>iupersons</strong></span> <span class='ocrx_word' id='word_1_365' title='bbox 261 2993 426 3071; x_wconf 86' lang='lat' dir='ltr'><strong>justorum,</strong></span> <span class='ocrx_word' id='word_1_366' title='bbox 451 2994 560 3068; x_wconf 89' lang='lat' dir='ltr'><strong>idest,</strong></span> <span class='ocrx_word' id='word_1_367' title='bbox 583 3013 700 3068; x_wconf 88' lang='lat' dir='ltr'><strong>eorum,</strong></span> <span class='ocrx_word' id='word_1_368' title='bbox 724 2996 775 3074; x_wconf 90' lang='lat' dir='ltr'><strong>qui</strong></span> <span class='ocrx_word' id='word_1_369' title='bbox 864 2994 915 3054; x_wconf 79' lang='lat' dir='ltr'><strong>Ex</strong></span> <span class='ocrx_word' id='word_1_370' title='bbox 940 2994 998 3054; x_wconf 83' lang='lat' dir='ltr'><strong>boe</strong></span> <span class='ocrx_word' id='word_1_371' title='bbox 1024 2996 1089 3055; x_wconf 83' lang='lat' dir='ltr'><strong>loeo</strong></span> <span class='ocrx_word' id='word_1_372' title='bbox 1116 3013 1310 3074; x_wconf 73' lang='lat' dir='ltr'><strong>nequaquem</strong></span> <span class='ocrx_word' id='word_1_373' title='bbox 1336 3012 1522 3074; x_wconf 76' lang='lat' dir='ltr'><strong>consequens</strong></span> 
     </span>
     <span class='ocr_line' id='line_1_32' title="bbox 78 3079 1520 3162; baseline 0.003 -26"><span class='ocrx_word' id='word_1_374' title='bbox 78 3099 147 3141; x_wconf 84' lang='lat' dir='ltr'><strong>vere</strong></span> <span class='ocrx_word' id='word_1_375' title='bbox 162 3089 236 3140; x_wconf 89' lang='lat' dir='ltr'><strong>sunt</strong></span> <span class='ocrx_word' id='word_1_376' title='bbox 249 3079 306 3139; x_wconf 85' lang='grc'>1111</span> <span class='ocrx_word' id='word_1_377' title='bbox 320 3081 389 3152; x_wconf 92' lang='lat' dir='ltr'><strong>Dei,</strong></span> <span class='ocrx_word' id='word_1_378' title='bbox 401 3082 513 3162; x_wconf 87' lang='lat' dir='ltr'><strong>quibus</strong></span> <span class='ocrx_word' id='word_1_379' title='bbox 524 3082 653 3160; x_wconf 82' lang='lat' dir='ltr'><strong>Spiritus</strong></span> <span class='ocrx_word' id='word_1_380' title='bbox 665 3081 695 3142; x_wconf 89' lang='lat' dir='ltr'><strong>S.</strong></span> <span class='ocrx_word' id='word_1_381' title='bbox 708 3101 774 3161; x_wconf 87' lang='lat' dir='ltr'><strong>per·</strong></span> <span class='ocrx_word' id='word_1_382' title='bbox 823 3089 879 3154; x_wconf 91' lang='lat' dir='ltr'><strong>est,</strong></span> <span class='ocrx_word' id='word_1_383' title='bbox 894 3089 929 3140; x_wconf 94' lang='lat' dir='ltr'><strong>ut</strong></span> <span class='ocrx_word' id='word_1_384' title='bbox 943 3079 1110 3141; x_wconf 74' lang='lat' dir='ltr'><strong>adversarii</strong></span> <span class='ocrx_word' id='word_1_385' title='bbox 1121 3083 1347 3154; x_wconf 78' lang='lat' dir='ltr'><strong>ratiocinantur,</strong></span> <span class='ocrx_word' id='word_1_386' title='bbox 1359 3082 1456 3160; x_wconf 90' lang='lat' dir='ltr'><strong>justos</strong></span> <span class='ocrx_word' id='word_1_387' title='bbox 1468 3081 1520 3141; x_wconf 78' lang='lat' dir='ltr'><strong>bo·</strong></span> 
     </span>
     <span class='ocr_line' id='line_1_33' title="bbox 78 3165 1520 3248; baseline 0.003 -24"><span class='ocrx_word' id='word_1_388' title='bbox 78 3165 161 3228; x_wconf 87' lang='lat' dir='ltr'><strong>bibet</strong></span> <span class='ocrx_word' id='word_1_389' title='bbox 181 3166 406 3243; x_wconf 88' lang='lat' dir='ltr'><strong>testimoninm,</strong></span> <span class='ocrx_word' id='word_1_390' title='bbox 419 3186 482 3228; x_wconf 84' lang='lat' dir='ltr'><strong>noe</strong></span> <span class='ocrx_word' id='word_1_391' title='bbox 498 3176 598 3228; x_wconf 84' lang='lat' dir='ltr'><strong>tamen</strong></span> <span class='ocrx_word' id='word_1_392' title='bbox 613 3168 722 3248; x_wconf 85' lang='lat' dir='ltr'><strong>cuique</strong></span> <span class='ocrx_word' id='word_1_393' title='bbox 737 3167 775 3227; x_wconf 92' lang='lat' dir='ltr'><strong>de</strong></span> <span class='ocrx_word' id='word_1_394' title='bbox 822 3168 867 3227; x_wconf 90' lang='lat' dir='ltr'><strong>nis</strong></span> <span class='ocrx_word' id='word_1_395' title='bbox 883 3169 943 3228; x_wconf 89' lang='lat' dir='ltr'><strong>suis</strong></span> <span class='ocrx_word' id='word_1_396' title='bbox 960 3168 1104 3246; x_wconf 89' lang='lat' dir='ltr'><strong>operibus</strong></span> <span class='ocrx_word' id='word_1_397' title='bbox 1118 3188 1179 3227; x_wconf 88' lang='lat' dir='ltr'><strong>non</strong></span> <span class='ocrx_word' id='word_1_398' title='bbox 1193 3170 1300 3227; x_wconf 87' lang='lat' dir='ltr'><strong>mereri</strong></span> <span class='ocrx_word' id='word_1_399' title='bbox 1315 3169 1406 3227; x_wconf 81' lang='lat' dir='ltr'><strong>vitem</strong></span> <span class='ocrx_word' id='word_1_400' title='bbox 1425 3175 1520 3228; x_wconf 68' lang='lat' dir='ltr'><strong>soterb</strong></span> 
     </span>
     <span class='ocr_line' id='line_1_34' title="bbox 78 3253 1520 3335; baseline 0.001 -22"><span class='ocrx_word' id='word_1_401' title='bbox 78 3272 107 3313; x_wconf 89' lang='lat' dir='ltr'><strong>se</strong></span> <span class='ocrx_word' id='word_1_402' title='bbox 122 3253 217 3333; x_wconf 83' lang='lat' dir='ltr'><strong>plene</strong></span> <span class='ocrx_word' id='word_1_403' title='bbox 242 3263 373 3327; x_wconf 84' lang='lat' dir='ltr'><strong>eertum,</strong></span> <span class='ocrx_word' id='word_1_404' title='bbox 395 3253 451 3314; x_wconf 87' lang='lat' dir='ltr'><strong>sed</strong></span> <span class='ocrx_word' id='word_1_405' title='bbox 474 3262 589 3314; x_wconf 87' lang='lat' dir='ltr'><strong>tantum</strong></span> <span class='ocrx_word' id='word_1_406' title='bbox 611 3253 775 3335; x_wconf 74' lang='lat' dir='ltr'><strong>probabile,</strong></span> <span class='ocrx_word' id='word_1_407' title='bbox 822 3273 899 3325; x_wconf 85' lang='lat' dir='ltr'><strong>nem,</strong></span> <span class='ocrx_word' id='word_1_408' title='bbox 910 3253 993 3334; x_wconf 91' lang='lat' dir='ltr'><strong>quod</strong></span> <span class='ocrx_word' id='word_1_409' title='bbox 1003 3256 1144 3315; x_wconf 89' lang='lat' dir='ltr'><strong>nimirum</strong></span> <span class='ocrx_word' id='word_1_410' title='bbox 1157 3274 1224 3315; x_wconf 90' lang='lat' dir='ltr'><strong>eem</strong></span> <span class='ocrx_word' id='word_1_411' title='bbox 1235 3262 1268 3314; x_wconf 92' lang='lat' dir='ltr'><strong>ut</strong></span> <span class='ocrx_word' id='word_1_412' title='bbox 1281 3254 1335 3314; x_wconf 84' lang='lat' dir='ltr'><strong>filii</strong></span> <span class='ocrx_word' id='word_1_413' title='bbox 1350 3253 1520 3315; x_wconf 74' lang='lat' dir='ltr'><strong>baeredita-</strong></span> 
     </span>
     <span class='ocr_line' id='line_1_35' title="bbox 78 3339 1522 3422; baseline 0.002 -22"><span class='ocrx_word' id='word_1_414' title='bbox 78 3339 158 3420; x_wconf 84' lang='lat' dir='ltr'><strong>qood</strong></span> <span class='ocrx_word' id='word_1_415' title='bbox 174 3341 236 3401; x_wconf 87' lang='lat' dir='ltr'><strong>sint</strong></span> <span class='ocrx_word' id='word_1_416' title='bbox 248 3340 303 3401; x_wconf 84' lang='lat' dir='ltr'><strong>filii</strong></span> <span class='ocrx_word' id='word_1_417' title='bbox 318 3340 386 3400; x_wconf 76' lang='lat' dir='ltr'><strong>Dei.</strong></span> <span class='ocrx_word' id='word_1_418' title='bbox 402 3340 573 3414; x_wconf 73' lang='lat' dir='ltr'><strong>Probabile,</strong></span> <span class='ocrx_word' id='word_1_419' title='bbox 589 3343 720 3422; x_wconf 87' lang='lat' dir='ltr'><strong>inquam,</strong></span> <span class='ocrx_word' id='word_1_420' title='bbox 735 3360 774 3400; x_wconf 92' lang='lat' dir='ltr'><strong>ex</strong></span> <span class='ocrx_word' id='word_1_421' title='bbox 822 3341 866 3401; x_wconf 86' lang='lat' dir='ltr'><strong>rio</strong></span> <span class='ocrx_word' id='word_1_422' title='bbox 878 3341 950 3418; x_wconf 88' lang='lat' dir='ltr'><strong>jure</strong></span> <span class='ocrx_word' id='word_1_423' title='bbox 965 3342 1025 3401; x_wconf 90' lang='lat' dir='ltr'><strong>sint</strong></span> <span class='ocrx_word' id='word_1_424' title='bbox 1039 3343 1203 3421; x_wconf 83' lang='lat' dir='ltr'><strong>eceepturi.</strong></span> <span class='ocrx_word' id='word_1_425' title='bbox 1226 3340 1305 3401; x_wconf 86' lang='lat' dir='ltr'><strong>Nem</strong></span> <span class='ocrx_word' id='word_1_426' title='bbox 1325 3342 1438 3420; x_wconf 87' lang='lat' dir='ltr'><strong>optime</strong></span> <span class='ocrx_word' id='word_1_427' title='bbox 1453 3360 1522 3403; x_wconf 75' lang='lat' dir='ltr'><strong>eom</strong></span> 
     </span>
     <span class='ocr_line' id='line_1_36' title="bbox 78 3427 1519 3509; baseline 0.003 -24"><span class='ocrx_word' id='word_1_428' title='bbox 78 3428 199 3487; x_wconf 83' lang='lat' dir='ltr'><strong>iudieiis</strong></span> <span class='ocrx_word' id='word_1_429' title='bbox 215 3436 246 3487; x_wconf 92' lang='lat' dir='ltr'><strong>et</strong></span> <span class='ocrx_word' id='word_1_430' title='bbox 260 3428 439 3506; x_wconf 76' lang='lat' dir='ltr'><strong>conjecturis</strong></span> <span class='ocrx_word' id='word_1_431' title='bbox 456 3427 642 3509; x_wconf 88' lang='lat' dir='ltr'><strong>supradictis.</strong></span> <span class='ocrx_word' id='word_1_432' title='bbox 664 3429 774 3508; x_wconf 85' lang='lat' dir='ltr'><strong>Itaque</strong></span> <span class='ocrx_word' id='word_1_433' title='bbox 823 3429 934 3487; x_wconf 90' lang='lat' dir='ltr'><strong>sistunt</strong></span> <span class='ocrx_word' id='word_1_434' title='bbox 948 3428 1024 3488; x_wconf 83' lang='lat' dir='ltr'><strong>base</strong></span> <span class='ocrx_word' id='word_1_435' title='bbox 1039 3427 1116 3501; x_wconf 89' lang='lat' dir='ltr'><strong>duo,</strong></span> <span class='ocrx_word' id='word_1_436' title='bbox 1143 3430 1298 3508; x_wconf 76' lang='lat' dir='ltr'><strong>percipere</strong></span> <span class='ocrx_word' id='word_1_437' title='bbox 1312 3429 1405 3489; x_wconf 78' lang='lat' dir='ltr'><strong>vitem</strong></span> <span class='ocrx_word' id='word_1_438' title='bbox 1422 3437 1519 3489; x_wconf 82' lang='lat' dir='ltr'><strong>eeter-</strong></span> 
     </span>
     <span class='ocr_line' id='line_1_37' title="bbox 77 3513 1522 3596; baseline 0.001 -21"><span class='ocrx_word' id='word_1_439' title='bbox 77 3515 280 3575; x_wconf 81' lang='lat' dir='ltr'><strong>testimoninm</strong></span> <span class='ocrx_word' id='word_1_440' title='bbox 292 3513 462 3593; x_wconf 86' lang='lat' dir='ltr'><strong>adoptionis</strong></span> <span class='ocrx_word' id='word_1_441' title='bbox 470 3515 598 3588; x_wconf 82' lang='lat' dir='ltr'><strong>divinoe,</strong></span> <span class='ocrx_word' id='word_1_442' title='bbox 610 3514 691 3596; x_wconf 91' lang='lat' dir='ltr'><strong>quod</strong></span> <span class='ocrx_word' id='word_1_443' title='bbox 698 3515 776 3593; x_wconf 87' lang='lat' dir='ltr'><strong>justi</strong></span> <span class='ocrx_word' id='word_1_444' title='bbox 823 3515 967 3592; x_wconf 87' lang='lat' dir='ltr'><strong>namjure</strong></span> <span class='ocrx_word' id='word_1_445' title='bbox 975 3514 1185 3588; x_wconf 83' lang='lat' dir='ltr'><strong>haereditario,</strong></span> <span class='ocrx_word' id='word_1_446' title='bbox 1198 3526 1229 3575; x_wconf 92' lang='lat' dir='ltr'><strong>et</strong></span> <span class='ocrx_word' id='word_1_447' title='bbox 1244 3516 1400 3594; x_wconf 85' lang='lat' dir='ltr'><strong>peroipere</strong></span> <span class='ocrx_word' id='word_1_448' title='bbox 1411 3530 1522 3576; x_wconf 72' lang='lat' dir='ltr'><strong>exme&#39;·</strong></span> 
     </span>
     <span class='ocr_line' id='line_1_38' title="bbox 76 3600 1521 3682; baseline 0.003 -23"><span class='ocrx_word' id='word_1_449' title='bbox 76 3601 105 3660; x_wconf 90' lang='lat' dir='ltr'><strong>in</strong></span> <span class='ocrx_word' id='word_1_450' title='bbox 120 3621 157 3660; x_wconf 90' lang='lat' dir='ltr'><strong>se</strong></span> <span class='ocrx_word' id='word_1_451' title='bbox 174 3602 321 3673; x_wconf 87' lang='lat' dir='ltr'><strong>sentiunt,</strong></span> <span class='ocrx_word' id='word_1_452' title='bbox 347 3602 549 3661; x_wconf 88' lang='lat' dir='ltr'><strong>testimouium</strong></span> <span class='ocrx_word' id='word_1_453' title='bbox 573 3611 621 3662; x_wconf 89' lang='lat' dir='ltr'><strong>est</strong></span> <span class='ocrx_word' id='word_1_454' title='bbox 642 3602 775 3682; x_wconf 88' lang='lat' dir='ltr'><strong>Spiritus</strong></span> <span class='ocrx_word' id='word_1_455' title='bbox 822 3601 903 3676; x_wconf 82' lang='lat' dir='ltr'><strong>m&#39;tis3</strong></span> <span class='ocrx_word' id='word_1_456' title='bbox 918 3603 1094 3679; x_wconf 74' lang='lat' dir='ltr'><strong>praesertim</strong></span> <span class='ocrx_word' id='word_1_457' title='bbox 1107 3603 1133 3663; x_wconf 87' lang='lat' dir='ltr'><strong>ei</strong></span> <span class='ocrx_word' id='word_1_458' title='bbox 1144 3602 1194 3679; x_wconf 88' lang='lat' dir='ltr'><strong>jus</strong></span> <span class='ocrx_word' id='word_1_459' title='bbox 1209 3600 1442 3662; x_wconf 77' lang='lat' dir='ltr'><strong>haereditarium</strong></span> <span class='ocrx_word' id='word_1_460' title='bbox 1455 3610 1521 3664; x_wconf 71' lang='lat' dir='ltr'><strong>ten·</strong></span> 
     </span>
     <span class='ocr_line' id='line_1_39' title="bbox 77 3686 1522 3768; baseline 0.003 -22"><span class='ocrx_word' id='word_1_461' title='bbox 77 3686 121 3760; x_wconf 82' lang='lat' dir='ltr'><strong>S,</strong></span> <span class='ocrx_word' id='word_1_462' title='bbox 146 3694 179 3748; x_wconf 88' lang='lat' dir='ltr'><strong>et</strong></span> <span class='ocrx_word' id='word_1_463' title='bbox 199 3687 327 3768; x_wconf 78' lang='lat' dir='ltr'><strong>proinde</strong></span> <span class='ocrx_word' id='word_1_464' title='bbox 347 3688 544 3748; x_wconf 80' lang='lat' dir='ltr'><strong>verissimum.</strong></span> <span class='ocrx_word' id='word_1_465' title='bbox 568 3689 660 3768; x_wconf 80' lang='lat' dir='ltr'><strong>Quod</strong></span> <span class='ocrx_word' id='word_1_466' title='bbox 675 3697 776 3748; x_wconf 89' lang='lat' dir='ltr'><strong>eutem</strong></span> <span class='ocrx_word' id='word_1_467' title='bbox 823 3696 884 3747; x_wconf 87' lang='lat' dir='ltr'><strong>tum</strong></span> <span class='ocrx_word' id='word_1_468' title='bbox 901 3706 940 3746; x_wconf 86' lang='lat' dir='ltr'><strong>ex</strong></span> <span class='ocrx_word' id='word_1_469' title='bbox 953 3686 1116 3767; x_wconf 77' lang='lat' dir='ltr'><strong>adoptione</strong></span> <span class='ocrx_word' id='word_1_470' title='bbox 1137 3689 1207 3768; x_wconf 87' lang='lat' dir='ltr'><strong>quis</strong></span> <span class='ocrx_word' id='word_1_471' title='bbox 1232 3688 1349 3748; x_wconf 81' lang='lat' dir='ltr'><strong>hebeat</strong></span> <span class='ocrx_word' id='word_1_472' title='bbox 1373 3687 1522 3767; x_wconf 69' lang='lat' dir='ltr'><strong>Quemad-</strong></span> 
     </span>
     <span class='ocr_line' id='line_1_40' title="bbox 76 3771 1522 3856; baseline 0.003 -23"><span class='ocrx_word' id='word_1_473' title='bbox 76 3773 136 3846; x_wconf 86' lang='lat' dir='ltr'><strong>eiii,</strong></span> <span class='ocrx_word' id='word_1_474' title='bbox 151 3775 208 3854; x_wconf 88' lang='lat' dir='ltr'><strong>qui</strong></span> <span class='ocrx_word' id='word_1_475' title='bbox 220 3794 281 3835; x_wconf 84' lang='lat' dir='ltr'><strong>uon</strong></span> <span class='ocrx_word' id='word_1_476' title='bbox 294 3783 363 3835; x_wconf 84' lang='lat' dir='ltr'><strong>sunt</strong></span> <span class='ocrx_word' id='word_1_477' title='bbox 370 3775 458 3852; x_wconf 87' lang='lat' dir='ltr'><strong>justi,</strong></span> <span class='ocrx_word' id='word_1_478' title='bbox 472 3773 526 3835; x_wconf 89' lang='lat' dir='ltr'><strong>sed</strong></span> <span class='ocrx_word' id='word_1_479' title='bbox 538 3796 604 3836; x_wconf 87' lang='lat' dir='ltr'><strong>esse</strong></span> <span class='ocrx_word' id='word_1_480' title='bbox 617 3795 649 3836; x_wconf 90' lang='lat' dir='ltr'><strong>se</strong></span> <span class='ocrx_word' id='word_1_481' title='bbox 660 3783 776 3855; x_wconf 81' lang='lat' dir='ltr'><strong>putent,</strong></span> <span class='ocrx_word' id='word_1_482' title='bbox 823 3771 944 3833; x_wconf 89' lang='lat' dir='ltr'><strong>modum</strong></span> <span class='ocrx_word' id='word_1_483' title='bbox 954 3775 1030 3833; x_wconf 87' lang='lat' dir='ltr'><strong>enirn</strong></span> <span class='ocrx_word' id='word_1_484' title='bbox 1042 3775 1131 3848; x_wconf 87' lang='lat' dir='ltr'><strong>filius,</strong></span> <span class='ocrx_word' id='word_1_485' title='bbox 1147 3776 1201 3835; x_wconf 84' lang='lat' dir='ltr'><strong>etsi</strong></span> <span class='ocrx_word' id='word_1_486' title='bbox 1215 3775 1311 3856; x_wconf 79' lang='lat' dir='ltr'><strong>patris</strong></span> <span class='ocrx_word' id='word_1_487' title='bbox 1325 3775 1522 3846; x_wconf 72' lang='grc' dir='ltr'>1100000,ὼο-</span> 
     </span>
     <span class='ocr_line' id='line_1_41' title="bbox 76 3859 1523 4031; baseline 0.003 -25"><span class='ocrx_word' id='word_1_488' title='bbox 76 3861 776 4029; x_wconf 59' lang='lat' dir='ltr'><strong>:252tiit&#39;Sitti‘jtiziltitsstt</strong></span> <span class='ocrx_word' id='word_1_489' title='bbox 820 3859 1523 4031; x_wconf 62' lang='lat' dir='ltr'><strong>,⁶512‘tltitlttltfllizti‘ittitti</strong></span> 
     </span>
     <span class='ocr_line' id='line_1_42' title="bbox 76 4029 1522 4110; baseline 0.005 -20"><span class='ocrx_word' id='word_1_490' title='bbox 76 4030 196 4094; x_wconf 85' lang='lat' dir='ltr'><strong>islsum.</strong></span> <span class='ocrx_word' id='word_1_491' title='bbox 824 4033 1019 4093; x_wconf 83' lang='lat' dir='ltr'><strong>nibilominus</strong></span> <span class='ocrx_word' id='word_1_492' title='bbox 1042 4033 1260 4095; x_wconf 75' lang='lat' dir='ltr'><strong>hoereditetem</strong></span> <span class='ocrx_word' id='word_1_493' title='bbox 1281 4042 1412 4095; x_wconf 89' lang='lat' dir='ltr'><strong>meretur</strong></span> <span class='ocrx_word' id='word_1_494' title='bbox 1426 4029 1522 4110; x_wconf 85' lang='lat' dir='ltr'><strong>(uude</strong></span> 
     </span>
     <span class='ocr_line' id='line_1_43' title="bbox 118 4119 1523 4201; baseline 0.002 -21"><span class='ocrx_word' id='word_1_495' title='bbox 118 4119 201 4181; x_wconf 85' lang='lat' dir='ltr'><strong>llled</strong></span> <span class='ocrx_word' id='word_1_496' title='bbox 215 4127 316 4182; x_wconf 60' lang='lat' dir='ltr'><strong>umen</strong></span> <span class='ocrx_word' id='word_1_497' title='bbox 337 4140 376 4180; x_wconf 90' lang='lat' dir='ltr'><strong>ex</strong></span> <span class='ocrx_word' id='word_1_498' title='bbox 398 4121 539 4200; x_wconf 82' lang='lat' dir='ltr'><strong>Apostoli</strong></span> <span class='ocrx_word' id='word_1_499' title='bbox 561 4129 681 4182; x_wconf 85' lang='lat' dir='ltr'><strong>constet</strong></span> <span class='ocrx_word' id='word_1_500' title='bbox 702 4121 777 4180; x_wconf 84' lang='lat' dir='ltr'><strong>affir-</strong></span> <span class='ocrx_word' id='word_1_501' title='bbox 824 4119 863 4180; x_wconf 91' lang='lat' dir='ltr'><strong>de</strong></span> <span class='ocrx_word' id='word_1_502' title='bbox 874 4120 935 4179; x_wconf 85' lang='lat' dir='ltr'><strong>filio</strong></span> <span class='ocrx_word' id='word_1_503' title='bbox 939 4120 1033 4198; x_wconf 87' lang='lat' dir='ltr'><strong>jussis</strong></span> <span class='ocrx_word' id='word_1_504' title='bbox 1041 4122 1174 4201; x_wconf 81' lang='lat' dir='ltr'><strong>paternis</strong></span> <span class='ocrx_word' id='word_1_505' title='bbox 1183 4121 1523 4201; x_wconf 83' lang='lat' dir='ltr'><strong>obsequente,maxime</strong></span> 
     </span>
     <span class='ocr_line' id='line_1_44' title="bbox 75 4204 1523 4288; baseline 0.002 -22"><span class='ocrx_word' id='word_1_506' title='bbox 75 4209 225 4281; x_wconf 80' lang='lat' dir='ltr'><strong>metiens,</strong></span> <span class='ocrx_word' id='word_1_507' title='bbox 247 4207 389 4287; x_wconf 81' lang='lat' dir='ltr'><strong>Spiritum</strong></span> <span class='ocrx_word' id='word_1_508' title='bbox 405 4215 544 4268; x_wconf 85' lang='lat' dir='ltr'><strong>sanetum</strong></span> <span class='ocrx_word' id='word_1_509' title='bbox 556 4208 718 4288; x_wconf 89' lang='lat' dir='ltr'><strong>perhibere</strong></span> <span class='ocrx_word' id='word_1_510' title='bbox 727 4209 776 4286; x_wconf 92' lang='lat' dir='ltr'><strong>ju·</strong></span> <span class='ocrx_word' id='word_1_511' title='bbox 825 4209 850 4266; x_wconf 90' lang='lat' dir='ltr'><strong>si</strong></span> <span class='ocrx_word' id='word_1_512' title='bbox 862 4205 957 4266; x_wconf 83' lang='lat' dir='ltr'><strong>luerit</strong></span> <span class='ocrx_word' id='word_1_513' title='bbox 967 4205 1138 4288; x_wconf 87' lang='lat' dir='ltr'><strong>adoptatus,</strong></span> <span class='ocrx_word' id='word_1_514' title='bbox 1150 4207 1211 4268; x_wconf 88' lang='lat' dir='ltr'><strong>dici</strong></span> <span class='ocrx_word' id='word_1_515' title='bbox 1222 4207 1318 4267; x_wconf 91' lang='lat' dir='ltr'><strong>solet:</strong></span> <span class='ocrx_word' id='word_1_516' title='bbox 1331 4207 1388 4266; x_wconf 90' lang='lat' dir='ltr'><strong>Ille</strong></span> <span class='ocrx_word' id='word_1_517' title='bbox 1399 4204 1523 4288; x_wconf 80' lang='lat' dir='ltr'><strong>dignum</strong></span> 
     </span>
     <span class='ocr_line' id='line_1_45' title="bbox 76 4290 1522 4374; baseline 0 -20"><span class='ocrx_word' id='word_1_518' title='bbox 76 4295 130 4354; x_wconf 84' lang='lat' dir='ltr'><strong>stis</strong></span> <span class='ocrx_word' id='word_1_519' title='bbox 142 4295 356 4359; x_wconf 85' lang='lat' dir='ltr'><strong>testimouium.</strong></span> <span class='ocrx_word' id='word_1_520' title='bbox 372 4293 452 4374; x_wconf 91' lang='lat' dir='ltr'><strong>quod</strong></span> <span class='ocrx_word' id='word_1_521' title='bbox 468 4296 529 4355; x_wconf 87' lang='lat' dir='ltr'><strong>sint</strong></span> <span class='ocrx_word' id='word_1_522' title='bbox 543 4295 596 4355; x_wconf 86' lang='lat' dir='ltr'><strong>filii</strong></span> <span class='ocrx_word' id='word_1_523' title='bbox 607 4295 675 4354; x_wconf 90' lang='lat' dir='ltr'><strong>Dei.</strong></span> <span class='ocrx_word' id='word_1_524' title='bbox 699 4292 776 4352; x_wconf 83' lang='lat' dir='ltr'><strong>Nem</strong></span> <span class='ocrx_word' id='word_1_525' title='bbox 825 4312 858 4353; x_wconf 89' lang='lat' dir='ltr'><strong>se</strong></span> <span class='ocrx_word' id='word_1_526' title='bbox 872 4301 1009 4373; x_wconf 87' lang='lat' dir='ltr'><strong>praestet</strong></span> <span class='ocrx_word' id='word_1_527' title='bbox 1030 4290 1247 4368; x_wconf 84' lang='lat' dir='ltr'><strong>haereditate),</strong></span> <span class='ocrx_word' id='word_1_528' title='bbox 1270 4294 1315 4352; x_wconf 87' lang='lat' dir='ltr'><strong>sio</strong></span> <span class='ocrx_word' id='word_1_529' title='bbox 1339 4302 1371 4353; x_wconf 89' lang='lat' dir='ltr'><strong>et</strong></span> <span class='ocrx_word' id='word_1_530' title='bbox 1389 4313 1445 4353; x_wconf 88' lang='lat' dir='ltr'><strong>nos</strong></span> <span class='ocrx_word' id='word_1_531' title='bbox 1468 4295 1522 4354; x_wconf 92' lang='grc'>1111</span> 
     </span>
     <span class='ocr_line' id='line_1_46' title="bbox 75 4380 1524 4461; baseline 0 -20"><span class='ocrx_word' id='word_1_532' title='bbox 75 4400 186 4442; x_wconf 89' lang='lat' dir='ltr'><strong>sensus</strong></span> <span class='ocrx_word' id='word_1_533' title='bbox 209 4380 349 4461; x_wconf 75' lang='lat' dir='ltr'><strong>Apostoli</strong></span> <span class='ocrx_word' id='word_1_534' title='bbox 381 4391 441 4441; x_wconf 86' lang='lat' dir='ltr'><strong>est:</strong></span> <span class='ocrx_word' id='word_1_535' title='bbox 472 4382 618 4461; x_wconf 85' lang='lat' dir='ltr'><strong>Spiritum</strong></span> <span class='ocrx_word' id='word_1_536' title='bbox 639 4389 777 4441; x_wconf 84' lang='lat' dir='ltr'><strong>sonetum</strong></span> <span class='ocrx_word' id='word_1_537' title='bbox 823 4381 885 4439; x_wconf 88' lang='lat' dir='ltr'><strong>Dei</strong></span> <span class='ocrx_word' id='word_1_538' title='bbox 898 4401 953 4461; x_wconf 89' lang='lat' dir='ltr'><strong>per</strong></span> <span class='ocrx_word' id='word_1_539' title='bbox 968 4380 1255 4460; x_wconf 83' lang='lat' dir='ltr'><strong>adoptionemieoti,</strong></span> <span class='ocrx_word' id='word_1_540' title='bbox 1272 4381 1524 4460; x_wconf 87' lang='lat' dir='ltr'><strong>eoquejureDei</strong></span> 
     </span>
     <span class='ocr_line' id='line_1_47' title="bbox 76 4465 1522 4547; baseline 0 -20"><span class='ocrx_word' id='word_1_541' title='bbox 76 4469 234 4530; x_wconf 81' lang='lat' dir='ltr'><strong>testifieeri</strong></span> <span class='ocrx_word' id='word_1_542' title='bbox 250 4469 351 4540; x_wconf 90' lang='lat' dir='ltr'><strong>nobis,</strong></span> <span class='ocrx_word' id='word_1_543' title='bbox 367 4488 426 4529; x_wconf 89' lang='lat' dir='ltr'><strong>non</strong></span> <span class='ocrx_word' id='word_1_544' title='bbox 445 4469 598 4538; x_wconf 87' lang='lat' dir='ltr'><strong>omnibus,</strong></span> <span class='ocrx_word' id='word_1_545' title='bbox 614 4469 668 4547; x_wconf 86' lang='lat' dir='ltr'><strong>qui</strong></span> <span class='ocrx_word' id='word_1_546' title='bbox 681 4468 777 4546; x_wconf 85' lang='lat' dir='ltr'><strong>bapti·</strong></span> <span class='ocrx_word' id='word_1_547' title='bbox 825 4465 988 4539; x_wconf 82' lang='lat' dir='ltr'><strong>baeredes,</strong></span> <span class='ocrx_word' id='word_1_548' title='bbox 1008 4478 1171 4547; x_wconf 84' lang='lat' dir='ltr'><strong>praesepta</strong></span> <span class='ocrx_word' id='word_1_549' title='bbox 1192 4477 1293 4526; x_wconf 89' lang='lat' dir='ltr'><strong>tamen</strong></span> <span class='ocrx_word' id='word_1_550' title='bbox 1316 4468 1397 4546; x_wconf 89' lang='lat' dir='ltr'><strong>ejus,</strong></span> <span class='ocrx_word' id='word_1_551' title='bbox 1413 4475 1447 4527; x_wconf 91' lang='lat' dir='ltr'><strong>ut</strong></span> <span class='ocrx_word' id='word_1_552' title='bbox 1459 4467 1522 4539; x_wconf 83' lang='lat' dir='ltr'><strong>filii,</strong></span> 
     </span>
     <span class='ocr_line' id='line_1_48' title="bbox 75 4550 1524 4635; baseline -0.001 -19"><span class='ocrx_word' id='word_1_553' title='bbox 75 4558 136 4616; x_wconf 74' lang='lat' dir='ltr'><strong>zeti</strong></span> <span class='ocrx_word' id='word_1_554' title='bbox 158 4564 190 4616; x_wconf 84' lang='lat' dir='ltr'><strong>et</strong></span> <span class='ocrx_word' id='word_1_555' title='bbox 212 4555 318 4617; x_wconf 79' lang='lat' dir='ltr'><strong>fideles</strong></span> <span class='ocrx_word' id='word_1_556' title='bbox 341 4575 461 4621; x_wconf 73' lang='lat' dir='ltr'><strong>sumtus,</strong></span> <span class='ocrx_word' id='word_1_557' title='bbox 496 4555 550 4615; x_wconf 90' lang='lat' dir='ltr'><strong>sed</strong></span> <span class='ocrx_word' id='word_1_558' title='bbox 568 4557 674 4635; x_wconf 88' lang='lat' dir='ltr'><strong>justis,</strong></span> <span class='ocrx_word' id='word_1_559' title='bbox 698 4554 778 4634; x_wconf 86' lang='lat' dir='ltr'><strong>quod</strong></span> <span class='ocrx_word' id='word_1_560' title='bbox 825 4572 948 4614; x_wconf 82' lang='lat' dir='ltr'><strong>servare</strong></span> <span class='ocrx_word' id='word_1_561' title='bbox 963 4553 1121 4627; x_wconf 86' lang='lat' dir='ltr'><strong>debemus,</strong></span> <span class='ocrx_word' id='word_1_562' title='bbox 1149 4562 1178 4612; x_wconf 88' lang='lat' dir='ltr'><strong>et</strong></span> <span class='ocrx_word' id='word_1_563' title='bbox 1192 4573 1229 4612; x_wconf 87' lang='lat' dir='ltr'><strong>ee</strong></span> <span class='ocrx_word' id='word_1_564' title='bbox 1245 4550 1455 4614; x_wconf 85' lang='lat' dir='ltr'><strong>observatione</strong></span> <span class='ocrx_word' id='word_1_565' title='bbox 1469 4572 1524 4634; x_wconf 81' lang='lat' dir='ltr'><strong>per</strong></span> 
     </span>
     <span class='ocr_line' id='line_1_49' title="bbox 77 4636 1520 4721; baseline 0.001 -20"><span class='ocrx_word' id='word_1_566' title='bbox 77 4642 213 4703; x_wconf 86' lang='grc' dir='ltr'>11111)οἰ</span> <span class='ocrx_word' id='word_1_567' title='bbox 234 4643 335 4704; x_wconf 84' lang='lat' dir='ltr'><strong>simus.</strong></span> <span class='ocrx_word' id='word_1_568' title='bbox 358 4645 414 4715; x_wconf 80' lang='lat' dir='ltr'><strong>At,</strong></span> <span class='ocrx_word' id='word_1_569' title='bbox 437 4651 470 4701; x_wconf 88' lang='lat' dir='ltr'><strong>ut</strong></span> <span class='ocrx_word' id='word_1_570' title='bbox 493 4641 574 4715; x_wconf 85' lang='lat' dir='ltr'><strong>dixi,</strong></span> <span class='ocrx_word' id='word_1_571' title='bbox 596 4643 669 4721; x_wconf 88' lang='lat' dir='ltr'><strong>ipsis</strong></span> <span class='ocrx_word' id='word_1_572' title='bbox 687 4642 778 4719; x_wconf 85' lang='lat' dir='ltr'><strong>justis</strong></span> <span class='ocrx_word' id='word_1_573' title='bbox 824 4641 922 4719; x_wconf 86' lang='lat' dir='ltr'><strong>ipsius</strong></span> <span class='ocrx_word' id='word_1_574' title='bbox 938 4642 1067 4720; x_wconf 78' lang='lat' dir='ltr'><strong>gretiam</strong></span> <span class='ocrx_word' id='word_1_575' title='bbox 1078 4636 1520 4719; x_wconf 80' lang='lat' dir='ltr'><strong>nosheereditatedignosred·</strong></span> 
     </span>
     <span class='ocr_line' id='line_1_50' title="bbox 76 4725 1521 4812; baseline -0.003 -21"><span class='ocrx_word' id='word_1_576' title='bbox 76 4729 204 4811; x_wconf 75' lang='lat' dir='ltr'><strong>singulis</strong></span> <span class='ocrx_word' id='word_1_577' title='bbox 218 4731 422 4792; x_wconf 86' lang='lat' dir='ltr'><strong>testimouium</strong></span> <span class='ocrx_word' id='word_1_578' title='bbox 433 4728 512 4789; x_wconf 87' lang='lat' dir='ltr'><strong>illud</strong></span> <span class='ocrx_word' id='word_1_579' title='bbox 524 4729 657 4810; x_wconf 89' lang='lat' dir='ltr'><strong>Spiritus</strong></span> <span class='ocrx_word' id='word_1_580' title='bbox 672 4728 702 4789; x_wconf 84' lang='lat' dir='ltr'><strong>S</strong></span> <span class='ocrx_word' id='word_1_581' title='bbox 717 4747 779 4789; x_wconf 91' lang='lat' dir='ltr'><strong>non</strong></span> <span class='ocrx_word' id='word_1_582' title='bbox 826 4725 1521 4812; x_wconf 53' lang='grc' dir='ltr'>1000011οι110·1101οω100011υ181ωῃςυί</span> 
     </span>
    </p>
   </div>
   <div class='ocr_carea' id='block_1_5' title="bbox 0 0 1645 5182">
    <p class='ocr_par' dir='ltr' id='par_1_5' title="bbox 0 0 1645 5182">
     <span class='ocr_line' id='line_1_51' title="bbox 0 0 1645 5182; baseline 0 0"><span class='ocrx_word' id='word_1_583' title='bbox 0 0 1645 5182; x_wconf 95' lang='lat' dir='ltr'><strong> </strong></span> 
     </span>
    </p>
   </div>
  </div>
 </body>
</html>
