3254 5190
199 278 247 347 38

198 446 368 527 phylactns,
391 448 421 508 in
443 445 568 508 foedere
592 469 652 507 non
675 453 894 527 permanentes,

196 531 389 613 foedifragos.
415 531 666 612 compositionem
681 554 752 614 ergo
769 553 833 592 eam
851 534 894 592 in-

196 621 316 700 telligit,
340 640 418 702 qnae
441 629 488 680 est
510 620 541 680 in
563 621 656 698 pactis
680 630 709 679 et
731 621 893 680 conventis.

196 708 296 787 Atque
318 706 350 765 id
372 714 492 766 secutus
507 708 650 767 Erasmus
672 709 762 766 vertit
783 714 895 782 paeto·

196 814 269 854 ram
295 794 546 870 haudquaquam
571 801 713 853 tenaces.-
747 792 801 853 sed
826 795 895 873 quia

197 901 266 942 mox
284 882 417 959 sequitur
428 877 543 955 absq'ue
553 881 693 957 foedere,
710 879 894 962 possuntvffhic

196 968 291 1047 accipi
314 968 365 1046 qui
385 967 518 1026 moribus
541 975 611 1027 sunt
633 968 784 1026 inurbanis
807 975 837 1024 et
851 966 893 1025 in·

197 1054 376 1132 compositis,
393 1062 422 1112 et
439 1052 477 1113 ab
488 1053 671 1113 humanitate
684 1054 797 1113 alienis.
815 1052 892 1111 Nam

197 1140 323 1201 etillnd
345 1158 406 1201 vox
430 1139 546 1199 Graeca
578 1141 733 1218 significat
778 1139 894 1219 Estque

196 1229 283 1288 etiam
299 1228 372 1286 hic⁶
364 1249 395 1286 m
407 1225 525 1286 Graeco
540 1227 731 1286 observanda
743 1234 828 1303 grata
841 1246 893 1282 r·o

195 1335 260 1375 cnm
277 1313 382 1373 allusio
397 1312 487 1390 hujus
503 1322 532 1372 et
546 1313 761 1415 praecedentis,
783 1303 892 1368 ἀσυνέ-

195 1417 287 1475 τους,
312 1390 517 1466 ἆοονθὲτουςε
541 1421 601 1480 qua
618 1400 755 1459 nimirum
771 1402 893 1459 innuere

194 1487 290 1547 voluit
304 1488 444 1546 vitiorum
462 1485 645 1547 affinitatem
668 1485 746 1545 Nam
768 1485 895 1545 stultitia

194 1575 319 1634 statim⁶
312 1595 340 1632 m
356 1592 453 1632 mores
469 1572 626 1633 redundat

238 1663 314 1723 sine
330 1661 506 1737 affectione,
531 1661 647 1729 absque
661 1660 803 1736 foedere,
826 1661 893 1717 aas

195 1748 423 1808 misericordia.
446 1746 484 1805 In
500 1745 617 1808 Graeco
629 1754 697 1804 sunt
711 1744 835 1845 singula
840 1765 892 1804 no-

195 1836 284 1906 mina,
309 1824 492 1909 ἀστόργους,
514 1823 739 1907 ἀσπόνδους,
724 1824 894 1907 ανελεήμο-

196 1937 269 1993 νας,
294 1940 419 2001 quorum
435 1918 494 1979 duo
518 1921 618 1993 priora
634 1919 790 1996 conjunxit
806 1919 894 1977 etiam

198 2008 311 2067 suin
330 2007 357 2064 3.
392 2006 433 2064 Et
455 1998 622 2084 quidem
601 2021 747 2080 αοτοργοι
771 2004 894 2064 Graecis

197 2093 419 2171 dicuutur,an
410 2091 516 2152 ⁶nullo
529 2101 693 2171 tanguntur
707 2092 827 2170 pietatis
844 2099 895 2149 aut

197 2166 349 2240 charitatis
371 2179 488 2251 affectu,
511 2180 609 2258 qualis
631 2178 805 2239 naturaliter
828 2197 895 2237 esse

198 2267 274 2327 solet
288 2269 366 2326 inter
380 2275 518 2345 parentes
535 2274 566 2325 et
575 2267 696 2336 liberos,
712 2274 804 2344 atque
819 2264 894 2324 alios

177 2347 180 2352 ’
198 2355 344 2455 sangnine
359 2353 409 2413 vel
421 2354 509 2412 simili
521 2352 744 2414 necessitudine
756 2351 894 2411 constric-

197 2450 252 2500 tos.
266 2429 438 2498 Ἀυπονδοι
454 2437 774 2519 dicuntur,qu1fidem
790 2448 820 2498 et
833 2438 895 2498 ioe-

199 2526 272 2587 dera
286 2548 346 2588 non
362 2535 490 2585 servant
516 2526 697 2606 Quanquam
710 2526 797 2583 etiam
809 2521 894 2585 intel-

714 270 948 325 consensimus
966 269 997 323 lli
1016 269 1081 325 CAP.
1100 271 1118 325 1.

943 449 1039 507 emam
1051 456 1108 507 etc.
1124 445 1282 508 Caeterum
1295 468 1314 508 a
1325 446 1442 508 Latinis
1453 455 1514 509 tam
1526 445 1607 508 Gra>-

943 554 1033 611 quam
1049 533 1175 612 Syriaca
1191 554 1248 595 non
1270 555 1375 614 parurn
1389 533 1569 612 discrepant
1594 533 1616 594 S

943 621 1020 679 enim
1031 621 1158 680 habent:
1176 624 1237 698 φοι·
1248 642 1319 682 σοι-οι
1326 624 1488 694 iustitiam
1496 622 1560 681 Dei
1571 639 1602 679 cr
1615 647 1621 672 ι

942 710 1115 781 novissent,
1139 711 1216 782 qaia
1238 712 1293 784 qai
1316 708 1400 767 talia
1424 714 1529 783 ayunt
1551 708 1601 765 di

943 801 1018 853 sant
1032 802 1145 868 morte,
1169 813 1237 854 noa
1252 795 1355 855 solam
1370 813 1406 854 ea
1426 796 1568 871 faciant,
1592 813 1624 855 ss

943 883 1041 940 etiam
1064 884 1265 941 consentiant
1285 881 1487 958 facientibus.
1533 885 1627 943 Just

942 971 1033 1043 bam,
1058 966 1175 1028 Graece
1198 962 1352 1044 δικαίωμα
1371 969 1603 1044 justificatione

942 1053 1003 1114 Sed
1026 1074 1116 1133 saepe
1132 1075 1185 1133 pro
1204 1056 1323 1132 justitia
1344 1055 1472 1132 ponitur.
1503 1053 1542 1112 In
1564 1053 1620 1112 hu

942 1148 1039 1200 autem
1056 1140 1174 1200 modum
1190 1140 1321 1201 Graecos
1340 1160 1443 1202 omnes
1463 1142 1623 1218 interpre
1620 1182 1626 1191 ·

942 1227 1012 1286 olim
1027 1227 1146 1305 legisse,
1162 1229 1297 1306 quamvis
1308 1226 1387 1305 apud
1404 1223 1608 1287 nonnullos·-

941 1320 988 1372 tns
1010 1314 1161 1391 irrepserit
1182 1315 1325 1394 vulgatae
1348 1314 1497 1375 versionis
1516 1313 1618 1373 Latin

942 1396 1035 1480 (quod
1048 1400 1114 1460 dieo
1126 1402 1307 1478 potissimum
1323 1409 1444 1478 propter
1458 1399 1624 1479 Origenem

941 1496 1023 1566 patet
1034 1507 1073 1547 ex
1085 1506 1186 1546 corum
1199 1487 1422 1547 commentariis.
1443 1486 1619 1548 Oecnmeni·

940 1574 983 1631 ita
1003 1575 1161 1651 utriusque
1182 1575 1315 1634 meminit
1338 1574 1490 1647 lectionis,
1513 1582 1547 1633 ut
1576 1600 1580 1610 ·
1614 1602 1627 1627 ιι

941 1678 1020 1737 qnae
1032 1661 1204 1719 Latinorum
1220 1669 1267 1720 est
1282 1660 1425 1733 codicum,
1448 1681 1489 1721 ex
1503 1661 1623 1740 profess

941 1745 1068 1806 refellat
1100 1745 1156 1824 Caj
1159 1757 1264 1807 etanus
1287 1749 1434 1808 affirmat·
1426 1769 1457 1808 m
1471 1749 1593 1808 Latinis

942 1841 1036 1891 terem
1052 1851 1118 1892 esse
1133 1842 1308 1913 corruptam.

985 1918 1065 1978 Sane
1088 1930 1213 1992 constat,
1237 1921 1324 1980 etiam
1347 1921 1470 1980 Latinos
1495 1940 1586 1999 qnos
1602 1950 1627 1973 ,ι

943 2004 1012 2064 οῙίιο
1023 2004 1134 2083 legisse
1144 2027 1266 2085 prorsus
1278 2015 1330 2066 aut
1343 2006 1557 2086 propemodum
1569 2027 1624 2086 qn·

941 2089 1030 2150 modo
1046 2090 1162 2152 Graeci.
1190 2094 1267 2154 Nam
1284 2091 1455 2173 Cyprianus
1471 2093 1539 2154 loce
1554 2114 1625 2172 sup

941 2179 1001 2237 rius
1018 2178 1114 2253 citato,
1134 2181 1226 2258 juxta
1250 2179 1338 2240 fidem
1357 2179 1517 2240 multorum
1543 2199 1625 2240 exzo

942 2264 1069 2343 plarium
1091 2286 1162 2326 mss.
1187 2269 1230 2326 sie
1253 2267 1347 2327 verba
1368 2266 1496 2346 apostoli
1520 2268 1627 2326 recita

943 2353 1005 2429 (lai
1033 2371 1105 2410 cum
1130 2356 1291 2426 justitiam
1319 2355 1380 2412 Dei
1409 2356 1619 2427 eayaovissea

942 2456 1011 2499 aon
1027 2446 1155 2499 tantam
1176 2442 1306 2518 faciam
1324 2441 1423 2515 mala,
1447 2440 1500 2499 sed
1517 2447 1547 2499 et
1565 2460 1603 2501 co

942 2528 1085 2584 sentiunt
1095 2530 1137 2585 eis
1148 2531 1203 2602 qai
1218 2528 1295 2586 bace
1311 2536 1431 2600 aaaat:
1446 2526 1557 2587 deinde
1574 2547 1625 2587 en

197 2614 252 2692 ligi
263 2622 389 2694 possunt
399 2613 612 2692 implacabiles,
625 2633 674 2694 qur
666 2610 779 2671 'semel
791 2611 896 2672 offensi
939 2612 1048 2690 jungit,
1063 2617 1213 2687 quoniam
1227 2616 1283 2687 ‹Jai
1294 2614 1384 2689 talia,
1397 2616 1513 2690 inquit,
1528 2633 1620 2690 apua

198 2701 470 2760 reconciliationem
492 2720 552 2759 non
575 2700 741 2759 admittunt.
765 2697 844 2757 Nam
867 2707 897 2757 et
944 2701 1035 2773 diarii
1057 2708 1131 2758 suat
1153 2708 1263 2759 morte.
1295 2699 1382 2777 Quae
1403 2701 1493 2761 lectio
1515 2700 1619 2762 Gracc

198 2787 230 2847 hi
252 2787 370 2848 Graeca
398 2807 474 2846 voce
504 2787 713 2864 significantur.
759 2784 896 2865 Utraque
945 2794 1094 2856 consonat,
1118 2806 1153 2846 eo
1178 2787 1271 2846 solnm
1295 2796 1437 2867 excepto,
1460 2786 1542 2866 qnod
1566 2808 1614 2848 ο·

200 2883 280 2934 certe
296 2874 474 2976 significatio
489 2875 642 2952 praesenti
654 2874 719 2932 loco
730 2870 810 2931 bene
822 2892 894 2951 qur·

200 2960 276 3021 drst
298 2948 534 3037 Ἀνελεήμονες,
558 2961 652 3020 idest
671 2962 896 3020 immisericor-

200 3048 263 3125 des,
280 3050 432 3108 immites:
454 3049 505 3126 qui
516 3069 575 3107 non
588 3055 812 3107 commoventur
822 3048 896 3105 alie·

944 2892 1010 2932 nem
1034 2874 1200 2934 sententiae
1226 2874 1347 2953 paulum
1370 2877 1519 2946 immutet,
1548 2876 1625 2936 verb

945 2958 1092 3039 quaedam
1102 2959 1226 3021 emedio
1238 2961 1355 3022 sublata
1366 2961 1539 3022 collocans⁶
1530 2983 1562 3021 in
1573 2963 1627 3022 fin:

945 3047 1131 3124 Augustinus
1159 3067 1279 3128 qnoque
1300 3050 1331 3106 in
1358 3049 1547 3128 expositione
1570 3069 1605 3127 q

199 3137 245 3195 nis
257 3136 390 3208 miseriis,
404 3136 468 3195 sive
478 3143 512 3193 nt
523 3155 574 3194 eas
584 3134 717 3212 benigne
729 3132 896 3204 sublevent,
944 3130 1070 3192 rundam
1086 3154 1202 3213 propos.
1218 3134 1305 3212 hujus
1320 3136 1406 3214 epist
1418 3136 1508 3213 juxta
1523 3135 1593 3196 coeli
1619 3164 1625 3188 ·.

200 3224 264 3283 sive
280 3242 320 3282 ne
336 3242 386 3282 eas
403 3223 513 3299 injuste
525 3221 577 3280 vel
589 3220 748 3281 crudeliter
759 3220 895 3280 inferant.

945 3220 1129 3298 antiquiores
1145 3223 1185 3280 ita
1201 3221 1291 3299 legit:
1315 3224 1390 3282 Noa
1404 3223 1509 3281 solam
1527 3241 1565 3282 ea
1587 3224 1627 3300 f‘·

246 3308 376 3388 Quidam
405 3311 594 3389 suspicantur
622 3307 800 3387 Apostolum
822 3309 898 3367 haec
945 3310 1051 3379 ciam,
1075 3307 1128 3366 sed
1151 3311 1247 3366 etiam
1269 3312 1470 3369 comentiaat
1489 3309 1616 3386 sacient

201 3395 269 3470 duo,
292 3399 360 3458 siae
375 3397 664 3474 affectioneetsine
680 3396 898 3455 misericordia
945 3394 1009 3453 bas.
1034 3395 1132 3474 Atque
1147 3414 1212 3453 eam
1229 3394 1387 3455 lectionem
1402 3395 1563 3474 subjuncta
1577 3397 1621 3456 e⁶

201 3478 292 3564 (quae
313 3485 387 3543 vitia
409 3491 478 3542 sunt
500 3481 657 3542 admodum
680 3483 756 3541 inter
779 3502 812 3542 se
828 3503 896 3560 cog*
945 3481 1089 3559 exposrtro
1099 3482 1260 3540 confirmat
1269 3481 1620 3562 ItemSymmachnsPa

200 3566 284 3645 nata)
296 3571 355 3630 huc
366 3569 561 3648 adscripsisse
572 3579 694 3648 propter
703 3567 820 3629 Stoicos
832 3568 896 3647 phi·

944 3568 1041 3627 locum
1057 3568 1136 3627 hune
1150 3567 1297 3628 adversus
1311 3569 1525 3629 Anastasium⁶
1515 3591 1593 3631 που

199 3658 349 3760 losophos,
372 3647 782 3738 qnibrtoibstavdoeueront,
805 3654 898 3714 idest
944 3663 1039 3714 torem
1055 3653 1176 3733 profert,
1191 3653 1559 3735 ntdoeestgravinsesse
1574 3677 1626 3716 cos

199 3747 368 3822 passionum
392 3743 458 3804 sive
486 3743 674 3804 affectionum
700 3743 896 3802 vacuitatem.

945 3741 1057 3800 sentire
1068 3760 1155 3821 qnam
1167 3740 1276 3801 iacere.
1294 3740 1382 3819 Quod
1395 3762 1433 3803 ex
1444 3742 1581 3804 hocloco
1592 3764 1627 3803 na

199 3832 368 3891 nescientes
390 3831 484 3889 virum
507 3829 618 3890 bonum
640 3830 831 3909 passionibus
853 3830 896 3888 nti
945 3846 1093 3908 quaquam
1108 3826 1243 3901 habetur,
1257 3830 1316 3888 nisi
1307 3828 1466 3907 legamus
1476 3838 1510 3888 ut
1522 3829 1603 3892 Gra

199 3916 310 3977 debere
321 3925 355 3977 nt
366 3915 492 3976 stimulis
504 3916 543 3976 ad
554 3936 647 3996 opera
661 3919 810 3977 virtutum.
827 3915 896 3992 Qua
988 3913 1159 3975 Secundum
1174 3915 1229 3975 hos
1244 3916 1335 3994 igitur
1348 3915 1458 3994 planus
1474 3925 1522 3977 est
1536 3936 1584 3978 se
1599 3946 1602 3968 :
1617 3944 1621 3968 ·

199 4002 237 4063 de
247 4024 280 4065 re
292 4004 370 4083 Aug.
384 4002 507 4064 consule
519 4003 569 4063 lib.
581 4005 629 4063 14.
640 4002 678 4062 de
690 4005 746 4062 civ.
759 4002 821 4061 Dei
832 4023 856 4061 c.
866 4005 894 4063 9.
943 4001 1128 4079 hujusmodi:
1162 4000 1222 4079 Qui
1245 4001 1416 4082 philosophi
1439 4011 1470 4062 ct
1490 4005 1598 4082 sapien
1620 4030 1625 4053 ι

241 4092 293 4152 32.
318 4094 379 4171 Qui
394 4110 466 4151 eam
476 4093 634 4165 justitiam
651 4092 713 4150 Dei
728 4091 895 4164 eopaovis-
943 4106 1008 4146 eum
1023 4096 1143 4167 prester
1157 4087 1224 4160 alia,
1241 4107 1320 4166 quae
1334 4087 1372 4148 de
1384 4089 1452 4147 Deo
1464 4088 1623 4150 didicerun

198 4186 283 4253 sent,
307 4197 375 4239 aaa
397 4177 641 4249 intellexerunt,
664 4179 819 4251 quoniam
841 4178 896 4250 qai
944 4175 1034 4233 etiam
1051 4176 1197 4253 justitiam
1212 4175 1272 4234 Dei
1295 4177 1515 4253 cognovissent,
1538 4195 1625 4237 sem·

197 4265 279 4324 talia
302 4272 404 4340 ayant
425 4264 517 4339 dipai
538 4271 614 4325 mat
635 4271 756 4338 morta·
778 4270 807 4323 ct
827 4281 895 4322 aaa
943 4257 1012 4318 dnm
1024 4281 1113 4338 qnam
1125 4261 1209 4340 digni
1221 4270 1393 4322 suntmorte
1405 4261 1456 4341 qni
1468 4261 1551 4337 talia,
1563 4282 1606 4343 qn

197 4352 301 4412 solam
324 4354 380 4425 qai
402 4370 439 4411 ea
467 4351 615 4427 faciant,
646 4352 699 4410 sed
722 4353 817 4410 etiam
840 4352 896 4418 qai
938 4347 1002 4425 jam
1018 4356 1254 4420 commemorata,
1278 4357 1386 4426 agunt3
1409 4369 1469 4409 non
1485 4348 1584 4408 solum
1608 4376 1615 4395 ·

197 4443 399 4499 consentiant
411 4438 612 4514 facientibus.
636 4437 685 4497 Sic
701 4436 819 4496 codices
833 4436 894 4496 Ro·
942 4452 1009 4492 men
1025 4436 1082 4515 ipsi
1098 4454 1135 4493 ea
1150 4433 1272 4509 faciunt,
1294 4455 1372 4515 quae
1387 4435 1418 4494 in
1441 4435 1542 4496 multis
1557 4436 1623 4515 ign

196 4545 302 4585 manae
325 4526 531 4585 correctionis:
554 4525 671 4585 tametsi
693 4523 827 4605 plerique
843 4523 894 4582 alii
942 4521 1058 4582 tantiae
1073 4530 1123 4580 aut
1138 4520 1300 4581 infirmitati
1324 4530 1463 4600 poterant
1484 4522 1566 4601 impu
1588 4550 1591 4576 ;
1617 4523 1625 4537 ⁶

151 4622 155 4627 ⁶
197 4612 262 4671 sine
292 4612 501 4691 conjunctione
531 4611 650 4691 legunt:
690 4613 790 4685 Dioni
820 4617 895 4669 sunt
942 4624 1046 4666 verum
1060 4609 1148 4668 etlam
1161 4610 1352 4669 consentiunt
1362 4608 1430 4670 allls
1441 4607 1516 4669 talis
1527 4608 1622 4668 facie

196 4704 310 4775 morte,
331 4717 401 4761 aaa
416 4698 519 4759 solssm
541 4700 596 4777 qai
618 4715 656 4757 ea
677 4698 817 4774 faciant,
840 4696 894 4757 sed
941 4691 1028 4771 tibus,
1043 4693 1133 4756 idest
1147 4713 1184 4755 ee
1198 4697 1229 4756 in
1243 4694 1310 4758 aliis
1324 4714 1378 4758 suo
1394 4714 1552 4773 consensu,
1567 4693 1619 4759 sir
