3254 5190
449 290 1057 351 ιιιτοιιιιιιιιιιιιιιιιιιιιι
1405 294 1477 363 531

65 477 106 531 ut
131 469 222 529 etiam
250 468 371 545 alienis,
401 477 435 531 ut
463 469 529 533 vult
557 465 735 550 OaJ'etnnns)
783 471 918 533 Domini
941 475 971 530 st
986 468 1129 544 Copias?
1152 466 1240 528 Haec
1261 487 1333 568 pers
1358 486 1418 526 non
1442 461 1483 524 nd

65 557 186 617 inistret
207 556 295 618 uobis
318 576 368 631 ιι,
392 577 471 638 quae
494 565 565 617 sunt
587 557 737 619 humanae
783 557 816 619 id
830 557 926 618 solum
940 553 1083 629 refertur,
1099 554 1181 635 quod
1193 573 1328 633 proxume
1342 570 1483 632 praeces

65 642 248 705 secssitatis?
278 604 421 705 Nominat
449 653 550 706 autem
580 645 736 707 mulierem
783 646 830 717 sit,
845 643 884 703 de
896 662 998 703 sorore
1009 642 1135 705 muherc
1147 638 1412 701 crroumdncenda
1429 634 1485 699 sed

65 731 137 789 stitis
159 748 251 808 quam
273 731 386 791 virum:
413 732 483 813 quia
505 732 548 792 sic
571 739 637 791 erat
655 728 736 812 apud
784 731 874 792 simul
889 730 929 791 ad
947 728 1023 790 illud
1046 730 1201 809 superius:
1229 726 1394 804 Numquid
1416 743 1485 787 ιιιιι

65 815 177 876 ndaeos
192 817 395 878 consuetudo:
423 828 583 899 propterea
598 817 680 897 quod
696 815 737 877 ad
784 818 932 878 babemus
966 823 1154 892 potestatem
1197 813 1421 875 manducandi
1457 817 1485 870 et

65 901 209 981 njmmodi
238 905 404 965 ministeria
433 906 483 965 vel
512 905 659 984 aptiores,
687 902 737 963 vel
785 904 935 965 bibendi?
951 901 1054 982 Quare
1070 900 1151 983 quod
1168 900 1206 962 de
1220 901 1344 961 muliere
1361 901 1483 960 circum·

65 991 234 1070 romptiores
262 1010 299 1050 ac
320 993 414 1070 magis
445 992 593 1053 officiosae
620 990 738 1053 solesut
784 989 923 1052 ducenda
944 988 1034 1061 dixit,
1059 1010 1120 1051 non
1141 995 1187 1049 est
1207 1007 1333 1049 necesse
1356 985 1487 1065 intelligi

65 1075 267 1137 samuliores.
302 1076 334 1137 Si
350 1097 494 1157 quaeras,
509 1077 659 1158 quomodo
674 1096 736 1137 mu·
784 1077 896 1138 factum
911 1077 950 1137 ab
966 1075 1103 1136 omnibus
1117 1074 1273 1156 Apostolis
1290 1074 1432 1145 caeteris,
1456 1078 1487 1132 et

65 1180 157 1235 ιιιιιι,
178 1180 260 1242 quae
280 1182 356 1224 uxor
378 1184 439 1225 non
454 1173 549 1239 esset,
571 1163 736 1228 circumdu·
785 1186 805 1225 ι
818 1160 960 1225 fratribus
975 1163 1114 1237 Domini,
1140 1171 1169 1223 et
1184 1162 1247 1222 ab
1239 1181 1303 1241 rpso
1320 1159 1440 1239 Cepha,
1455 1157 1486 1218 id

65 1268 124 1323 ere,
149 1270 210 1309 non
231 1248 326 1309 inerit
346 1250 427 1330 apud
452 1211 602 1324 homides,
628 1252 738 1312 saltem
786 1261 848 1324 est,
878 1250 986 1327 Petro;
1020 1249 1074 1309 sed
1104 1250 1143 1311 ab
1173 1248 1325 1328 aliquibus
1355 1250 1487 1307 istorum.

65 1335 231 1410 simiores,
268 1336 495 1399 scandalosnm:
529 1338 738 1417 respondetur,
787 1337 879 1419 Quod
888 1336 980 1410 eddrt
989 1344 1019 1397 ιι
1026 1337 1298 1413 fratrcsDomms
1311 1342 1341 1395 ιι
1353 1335 1485 1411 Copias

65 1421 120 1503 pud
132 1421 270 1484 iudaeos
286 1443 346 1484 non
357 1423 463 1485 fursee
479 1445 552 1506 quta
562 1425 653 1486 fiebat
668 1445 736 1487 con·
786 1446 853 1487 cum
868 1425 974 1485 auxesi
989 1422 1107 1485 dicitnr.
1130 1420 1266 1483 intendit
1280 1423 1359 1482 enim
1375 1419 1485 1480 oratio·

65 1508 223 1570 uetudine
214 1530 247 1570 ιιι
261 1518 378 1571 tantum
399 1523 536 1593 recepta,
558 1521 590 1572 nt
606 1521 637 1573 ιι
652 1510 736 1573 Chri·
786 1531 854 1573 nem
883 1510 969 1571 velut
997 1509 1140 1589 gradibus
1171 1507 1365 1589 quibusdum,
1395 1526 1431 1569 ac
1460 1505 1487 1566 si

65 1603 107 1657 tus
121 1596 269 1657 Dominus
284 1597 410 1658 eandem
432 1600 509 1659 circa
531 1617 563 1658 se
578 1598 738 1659 admittere
787 1597 883 1660 (ιίιιιι.
904 1597 953 1657 An
968 1618 1028 1659 non
1042 1596 1188 1657 babemus
1203 1604 1385 1676 potestatem
1400 1612 1486 1674 prae·

65 1702 103 1743 ton
115 1682 207 1744 fuerit
221 1682 411 1765 dedignatus.
433 1685 543 1764 Neque
561 1687 641 1746 enim
656 1704 738 1747 assu·
787 1684 948 1758 dictorum,
964 1704 1057 1764 quam
1072 1684 1200 1756 hubent,
1223 1702 1347 1763 qunque
1362 1688 1487 1741 utuntur

65 1767 197 1831 utentur
211 1769 252 1831 ad
266 1770 436 1851 hujusmodi
458 1773 655 1833 ministerium
674 1792 737 1831 mn·
786 1770 896 1833 caeteri
910 1770 1056 1851 Apostoli,
1072 1774 1163 1832 etiam
1177 1772 1230 1852 qui
1245 1773 1322 1832 inter
1334 1787 1387 1830 eos
1398 1787 1486 1848 pras·

65 1855 147 1930 ἰιιιι,
170 1858 231 1918 uisi
254 1876 379 1938 quarum
400 1860 524 1921 castitas
546 1879 613 1920 cum
627 1860 739 1938 pietate
787 1859 884 1938 cipui,
912 1856 943 1917 id
966 1868 1029 1932 est,
1054 1860 1165 1920 iratres
1182 1857 1323 1930 Domini,
1349 1855 1487 1935 adeoque

65 1943 202 2023 nnjuncts
215 1943 293 2005 adeo
308 1954 379 2006 nota
394 1954 474 2006 esset
487 1967 523 2007 ιι
536 1945 680 2027 probata,
705 1953 740 2007 nt
787 1947 853 2026 ipse
868 1945 976 2005 Petrus
996 1946 1137 2025 princeps
1160 1953 1192 2005 et
1214 1952 1306 2023 capnt
1327 1941 1486 2045 Apostplo-

65 2048 157 2091 ιιιιιιιιι
183 2030 356 2093 excluderet
383 2035 619 2095 incontinentiae
641 2034 738 2113 suspi-
786 2030 874 2093 rum?
897 2031 976 2091 Nam
992 2031 1115 2092 Petrum
1136 2031 1242 2091 ultimo
1264 2031 1329 2091 loco
1353 2030 1487 2091 nomina·

65 2115 166 2177 ἡιιιιιιι.
196 2116 301 2191 Adde,
325 2117 408 2199 quod
430 2127 462 2180 et
476 2118 688 2199 Apostolorum
702 2139 740 2179 ea
786 2128 850 2178 tum
862 2127 1006 2197 tanquam
1018 2119 1146 2178 caeteris
1159 2137 1302 2197 maJorem
1311 2121 1489 2177 attestantur

65 2198 194 2265 ititvitse
216 2204 380 2283 perfectio,
401 2214 430 2265 et
451 2206 642 2286 perfectiouis
658 2203 741 2307 apud
788 2206 970 2267 Graecorum
992 2206 1205 2266 commentarii
1239 2204 1291 2265 Sic
1314 2205 1393 2265 enim
1413 2206 1487 2262 etl.

65 2306 144 2351 tunes
170 2292 367 2368 existimatio,
393 2301 425 2352 ut
451 2313 538 2353 nemo
559 2292 648 2353 facile
669 2293 740 2353 sini·
788 2312 854 2372 cop.
879 2290 972 2369 hujus
999 2293 1087 2372 epist
1114 2291 1263 2371 gradatim
1290 2290 1330 2352 sd
1358 2289 1488 2368 mqjores

65 2384 134 2437 uum
155 2376 229 2457 quid
252 2388 375 2459 propter
393 2379 540 2440 foeminas
562 2381 686 2441 comites
701 2376 740 2439 de
787 2377 930 2451 ascendit,
942 2377 1063 2457 quando
1074 2385 1143 2457 post
1153 2378 1360 2443 senomrnavrt
1367 2375 1488 2456 Apollo,

65 2462 250 2544 issnspicari
264 2464 668 2545 potueritquemadmodum
684 2484 741 2525 nec
786 2467 927 2540 Petrum,
952 2462 1114 2525 Christum.
1151 2465 1202 2526 Sic
1228 2472 1260 2525 et
1285 2462 1421 2544 Angelus
1448 2460 1489 2525 ad

65 2546 170 2624 iudaei,
192 2555 386 2631 quantumvis
407 2551 564 2627 malevoli,
590 2553 652 2612 tale
666 2551 739 2632 quid
789 2551 930 2613 mulieres
945 2551 1042 2614 Marci
1057 2550 1181 2614 ultimo:
1195 2554 1255 2627 lto,
1274 2552 1379 2632 inquit,
1395 2550 1489 2611 dicite

65 2632 211 2697 laclrristo
226 2641 373 2719 suspicati
388 2639 497 2711 inisse,
512 2660 547 2701 ac
562 2658 601 2700 ne
617 2638 741 2719 quidem
789 2639 953 2715 discipulis
969 2644 1036 2713 ejus
1051 2647 1081 2700 ct
1095 2641 1200 2701 Petro.

65 2723 292 2785 urcalumniam
307 2726 470 2806 objecisse,
491 2726 643 2805 leguntur.
681 2726 740 2786 Ve·
831 2726 955 2787 Fratres
971 2727 1106 2799 Domini,
1129 2727 1182 2806 qni
1204 2724 1339 2787 dicautur
1354 2732 1415 2785 tam
1430 2722 1487 2784 hoc

65 2826 109 2869 usn
122 2812 194 2890 qnia
208 2809 323 2873 iscium
337 2812 508 2892 hujusmodi
521 2812 739 2893 poteretoffeu·
788 2812 869 2884 loco,
896 2833 986 2890 quam
1012 2812 1095 2893 apud
1120 2811 1336 2892 Evangelistss
1361 2805 1407 2887 (ut
1436 2811 1490 2890 qui

65 2895 114 2957 lero
126 2899 267 2976 gentiles,
283 2900 364 2980 apud
379 2918 454 2979 qnos
469 2899 653 2979 inopinabile
668 2906 741 2970 erat,
789 2918 893 2961 omnes
901 2898 1026 2960 inanum
1036 2900 1159 2961 Domini
1169 2894 1387 2975 meminerunt),
1400 2907 1489 2958 vetus

65 2982 195 3045 tulierem
223 2988 337 3064 passim
367 2985 592 3047 circumducere
621 2995 653 3047 et
682 3005 741 3046 non
789 2986 928 3066 quaestio
944 2994 997 3047 est.
1035 2987 1097 3049 Ubi
1116 2987 1246 3065 primum
1267 2984 1423 3047 cavendus
1437 3004 1487 3045 ex·

65 3088 181 3149 sugere.
206 3082 368 3151 propterea
382 3073 494 3133 Paulus
511 3073 645 3152 gentium
659 3069 740 3149 Apo·
790 3072 989 3134 secrabiliser
986 3092 1042 3133 ror
1054 3072 1425 3142 infidclrnmJudaeornm
1436 3070 1489 3150 qui

65 3156 144 3231 luins,
158 3178 199 3220 ne
214 3158 295 3238 quod
307 3158 493 3221 obstaculum
505 3166 631 3240 poneret
640 3159 740 3219 Evan-
788 3158 899 3220 iratres
914 3178 1072 3238 germanos
1087 3159 1218 3219 Domino
1233 3160 1256 3221 J
1257 3179 1310 3219 ssu
1324 3159 1489 3238 assignant,

65 3243 132 3317 elic,
145 3243 314 3324 prudenter
328 3245 487 3308 admodum
502 3245 687 3307 existimavit
702 3243 741 3304 ab
789 3254 933 3326 tanquam
955 3255 1028 3307 nato
1049 3265 1088 3305 ιι
1111 3245 1232 3324 Joseph
1252 3254 1284 3309 ιι
1298 3245 1398 3307 Μιιίι
1421 3264 1488 3305 con·

65 3329 154 3393 oribi
169 3330 389 3393 abstinendum.
425 3334 494 3413 Qua
517 3331 554 3392 de
574 3350 606 3390 re
621 3338 685 3390 tota
698 3330 742 3389 sic
785 3331 918 3412 Jugibus,
935 3351 974 3394 ιι
988 3332 1100 3412 quibus
1117 3339 1148 3393 ιι
1162 3330 1232 3393 illos
1243 3334 1363 3412 genitos
1375 3331 1488 3391 volunt.

65 3414 167 3477 [isson.
183 3418 216 3478 in
231 3421 444 3479 commentario
456 3417 743 3497 superbiattheeum
790 3416 956 3480 cavendus
977 3422 1050 3481 item
1074 3439 1157 3479 error
1178 3417 1327 3493 Helvidii,
1354 3421 1408 3498 qui
1428 3419 1490 3478 Do·

65 3500 173 3565 dillud
194 3524 260 3583 cap.
279 3505 327 3569 27.
350 3508 458 3567 Erant
480 3513 587 3565 autem
610 3503 654 3563 ibi
670 3522 742 3563 mu·
790 3505 872 3565 mino
895 3504 1004 3566 iratres
1023 3504 1213 3565 adscribebat
1232 3508 1374 3567 uterinos.
1411 3505 1490 3565 Natu

65 3592 155 3663 ῐιιιι,
180 3610 263 3668 quoe
285 3600 407 3652 ιιιιιιιι
427 3594 563 3669 fuerant
585 3596 697 3655 ιῙιιιιιιι
722 3607 743 3648 a
792 3592 847 3652 etsi
862 3590 1014 3668 fateretur,
1028 3593 1190 3653 Dominum
1207 3613 1245 3654 ιι
1261 3592 1359 3655 Maria
1373 3591 1491 3671 virgine

65 3676 203 3752 inlitoca,
226 3682 443 3739 ministrantes
463 3683 508 3738 ei:
531 3676 743 3740 Oonaoetadr'·
791 3687 908 3751 natum,
932 3698 984 3739 eos
999 3688 1113 3751 tomen,
1130 3681 1183 3758 qui
1198 3678 1308 3741 fratres
1322 3678 1447 3740 Domini
1461 3676 1492 3736 iu

65 3766 112 3838 tis,
128 3765 241 3844 inquit,
256 3766 420 3829 choicoe
433 3767 517 3843 suit,
534 3784 591 3825 ιιιι
606 3763 743 3824 duceba-
792 3765 945 3845 Scriptura
955 3774 1110 3837 vocantur,
1118 3764 1252 3845 ejusdem
1262 3766 1378 3827 Mariae
1388 3764 1491 3827 matris

65 3868 99 3911 ιιι·
112 3854 149 3910 iss
164 3852 310 3927 cuipam,
330 3871 417 3913 more
431 3854 533 3927 peritis
548 3855 693 3927 antique,
708 3856 745 3909 tsi
793 3851 917 3911 Domini
931 3851 1009 3913 filios
1025 3873 1064 3913 ιι
1078 3853 1198 3931 Joseph
1216 3862 1323 3931 postea
1338 3857 1493 3931 susceptos

65 3937 193 3999 mlieres
205 3938 432 4000 demittentis
447 3957 505 3999 suo
516 3941 635 3998 victum
650 3945 745 4012 atquc
794 3936 931 4010 dicebat,
955 3939 1116 4001 detrahens
1139 3947 1307 4018 perpetuae
1321 3939 1386 4017 ejus
1401 3937 1492 4015 virgi·

65 4028 190 4085 'editam
218 4026 479 4101 praeceptoribus
515 4027 745 4085 eninistrorent.
795 4026 892 4085 nitati.
925 4026 1025 4107 Quem
1040 4045 1169 4086 errorem
1186 4023 1274 4086 docte
1290 4033 1321 4085 et
1334 4022 1432 4087 solide
1447 4043 1492 4084 re·

65 4112 115 4172 icc
128 4115 208 4188 quia
222 4112 412 4172 wasadalum
433 4114 540 4188 facere
560 4118 690 4187 poterat
710 4112 746 4169 in
794 4108 907 4170 iutavit
923 4131 964 4172 ιι
978 4112 1141 4191 scripturis
1156 4112 1187 4173 S.
1202 4111 1327 4172 Hieron.
1351 4111 1426 4173 libro
1441 4108 1493 4171 ad·

65 4198 248 4272 monibus,
271 4199 394 4259 Paulus
420 4199 566 4272 abjecisse
582 4217 612 4258 se
627 4214 746 4255 memo·
795 4218 899 4257 versus
929 4197 1052 4259 Helvid.
1082 4199 1204 4278 scripto.
1248 4199 1388 4263 Ecclesia
1419 4215 1492 4257 vero

65 4292 107 4345 st.
131 4285 258 4346 Sicilie.
287 4285 335 4345 De
357 4286 424 4345 loeo
439 4285 572 4364 Philipp.
588 4289 635 4356 4.,
658 4301 747 4362 quem
795 4304 915 4363 semper
929 4293 961 4343 ut
976 4285 1122 4345 haeresim
1142 4283 1291 4345 detestata
1310 4294 1370 4347 est:
1397 4285 1493 4365 ipsius

65 4369 174 4433 scinde
200 4381 234 4431 ut
259 4372 347 4433 istum
374 4380 532 4432 novatores
558 4370 598 4431 ad
623 4389 748 4430 uxorem
794 4372 984 4450 potissimum
1009 4372 1134 4451 virginis
1161 4372 1305 4432 instructa
1330 4372 1492 4433 certissimo

65 4458 135 4519 'auli
165 4457 315 4531 referunt,
345 4478 469 4536 agemus
500 4457 562 4518 illio
590 4464 747 4517 accurate:
795 4456 915 4538 fideque
931 4458 1105 4536 dignissimo
1118 4458 1298 4532 testimonio,
1313 4461 1356 4519 sie
1370 4459 1493 4538 loqueu-

65 4544 135 4608 irnul
148 4544 190 4605 sd
204 4544 356 4623 Ignatium
368 4545 547 4624 Martyrum,
567 4563 658 4625 quem
674 4561 748 4603 suae
795 4545 835 4603 tis
859 4543 900 4605 ad
923 4542 1073 4622 Angelum
1096 4542 1191 4609 diuini
1216 4554 1319 4624 parma
1345 4546 1492 4607 nuntium:

65 4631 215 4695 tutentiae
229 4632 337 4693 volunt
351 4652 436 4706 esse,
450 4631 633 4710 responsuri.
797 4631 962 4709 Quomodo
987 4631 1040 4707 flat
1067 4632 1172 4707 istud,
1201 4635 1357 4708 quoniam
1387 4634 1494 4692 vinem

89 4720 181 4783 Aac
205 4725 237 4779 ιι
262 4722 379 4779 coeteri
405 4720 551 4795 Apostoli
576 4725 607 4779 et
628 4719 749 4794 [ιιιιιι
795 4736 865 4779 ooo
878 4718 1056 4793 cognosco?
1069 4719 1145 4781 Luc.
1162 4722 1191 4779 1.
1287 4770 1291 4777 .

1219 4816 1287 4881 st*
