3254 5190
449 299 840 356 mmosmmnonmos.
875 300 1123 355 vms.s.10.n.
1464 309 1510 376 35

59 476 146 534 Deus
168 484 276 555 tegere
295 484 325 536 et
349 494 409 534 uon
433 478 580 556 imputare
601 487 764 556 peccatum,
814 485 917 537 totam
932 486 976 537 cst
990 480 1040 538 illi
1052 478 1275 551 adjustitiam.
1296 477 1354 536 Vel
1366 477 1511 551 dicimus,

60 560 141 642 qnod
164 564 309 635 remittit,
333 581 369 620 ac
393 564 418 621 si
441 562 525 622 nulla
546 572 641 623 restet
659 583 765 642 poena,
813 563 918 634 idest,
940 563 989 622 hic
1007 567 1071 643 jam
1090 566 1253 644 repetimus
1268 565 1408 624 Abrahae
1422 563 1512 624 fidem

60 668 137 729 quse
152 649 308 720 solvatur,
335 667 404 708 cum
420 649 535 730 abipso
552 649 687 722 Davide,
714 650 766 728 qui
813 657 980 729 reputatam
996 655 1023 712 ai
1046 650 1138 710 inisse
1160 651 1199 710 ad
1215 650 1369 728 justitiam.
1392 650 1513 730 Repetit

61 736 136 796 baec
158 736 297 814 scripsit,
322 754 384 794 non
403 733 486 795 leves
509 743 635 797 exactae
656 736 767 797 i'uerint
814 745 928 808 autem,
949 747 980 795 ut
1002 738 1225 817 responsionem
1243 745 1328 815 paret
1344 738 1508 814 interroga·

62 840 177 901 poenae
192 822 377 902 temporales
393 821 432 881 ob
447 823 634 882 commissum
649 823 765 883 adulte·
815 824 897 895 tioni,
913 844 1002 902 quam
1018 824 1097 883 fecit.

62 909 136 967 dum
153 914 184 966 et
200 907 406 981 homicidium,
430 910 520 968 etiam
542 917 700 989 postquam
715 929 765 968 au·
859 911 906 967 10.
932 910 1095 986 Quomodo
1118 927 1191 983 erpo
1215 916 1364 984 reputata
1387 911 1455 969 est?
1477 912 1514 968 ia

61 994 133 1053 civit
153 1014 174 1051 a
196 993 369 1072 Propheta:
400 996 578 1054 Transtulit
603 998 762 1055 Dominus
814 998 1068 1070 circumcisione,
1093 1015 1138 1055 aa
1159 998 1196 1054 ia
1215 996 1412 1071 praeputio?
1434 993 1513 1054 Illud

59 1087 228 1157 peccatam
250 1087 351 1139 tuam.
379 1082 397 1138 2
421 1082 494 1158 Bag.
518 1084 546 1140 2.
576 1082 623 1141 De
650 1101 709 1161 qua
732 1100 765 1139 re
813 1083 970 1157 quomodo
986 1081 1024 1141 ad
1041 1082 1218 1161 qualitatem
1234 1101 1287 1141 seu
1311 1081 1512 1140 conditionem

62 1165 141 1238 ride,
157 1185 240 1247 quae
256 1165 358 1225 scribit
369 1167 554 1245 Augustinus
568 1167 618 1228 lib.
631 1170 682 1227 22.
696 1188 764 1227 con·
813 1188 963 1246 personae
987 1167 1184 1228 referendum.
1212 1167 1324 1228 Sensus
1351 1168 1429 1227 enim
1454 1176 1512 1226 est:
1564 1161 1570 1169 ’

61 1263 105 1312 tra
117 1251 271 1312 Faustum
290 1271 355 1331 cap.
373 1253 439 1325 67„
466 1262 496 1313 et
510 1255 541 1313 in
556 1254 697 1313 inchoata
713 1272 762 1313 ex·
813 1255 911 1333 qualis
924 1263 954 1313 et
967 1274 1025 1334 quo
1038 1256 1159 1314 instatn
1171 1253 1404 1327 eratAbraham,
1418 1273 1510 1332 quan·

61 1339 211 1418 positione
227 1339 317 1416 bujus
334 1339 479 1417 epistolae
495 1339 533 1399 ad
548 1340 638 1399 illud:
661 1342 766 1416 qratia
814 1339 853 1398 do
869 1341 897 1400 ei
908 1340 982 1401 fides
993 1340 1187 1418 adjustitiam
1199 1348 1339 1418 reputata
1352 1339 1418 1399 est?
1431 1338 1510 1400 Num

64 1425 150 1485 uobis
182 1432 213 1483 ct
240 1442 332 1500 pax,·
361 1425 492 1504 itemque
517 1428 547 1486 in
579 1428 766 1487 enarratione
814 1428 1002 1486 circumcisus
1013 1428 1079 1504 jam
1095 1434 1174 1497 erat,
1196 1446 1235 1486 an
1250 1426 1347 1485 adhuc
1361 1426 1512 1505 praeputi-

62 1511 177 1571 Psalmi
192 1511 254 1583 50,
269 1509 663 1573 ubideDavideiuteralia
679 1512 765 1572 dicit:
814 1511 904 1572 atus?
939 1512 1038 1592 Quem
1062 1532 1182 1573 sensum
1210 1511 1326 1572 Graece
1351 1513 1509 1572 manifeste

64 1603 248 1674 amouens
270 1596 398 1672 culpam
420 1617 510 1658 soom
531 1601 697 1675 amplexas
723 1607 766 1659 cst
813 1600 928 1673 volunt,
946 1619 1023 1679 qaae
1039 1600 1082 1658 sic
1098 1598 1135 1657 ad
1151 1598 1282 1670 verbum,
1298 1602 1333 1658 m
1346 1601 1511 1659 circumci-

61 1702 204 1760 pocnam
218 1701 320 1743 mam.
813 1689 900 1745 mone
915 1689 1073 1760 existente,
1099 1685 1210 1746 scilicet
1230 1685 1398 1769 Abraham,
1414 1705 1459 1745 aa
1475 1689 1511 1745 in

101 1771 218 1829 Verum
242 1778 345 1848 tegere
364 1779 521 1850 peccatum
544 1779 575 1831 et
596 1793 656 1831 non
673 1774 766 1851 impu·
810 1773 1008 1848 praeputio?
1025 1772 1165 1852 Sequitur
1180 1772 1347 1850 responsio:

61 1868 125 1917 tare
140 1855 254 1915 dicitur
269 1856 371 1929 Deus,
397 1859 468 1937 quia
490 1878 550 1918 uon
566 1859 687 1937 aspicit,
711 1878 766 1918 nec
856 1861 930 1918 Noa
946 1862 981 1918 in
993 1861 1240 1933 circumcisione,
1255 1858 1309 1916 sed
1321 1861 1356 1918 ia
1365 1877 1511 1934 pracpa-

60 1947 189 2023 imputat
202 1940 280 2002 illud
295 1941 335 2000 ad
351 1962 416 2002 eam
431 1963 574 2022 poenam,
598 1965 677 2024 quac
693 1964 761 2023 pec·
813 1949 865 2005 tio.
882 1946 950 2005 Hoc
966 1954 1019 2014 est,
1036 1944 1166 2004 nondum
1178 1946 1360 2016 circumciso,
1388 1944 1441 2006 sed
1457 1943 1509 2004 ad·

60 2044 128 2089 esto
142 2030 269 2108 proprie
286 2028 463 2108 respondet,
477 2029 508 2089 id
524 2039 583 2102 cst,
599 2030 638 2090 ad
654 2031 763 2110 suppli·
812 2032 869 2091 buc
896 2031 1019 2091 habenti
1045 2033 1241 2111 praeputium.
1269 2029 1305 2088 ld
1328 2052 1365 2091 ex
1388 2030 1511 2090 historia

60 2116 139 2175 cium
154 2116 261 2174 mortis
274 2123 424 2185 aeternae,
435 2114 473 2174 de
484 2137 545 2196 que
556 2114 633 2177 infra
644 2137 707 2196 cap.
719 2119 746 2177 6.
757 2139 764 2173 :
813 2117 939 2177 Genesis
955 2119 1143 2196 perspicuum
1158 2127 1209 2187 est,
1226 2137 1302 2197 quac
1314 2118 1509 2177 circumcisio·

58 2201 235 2278 Stipendia
251 2204 376 2276 pcccati
398 2220 492 2262 mors.
522 2202 599 2262 Nam
623 2203 704 2282 quod
726 2203 764 2262 ad
811 2203 1510 2283 nemejuspostcafactamdiscribitcsp.17.

59 2287 246 2369 temporales
262 2288 371 2347 attinet
385 2307 514 2366 poenas,
537 2288 575 2348 de
590 2289 657 2349 Deo
674 2290 764 2368 scrip·
857 2294 904 2348 11.
928 2292 971 2350 Et
981 2294 1107 2364 apuam
1119 2292 1239 2364 accepit
1251 2291 1508 2361 circumcisionis,

59 2389 122 2434 tnm
139 2382 204 2434 est:
222 2374 385 2450 Haseilat
400 2392 524 2434 emicem
539 2376 640 2451 liliam
648 2419 658 2450 ,
673 2395 763 2451 qoem
810 2377 1012 2450 sipnocalam
1024 2379 1167 2450 justitiae
1182 2375 1273 2450 fidei,
1300 2395 1382 2450 qaae
1406 2383 1450 2435 est
1471 2378 1508 2434 ia

59 2463 183 2537 recipit
199 2459 280 2519 Heb.
300 2465 348 2520 11.
807 2466 990 2538 praeputio.
1007 2462 1064 2521 His
1076 2464 1138 2540 jam
1155 2461 1254 2521 verbis
1270 2464 1437 2522 continetur
1449 2480 1507 2521 res·

100 2551 130 2608 9.
155 2548 334 2607 Beatitado
359 2565 433 2621 erpo
455 2549 531 2607 baec
547 2550 582 2607 ia
598 2550 762 2607 circumci-
810 2550 917 2628 poncio
940 2548 979 2607 ad
1004 2549 1084 2607 illam
1112 2550 1374 2626 interrogationem
1403 2549 1509 2627 capitis

58 2637 149 2694 morse
166 2640 297 2692 tamma
311 2641 432 2706 marsei,
448 2653 492 2691 aa
509 2636 604 2693 ctiam
620 2638 762 2710 inprac-
809 2633 1032 2714 praecedentis:
1080 2638 1167 2714 (luae
1192 2637 1317 2695 utilitas
1342 2637 1509 2694 circumci-

56 2720 177 2797 patio?
201 2719 345 2779 Reflectit
361 2739 527 2779 sennonem
542 2720 582 2780 ad
597 2720 762 2800 principale
809 2720 1057 2782 sionis?Graeca
1065 2719 1208 2781 nonnulla
1217 2721 1328 2780 babent
1336 2714 1508 2798 περιτομὴν,

61 2808 246 2878 maiescum,
261 2805 292 2865 id
308 2814 361 2878 est,
377 2814 411 2865 ut
426 2805 531 2866 doceat
545 2808 604 2866 Dei
616 2807 763 2885 justitiam
810 2812 1079 2870 circumcisionem·
1102 2807 1264 2868 accusandi
1287 2827 1375 2881 casu,
1402 2807 1455 2867 sed
1478 2805 1508 2866 id

58 2912 97 2953 ex
110 2891 174 2953 fide
189 2900 252 2950 tam
262 2892 433 2971 gentilibus,
449 2913 537 2972 quam
545 2893 679 2965 Judaeis,
696 2911 763 2952 esse
809 2915 928 2956 sensum
939 2915 1000 2955 non
1014 2896 1121 2956 variat.
1146 2899 1232 2972 (luae
1253 2902 1296 2954 est
1311 2899 1347 2954 in
1360 2913 1507 2970 proepa-

58 2978 333 3059 propositsm.Hae
347 2977 530 3051 duaevoces,
547 2987 675 3040 taniam
691 2998 761 3038 stra·
809 2985 862 3041 tio.
879 2982 1010 3041 Verbum
1026 2984 1057 3042 in
1073 2981 1190 3042 Graeco
1202 3003 1261 3041 nou
1274 2981 1456 3061 exprimitur,
1469 3000 1506 3038 ac

59 3072 129 3139 net,
158 3084 217 3124 nee
243 3065 275 3125 in
298 3064 423 3125 Graecis
438 3065 586 3126 habentur
602 3065 761 3137 codicibus,
808 3069 908 3148 potius
921 3068 1133 3147 supplendum:
1147 3088 1226 3144 quac
1240 3069 1350 3144 fuerat
1361 3071 1397 3126 ia
1407 3086 1506 3142 prae·

59 3152 164 3212 necin
178 3151 321 3229 Syriacis,
338 3150 391 3211 scd
407 3170 462 3211 nec
478 3153 509 3210 in
525 3153 660 3212 omnibus
682 3153 761 3211 Lati·
804 3159 906 3230 patio.
922 3155 1057 3213 Postulat
1073 3157 1150 3213 enim
1166 3155 1223 3213 boc
1240 3155 1328 3214 Pauli
1345 3155 1502 3214 sententia.
1589 3149 1593 3156 ’

57 3240 119 3307 nis,
142 3256 271 3318 qnorum
287 3245 386 3298 tamen
406 3238 507 3317 plures
523 3238 675 3312 adverbio,
690 3258 761 3318 pau·
809 3241 970 3320 Quaeritur
986 3248 1101 3311 antem,
1117 3260 1175 3318 quo
1192 3241 1332 3319 respiciat
1347 3241 1505 3300 relativum

57 3322 258 3385 ciorasverbo
266 3333 378 3384 carent.
385 3324 643 3385 Additavidentur
651 3326 715 3385 sive
723 3323 760 3384 ab
807 3348 898 3405 qaae,
915 3348 983 3386 num
999 3326 1194 3403 adjustitiam
1209 3325 1287 3396 fidei,
1303 3348 1342 3386 an
1357 3326 1396 3386 ad
1407 3326 1503 3386 fidem.

58 3412 315 3490 interpretamus
324 3412 361 3470 ab
371 3411 429 3471 alio
438 3413 578 3491 quopiam
586 3411 626 3471 ad
637 3411 760 3491 explen-
809 3415 865 3473 lilst
890 3414 967 3474 enim
994 3412 1023 3471 id
1047 3411 1217 3489 auibiguum
1240 3421 1300 3471 tam
1324 3415 1355 3472 in
1378 3412 1503 3477 Graeco.

57 3497 312 3557 dsmsentcntiam
319 3499 432 3578 alioqui
439 3497 647 3577 imperfectam.
655 3497 762 3558 Graeci
808 3521 899 3579 qnam
914 3501 944 3559 in
959 3501 1074 3560 Latino.
1099 3499 1180 3557 Sane
1204 3497 1320 3557 videtur
1343 3500 1440 3577 potius
1465 3498 1502 3556 ad

57 3591 310 3644 commentatores
326 3583 508 3645 subaudiunt
530 3584 652 3646 verbum
675 3588 762 3645 venit
804 3588 952 3664 justitiam
973 3585 1044 3646 fidei
1066 3583 1262 3644 referendum.
1298 3585 1376 3645 Nam
1403 3587 1504 3645 dicere

57 3683 111 3729 sut
120 3671 254 3732 decenti
252 3678 366 3752 atque
377 3672 434 3731 hoe
446 3671 597 3751 supplevit
608 3671 760 3731 Erasmus
807 3672 874 3732 vult
894 3673 1057 3751 Apostolus
1079 3671 1330 3731 circumcisionem
1352 3674 1382 3730 iu
1404 3673 1499 3731 Abra·

58 3755 175 3817 Nm'
165 3777 197 3817 m
210 3755 329 3817 Graeco
346 3760 631 3837 suntquarticasus,
647 3761 759 3817 iacis·
808 3760 896 3818 hamo
932 3761 1022 3818 titisse
1055 3757 1239 3838 signaculum
1268 3757 1336 3834 ejus
1355 3759 1502 3834 justitiae,

56 3845 294 3919 misianum,
310 3848 578 3920 impromiscuum,
596 3852 629 3903 ut
644 3846 679 3904 sit
696 3864 760 3904 sen·
807 3865 895 3925 quam
910 3844 1287 3925 priusacceperatexfide
1306 3843 1425 3924 Quippe
1438 3865 1503 3905 scn-

58 3949 127 3989 su.
155 3928 426 3991 hsecbeatificatio
442 3950 493 3989 seu
505 3932 695 4010 justificatio,
722 3930 761 3990 de
807 3953 857 3994 sus
873 3932 1044 4011 hujusmodi
1060 3941 1118 3992 est:
1132 3931 1310 3990 Abraham
1297 3950 1360 4007 Jam
1376 3931 1502 4007 anteju-

56 4015 231 4096 quDavrd
238 4016 379 4096 loquitur,
392 4025 543 4078 tantumne
551 4019 697 4097 coutmgrt
704 4017 760 4085 Ju·
808 4019 952 4079 stificatus
966 4018 1128 4098 perfidem,
1143 4025 1251 4098 postea
1263 4018 1504 4096 accepitsignum

56 4101 144 4162 daeis
167 4104 367 4176 circumcisis,
394 4124 433 4164 an
458 4104 546 4163 etiam
568 4101 759 4184 pervenitad
807 4106 1053 4179 circumcisionis,
1073 4105 1172 4177 idest,
1189 4106 1281 4185 ipsam
1308 4103 1503 4166 circumcisio·

55 4187 187 4267 gentiles
199 4209 261 4249 non
280 4189 491 4251 circumcisos?
508 4191 558 4252 Ad
573 4191 651 4250 hanc
665 4210 759 4272 quae·
808 4213 883 4265 nem,
910 4214 987 4274 quae
1002 4214 1056 4272 pro
1074 4193 1158 4271 signo
1174 4191 1247 4252 data
1263 4190 1321 4250 fuit
1335 4191 1378 4251 illi
1394 4199 1425 4252 et
1439 4191 1505 4268 ejus

56 4276 185 4336 donem
195 4275 407 4356 explicandam
417 4297 518 4337 rursus
530 4277 704 4338 considerat
718 4277 760 4336 lo·
807 4281 983 4358 posteritati.
999 4276 1139 4358 Accepit,
1154 4281 1290 4358 inquam,
1307 4278 1503 4337 circumcisio

55 4363 759 4443 amsaiptnraedeAbrabam,itasubjungens:
807 4386 882 4438 nem,
898 4387 979 4446 quae
995 4374 1074 4426 esset
1089 4365 1283 4444 signaculum,
1310 4364 1340 4424 id
1356 4373 1408 4437 est,
1424 4364 1502 4441 eigil·

92 4451 759 4528 Dicimuscaim,qaiurcpatataestAbra-
807 4452 868 4511 lum
890 4455 955 4531 ejus
971 4454 1124 4531 justitiae,
1152 4473 1240 4532 quam
1264 4460 1441 4532 perceperat
1463 4472 1503 4513 ex

55 4538 114 4596 bac
128 4537 209 4614 fides
223 4538 448 4610 adjustitiam.
475 4541 634 4613 Dicimus,
659 4538 689 4598 id
706 4546 760 4608 est,
806 4539 866 4600 lide
881 4549 958 4612 tuuc,
974 4538 1094 4619 quaudo
1111 4539 1207 4599 adhuc
1223 4548 1286 4598 erat
1296 4540 1327 4599 in
1339 4540 1504 4619 praeputio,

51 4625 115 4701 jam
137 4623 317 4704 paniosate
328 4623 459 4685 diximus
474 4626 655 4705 ipsisverbis
668 4626 758 4704 scrip·
808 4626 907 4699 idest,
924 4625 1268 4688 nondumcircumcisus.

54 4718 155 4772 turae:
171 4710 319 4774 Credidit
330 4711 497 4773 Abrabam
512 4715 580 4774 Deo
587 4757 599 4789 ,
617 4720 647 4773 ct
662 4731 759 4788 repa·
851 4712 1002 4792 Quaeres,
1029 4715 1114 4794 cujus
1141 4715 1182 4774 rei
1206 4716 1321 4794 signum
1343 4713 1435 4774 fuerit
1449 4713 1503 4774 oir-
