3254 5190
90 255 148 327 pp·
599 245 1011 302 ‚commensuret

23 475 31 489 .
90 431 133 487 est
160 426 198 486 ia
228 423 353 485 Christe
374 425 464 486 Jests.
508 422 567 483 His
588 422 666 481 enim
688 421 789 482 verbis
835 421 1013 503 demptionis
1034 431 1065 483 et
1083 421 1308 500 Justificatienie
1334 425 1459 503 moeri
1480 444 1537 505 per

89 509 181 573 fidem
198 510 411 589 justificantem
426 510 549 589 exponit
562 506 704 588 Synedus
720 509 788 567 Tri·
835 507 934 583 fidem,
957 511 1082 590 ipsaque
1103 508 1163 570 fide
1184 510 1378 590 apprehendi.

91 598 214 661 dentine
234 615 308 658 sess.
325 598 353 656 6.
370 616 435 676 cap.
452 599 480 657 6.
505 594 567 656 Sed
590 596 662 674 quia
683 613 788 654 seeun-
878 594 916 654 In
950 595 1036 672 cujus
1069 598 1112 656 rei
1144 605 1250 676 typum
1283 596 1354 657 elim
1386 594 1539 657 vulnerati

91 684 160 745 dem
186 683 334 762 justitiam
363 682 491 743 diximus
520 682 612 743 etiam
641 680 690 740 hic
711 701 788 741 com·
836 683 983 742 morsibus
1004 689 1175 762 serpentum
1189 703 1250 743 uon
1265 683 1456 754 sanabantur,
1478 683 1539 743 uisi

91 769 253 852 prehendi,
275 768 444 829 addendum
467 777 527 830 est:
558 787 619 848 qua
641 768 789 827 credimus
837 768 890 847 qui
920 777 1088 848 serpentem
1124 790 1270 842 aeneum,
1308 789 1400 850 quem
1431 768 1538 830 Moses

92 859 182 919 etiam
201 857 316 936 justum
332 876 350 916 a
366 855 435 918 Dee
454 854 612 934 justificari
629 873 790 934 progressu
838 863 975 915 erexerat
997 876 1051 935 pro
1081 857 1184 935 signe,
1214 857 1308 916 oculis
1338 857 1537 936 aspexissent.

93 943 221 1026 quedam
238 952 268 1003 et
285 944 466 1003 incremento
485 941 628 1020 justitiae,
649 960 704 1020 per
723 960 789 1020 gra·
837 940 990 1002 11111121.
1007 942 1058 1002 Sic
1075 945 1153 1003 enim
1167 962 1222 1022 per
1238 941 1387 1003 Christum
1402 944 1434 1004 in
1449 960 1539 1002 cruce

93 1033 164 1092 tiam
188 1032 253 1110 ejus
276 1037 333 1090 etc.
839 1029 1002 1089 exaltatum
1024 1031 1135 1089 nemini
1157 1031 1249 1088 vitam
1267 1049 1303 1089 ec
1318 1030 1447 1090 salutem
1470 1048 1539 1090 ceu·

136 1115 307 1177 Notandum
330 1113 456 1189 deinde,
487 1114 530 1175 sie
554 1113 729 1193 Apostolum
752 1111 791 1172 de
837 1115 961 1194 tingere,
983 1117 1041 1176 nisi
1064 1117 1117 1196 qui
1139 1115 1243 1176 credat
1260 1118 1291 1176 iu
1305 1117 1411 1197 ipsum,
1432 1114 1467 1175 id
1480 1123 1539 1189 est,

93 1203 152 1264 lide
173 1203 256 1283 loqui
278 1205 309 1262 iu
323 1200 379 1262 hec
395 1200 531 1281 epistola,
553 1209 585 1260 ut
600 1201 688 1260 etiam
707 1219 791 1279 spem
838 1199 908 1261 fidei
930 1200 1024 1261 oculis
1054 1221 1121 1262 eum
1143 1203 1281 1283 aspiciet,
1311 1202 1449 1265 Christus
1472 1202 1538 1282 ipse

94 1299 185 1370 atque
219 1287 355 1348 fiduciam
386 1287 568 1349 remissionis
601 1294 790 1367 peccatorum
840 1287 928 1347 decet
949 1288 1040 1349 Joen.
1063 1289 1094 1348 3.

94 1397 130 1438 ee
155 1377 291 1455 justitiae
320 1373 563 1455 consequendae,
594 1381 792 1434 caeterorum·
882 1374 977 1434 Perre
1000 1377 1026 1435 si
1047 1395 1184 1456 quaeres,
1212 1395 1251 1436 an
1272 1375 1386 1436 Paulus
1408 1373 1541 1435 adducat

95 1483 155 1544 que
175 1464 328 1533 benorum,
343 1481 422 1542 quae
436 1483 455 1521 a
470 1461 538 1521 Deo
553 1459 700 1541 premisse
715 1466 792 1532 sunt,
841 1462 1040 1521 testimenium
1057 1461 1230 1542 Prophetae
1252 1463 1284 1523 in
1306 1481 1398 1523 sensu
1419 1461 1540 1537 literali,

96 1548 238 1620 includat,
260 1549 349 1610 etiam
372 1568 438 1607 curn
460 1547 541 1609 hona
554 1547 710 1607 voluntate
728 1546 791 1626 pla·
840 1569 881 1607 an
902 1549 1037 1628 mystico,
1060 1569 1108 1622 an,
1130 1557 1163 1609 ut
1181 1548 1358 1630 quibusdem
1372 1549 1472 1609 visum
1487 1557 1541 1622 est,

97 1634 185 1697 cendi
213 1636 283 1696 Deo
313 1643 343 1694 et
369 1632 515 1714 implendi
543 1632 684 1694 mandata
718 1634 792 1712 ejus.
842 1635 1014 1696 extensive:
1036 1636 1163 1715 primum
1176 1634 1342 1715 respondeo
1358 1633 1540 1695 seutentiam

97 1722 314 1803 Expendautur
337 1740 415 1802 quae
441 1720 480 1782 de
501 1719 561 1780 fide
584 1719 704 1780 disserit
725 1719 793 1783 infr.
841 1722 1011 1800 Prophetae
1039 1723 1210 1801 generalem
1241 1740 1308 1783 esse
1331 1721 1369 1782 de
1391 1720 1452 1782 fide
1473 1740 1541 1799 pre·

98 1829 123 1869 c
148 1813 176 1871 3.
199 1817 230 1869 et
251 1813 280 1870 4.
304 1829 339 1868 ac
361 1827 461 1867 rursus
484 1827 548 1887 cap.
572 1811 600 1869 9.
621 1809 670 1867 10.
690 1815 721 1866 11
745 1810 793 1866 11.
842 1809 996 1868 missorum
1017 1809 1092 1868 Dei:
1115 1829 1194 1889 quae
1216 1810 1258 1868 ita
1279 1808 1381 1888 placet
1401 1808 1486 1878 Dee,
1508 1814 1543 1866 ut

97 1896 156 1956 His
171 1897 250 1956 enim
266 1895 340 1956 loeis
358 1914 504 1974 nusquam
515 1913 534 1953 e
547 1892 656 1953 fiducie
671 1900 701 1953 et
715 1893 795 1954 bena
842 1894 882 1954 ad
892 1895 1041 1972 justitiam
1048 1895 1158 1955 homini
1173 1904 1334 1975 reputetur.
1357 1892 1448 1955 Unde
1459 1901 1543 1953 recte

99 1983 251 2042 voluntate
280 2001 345 2041 eam
375 1981 519 2060 sejungit,
549 1989 689 2060 tanquam
720 1980 796 2039 haec
844 1981 1012 2062 specialiter
1036 1982 1202 2062 applicatur
1221 1983 1370 2042 sententia
1391 1980 1431 2040 ed
1452 1978 1543 2041 fidem

99 2068 185 2130 simul
196 2089 255 2129 une
266 2067 337 2129 fidei
348 2069 472 2128 nemine
482 2066 693 2147 complectens.
706 2064 796 2146 Quod
843 2067 947 2127 salutis
970 2069 1134 2148 premissae
1156 2088 1209 2148 per
1227 2067 1377 2129 Christum
1395 2065 1542 2128 mediate·

99 2155 219 2236 quidem
240 2155 410 2235 Prophetae
433 2154 517 2213 locus
535 2155 584 2214 hic
606 2153 712 2214 citatus
733 2173 794 2212 ma·
843 2173 913 2214 rem
941 2155 1055 2215 Vemm
1073 2153 1148 2216 illud
1166 2155 1254 2227 adde,
1276 2155 1461 2235 Prophetem
1476 2174 1543 2234 pre·

99 2243 206 2303 uifeste
221 2243 311 2303 etiam
326 2241 423 2316 docet,
444 2238 694 2321 quemadmodum
707 2238 797 2300 lacile
844 2240 891 2300 cul
914 2240 1003 2300 dubie
1033 2240 1190 2302 vaticinari
1211 2240 1251 2302 de
1271 2240 1383 2302 Massia
1404 2250 1542 2316 venturo,

99 2329 214 2411 patebit
225 2329 323 2389 lecum
331 2330 427 2408 ipsum
436 2327 598 2407 diligenter
606 2327 796 2387 examinanti.
844 2346 935 2406 quum
957 2326 1039 2401 dicit,
1061 2330 1140 2404 quio
1161 2330 1292 2390 ueniens
1306 2329 1414 2389 vestiet
1427 2334 1461 2387 et
1473 2344 1546 2389 11111

143 2415 252 2496 Neque
266 2425 367 2476 temen
381 2413 559 2495 negandum,
582 2411 663 2494 qued
678 2413 799 2474 sectarii
844 2414 986 2474 tardabit
993 2437 1006 2492 ,-
1029 2416 1100 2474 item
1121 2414 1204 2494 loqui
1226 2413 1264 2474 de
1279 2413 1339 2474 fide
1353 2414 1385 2474 in
1399 2414 1544 2474 Messinm

101 2510 229 2582 negant,
258 2502 333 2562 alies
363 2520 457 2582 saepe
486 2499 574 2561 fidem
595 2520 648 2579 pre
670 2499 797 2580 simplici
844 2502 1023 2582 premissum
1040 2501 1230 2580 justificante,
1252 2521 1343 2581 quum
1365 2500 1453 2561 dicit:
1475 2503 1544 2564 Jts·

102 2588 277 2649 credulitate
302 2595 332 2647 et
346 2588 549 2668 persuasione,
573 2605 633 2666 qua
654 2587 797 2648 reveletis
844 2595 910 2649 11111
924 2594 1031 2648 autem
1045 2591 1082 2649 iss
1103 2587 1166 2667 fide
1179 2606 1239 2649 sue
1253 2589 1347 2648 vivet
1376 2588 1428 2648 Au
1441 2595 1545 2648 eutem

102 2676 202 2736 aDee
217 2676 367 2754 mysteriis
381 2675 564 2747 assentimur,
587 2673 691 2752 accipi.
715 2672 798 2733 Loca
845 2675 894 2734 hic
926 2692 1030 2735 sensus
1062 2676 1233 2755 Prophetae
1262 2673 1388 2734 literalis
1417 2675 1470 2749 sit,
1504 2693 1545 2733 an

102 2764 182 2824 euim
204 2770 273 2822 sunt
289 2761 475 2841 apertissima
493 2764 508 2819 1
527 2758 596 2821 Cer.
615 2760 664 2819 13.
687 2758 796 2820 Jacob.
844 2781 917 2821 vero
940 2761 1164 2840 superliteralis,
1186 2760 1219 2821 id
1241 2767 1287 2821 est
1307 2761 1459 2842 mysticus,
1482 2780 1546 2821 neu

103 2852 132 2910 2.
155 2848 246 2909 Jeen.
272 2850 320 2908 12.
350 2855 441 2927 etque
470 2848 559 2906 etiam
588 2845 742 2907 Heb.11.
768 2852 799 2905 11
846 2846 922 2907 adeo
943 2847 1051 2921 refert,
1085 2847 1244 2909 dummodo
1267 2848 1413 2908 fateamur
1434 2866 1456 2906 a
1477 2846 1544 2927 Spi-

103 2934 183 2995 elibi.
225 2934 310 2994 Sicut
339 2953 412 3013 erge
442 2954 481 2993 ex
509 2933 556 2994 his
578 2933 654 2994 loeis
682 2940 799 2994 constat
846 2936 902 2993 ritu
925 2943 1037 3005 saneto,
1061 2942 1091 2996 et
1113 2935 1232 3017 quidem
1251 2934 1457 3014 principaliter
1476 2951 1549 2994 esse.

104 3040 173 3084 esse
185 3021 315 3101 aliquam
326 3019 414 3079 fidem
424 3020 581 3081 informem
596 3027 628 3078 et
637 3029 798 3094 mortuam3
846 3021 1002 3082 intentum.

103 3109 145 3168 ita
167 3108 197 3167 in
219 3107 278 3168 illis
300 3106 523 3167 commendatur
539 3105 626 3166 nobis
647 3105 723 3167 fides
746 3126 797 3167 ex·
891 3111 939 3169 le.
962 3110 1137 3170 Revelutur
1157 3109 1244 3169 enim
1258 3110 1312 3168 ire
1324 3109 1387 3168 Dei
1402 3070 1442 3166 de
1457 3105 1546 3167 coele

103 3196 193 3255 citata
215 3202 245 3254 et
267 3195 346 3266 1111,
368 3202 402 3253 ut
422 3213 500 3274 qaae
515 3214 575 3253 nen
597 3200 710 3254 tantum
733 3214 798 3254 cum
845 3212 940 3271 super
955 3214 1080 3257 emnem
1093 3198 1290 3272 impietatem
1305 3202 1336 3254 et
1349 3195 1545 3270 tvaimtitiem

102 3280 573 3441 ttttitttttttt'tt
580 3282 798 3428 1311111
845 3281 1546 3449 11111111111111111111111

144 3455 194 3515 Ex
216 3456 272 3517 hae
293 3455 382 3534 igitur
403 3454 463 3515 lide
492 3455 568 3513 vivit
585 3454 696 3533 justus,
728 3455 798 3534 quia
846 3456 980 3535 generali
1002 3457 1212 3536 propositione
1235 3476 1297 3536 qua
1312 3456 1481 3516 continetur
1495 3474 1543 3514 ar·

102 3541 183 3621 quod
200 3544 300 3622 justus
323 3549 369 3602 est
390 3560 427 3601 ac
444 3542 529 3620 juste
550 3546 698 3621 operetur,
722 3541 798 3602 etin
845 3551 1017 3621 gementum
1039 3544 1130 3602 totius
1148 3543 1304 3623 epistolae,
1326 3561 1435 3622 nempe
1454 3541 1545 3622 justi·

98 3628 219 3706 justitie
240 3629 356 3710 proficit
377 3649 413 3689 ae
434 3636 621 3709 perseverat,
648 3627 738 3688 habet
759 3647 798 3688 ex
845 3630 917 3688 tiam
927 3649 966 3689 ex
979 3629 1039 3690 lide
1051 3629 1254 3710 quaerendam
1269 3649 1344 3703 1111,
1360 3627 1450 3689 alum
1464 3648 1547 3690 nunc

100 3714 157 3775 hac
178 3715 238 3777 lide
259 3725 399 3797 tanquam
422 3714 522 3786 initio,
551 3712 743 3775 fundamento
767 3721 798 3774 11
845 3716 1075 3797 propositionem
1098 3717 1235 3793 assumit,
1258 3736 1297 3776 ex
1319 3735 1381 3796 qua
1401 3714 1442 3775 ad
1463 3716 1545 3795 prie-

99 3801 208 3875 radiee,
232 3801 362 3883 denique
383 3810 417 3861 ut
440 3821 478 3862 ex
494 3821 585 3861 causa
607 3801 796 3881 impetrante:
844 3822 907 3863 rem
928 3803 1011 3863 illam
1039 3801 1270 3863 confirmandam
1298 3802 1449 3883 precedat
1496 3801 1547 3862 hle

99 3889 347 3970 quemadmodum
377 3886 408 3948 id
437 3907 492 3967 per
520 3887 638 3968 singula
663 3887 795 3949 declara-
844 3889 1014 3968 hujusmodi
1037 3898 1097 3951 est:
1120 3888 1233 3950 Omnes
1255 3890 1393 3950 homiues
1407 3907 1477 3949 esse
1493 3889 1547 3948 im·

98 3975 178 4037 bitur
200 3976 278 4036 iufra
299 3974 338 4037 ad
354 3972 428 4034 illud
448 3994 513 4054 cap.
537 3977 566 4034 3.
589 3973 797 4036 Arbitrumar
843 3977 918 4055 pios,
939 3977 1076 4056 injustos,
1091 3984 1272 4058 peccateres,
1295 3984 1325 4036 et
1339 3995 1393 4056 per
1407 3975 1465 4034 hec
1480 3976 1548 4036 irae

99 4065 185 4125 enim
211 4063 383 4140 1111111111
412 4061 574 4122 hominem
604 4080 664 4138 per
692 4061 795 4139 fidem.
842 4063 901 4123 Dei
924 4063 1082 4142 subjectos.
1122 4062 1211 4144 Quod
1233 4061 1384 4140 intellige,
1415 4081 1544 4139 praeve·

98 4147 198 4230 Hujus
221 4158 320 4211 autem
340 4147 493 4208 doctrinae
514 4149 589 4208 ratio
611 4148 795 4227 potissimum
843 4149 953 4210 niende
975 4149 1071 4223 tidem,
1095 4149 1134 4210 de
1156 4169 1216 4230 qua
1234 4150 1298 4227 jam
1320 4149 1427 4228 egitur.
1451 4147 1546 4209 Hauc

97 4235 254 4297 referenda
283 4242 329 4296 est
357 4234 397 4294 ed
425 4234 580 4294 consilium
606 4243 638 4293 et
659 4234 795 4295 velunta-
842 4255 913 4296 vere
941 4237 1172 4317 propositionem
1207 4236 1338 4315 explicat
1372 4235 1547 4314 partitione,

96 4330 157 4383 tem
175 4323 243 4396 Dei,
266 4341 326 4402 qua
342 4320 562 4401 sapientissime
576 4321 620 4381 sic
635 4319 793 4393 ordinavit,
843 4342 902 4402 qua
925 4343 991 4383 eam
1012 4343 1074 4383 reru
1094 4321 1182 4383 docet
1196 4324 1324 4401 primum
1339 4320 1546 4399 degentibus,

96 4417 131 4469 ut
152 4429 239 4470 neme
262 4415 330 4488 pest
348 4406 465 4488 lapsum
488 4409 604 4487 peccati
625 4407 794 4469 restituere·
841 4409 899 4469 hee
921 4411 1032 4490 capite:
1061 4409 1169 4470 deinde
1191 4407 1230 4469 de
1252 4407 1395 4481 Judaeis,
1423 4428 1489 4488 cap.
1514 4412 1544 4470 2.

96 4503 145 4557 tur
166 4497 198 4556 in
219 4504 328 4555 statum
347 4494 489 4573 justitiae,
512 4494 570 4554 nisi
588 4495 638 4573 qui
661 4492 796 4555 crederet
843 4504 874 4555 et
889 4496 927 4572 3.,
942 4496 994 4556 ubi
1016 4496 1135 4557 demum
1157 4494 1195 4555 ad
1210 4494 1376 4576 principale
1397 4494 1477 4554 redit
1498 4495 1544 4555 iu·

96 4583 127 4643 in
149 4583 253 4663 ipsum,
277 4589 308 4642 et
326 4582 357 4643 in
372 4579 524 4642 Christum
545 4579 738 4642 mediatorem
759 4600 796 4641 ac
841 4584 976 4644 stitutum
998 4581 1037 4643 de
1054 4583 1173 4662 justitia
1195 4580 1325 4661 peteuda
1343 4601 1382 4642 ex
1396 4579 1475 4658 ede,
1496 4588 1544 4641 at·

95 4667 320 4751 redemptorem
353 4666 427 4731 Vult
450 4668 529 4729 enim
550 4668 726 4732 beneficium
747 4686 791 4729 re·
841 4688 901 4751 que
923 4669 955 4733 id
973 4689 1013 4733 ex
1025 4668 1196 4753 praemissis
1217 4669 1274 4732 hee
1294 4667 1359 4732 iere
1373 4667 1462 4732 mede
1478 4667 1543 4730 eol·
