3254 5190
507 267 896 326 merommnonssos.
930 269 1015 339 una.
1034 272 1077 326 as.
1463 272 1511 355 29

64 459 148 527 runt,
177 448 225 531 ,ad
256 457 424 512 extremam
454 448 618 512 stultitiam
640 454 672 509 et
694 447 766 508 insi·
814 453 937 526 pentes,
965 445 1101 528 denique
1130 448 1169 510 ad
1198 449 1305 511 horum
1333 452 1511 518 simulacra:

63 539 215 621 pientiam
240 537 370 619 delapsi.
815 533 1042 607 transtulerunt,
1067 537 1200 615 inquam,
1223 537 1352 600 honores
1367 544 1421 602 uni
1443 544 1512 607 Deo

103 626 188 687 Sunt
208 626 269 707 qui
291 627 326 686 in
347 623 526 705 pronomine
550 641 582 682 ae
606 621 767 703 emphasin
815 619 944 696 debitos,
961 621 993 680 id
1008 630 1056 681 est
1070 620 1193 684 divinos
1207 624 1256 684 his
1271 627 1411 689 omnibus
1426 634 1511 693 attri-

67 722 204 774 cutum
233 713 295 773 boe
326 731 435 772 sensu:
469 711 617 772 Dicentcs
645 728 676 770 ac
706 728 767 769 estc
814 706 950 768 buentes.
995 709 1199 785 Serpentium
1222 711 1339 774 Graece
1361 709 1510 798 ἑρπετῶν,

65 802 247 877 ηρίιπια,
270 800 304 860 id
326 807 388 872 est,
410 798 469 859 hoc
491 797 591 877 ipsum
614 796 697 876 qnod
719 816 766 855 sa·
815 793 847 854 id
878 803 927 854 est
953 796 1118 874 reptilium.
1163 795 1234 876 Quo
1263 801 1385 862 nomine
1419 805 1511 868 etiam

65 890 183 969 pientes
199 894 300 960 erant,
322 885 382 947 sibi
397 885 574 958 tribuentes,
590 891 766 944 nouantem
814 881 914 960 pisces
933 881 1228 961 comprehenduntur
1244 884 1320 946 Gen.
1339 892 1366 947 1.
1390 889 1510 973 Estque

66 975 129 1035 Deo
150 982 318 1055 acceptum
344 970 520 1034 relerentes.
563 969 612 1031 Ita
641 969 766 1053 quidem
815 967 920 1027 eadem
943 969 1128 1048 significatio
1150 972 1235 1031 vocis
1256 973 1411 1052 Syriacae.

65 1061 156 1122 etium
178 1060 377 1142 Augustinus
409 1059 476 1119 loco
500 1058 565 1136 jam
594 1058 704 1131 citato,
735 1066 767 1118 et
855 1054 950 1116 Porro
972 1056 1048 1116 haec
1064 1075 1144 1136 quae
1157 1059 1274 1119 Paulus
1293 1071 1457 1139 enumerat,
1480 1073 1512 1127 et

64 1147 145 1208 alibi.
192 1148 311 1209 Varum
340 1146 498 1208 sciendum
527 1151 576 1204 est
601 1164 765 1224 pronomen
812 1140 919 1202 horum
941 1143 1104 1205 simulacra
1125 1165 1181 1226 pro
1196 1145 1256 1206 diis
1280 1147 1385 1208 habita
1405 1149 1509 1227 fuisse,

64 1254 93 1295 ac
112 1254 178 1295 uon
200 1235 336 1316 exprimi
360 1234 392 1294 in
413 1233 548 1295 Graeco:
570 1233 691 1293 umetsi
714 1251 765 1292 ne·
814 1236 847 1288 et
868 1228 951 1289 cultu
973 1231 1097 1311 publico
1120 1250 1157 1292 ac
1177 1232 1336 1293 sacrfficiis
1362 1249 1510 1299 venerata

64 1322 197 1382 mio
225 1319 414 1383 reddendum
444 1319 505 1379 fuit
531 1318 570 1378 ab
600 1321 766 1399 interprete
812 1315 852 1376 ab
874 1317 1013 1392 ethnicis,
1035 1336 1092 1378 nec
1115 1318 1212 1380 solum
1235 1340 1254 1380 a
1275 1322 1378 1402 vulgo,
1402 1336 1508 1386 verum

64 1408 185 1470 launo.
209 1409 284 1470 Non
304 1415 408 1489 potest
428 1414 532 1468 antem
550 1406 704 1488 emphasis
720 1406 764 1465 in·
813 1401 906 1463 etiam
928 1403 967 1463 ab
989 1404 1044 1480 iis,
1067 1406 1122 1488 qui
1145 1407 1316 1468 interillos
1338 1412 1511 1490 sapientiae

64 1496 164 1576 telligi
188 1498 221 1557 in
244 1514 322 1556 voce
343 1514 404 1555 non
427 1511 579 1575 expressa.
811 1489 1000 1570 professione
1032 1493 1220 1570 eminebant;
1250 1515 1288 1555 ex
1310 1498 1508 1578 antiquitatis

104 1581 250 1663 Quaeret
277 1582 393 1663 aliquis
423 1601 461 1641 an
486 1579 533 1640 illi
554 1599 628 1641 rere
649 1578 766 1641 inerint
811 1577 940 1638 historia
973 1587 1035 1640 tam
1067 1580 1197 1661 profana
1231 1601 1323 1662 quam
1356 1604 1444 1647 sacra
1477 1594 1511 1649 et

63 1672 232 1750 sapientes
255 1669 444 1746 sementen
466 1687 526 1730 non
547 1669 651 1742 fuisse,
674 1668 701 1727 si
718 1687 763 1728 sa·
812 1665 1314 1741 ecclesiastica,facileestdooere.
1329 1671 1509 1749 Necreiert,

62 1759 202 1838 piantem
233 1755 389 1836 intelligas
420 1772 503 1831 eum,
533 1756 588 1835 qni
621 1754 763 1817 absoluto
812 1753 838 1812 si
859 1751 939 1813 forte
962 1752 1087 1834 quidam
1117 1774 1221 1816 eorum
1250 1777 1310 1816 non
1339 1776 1377 1818 ex
1398 1762 1509 1836 animo,

62 1844 134 1905 talis
156 1844 291 1906 dicitur:
314 1843 494 1925 praesertim
511 1843 603 1922 juxta
616 1840 763 1924 loquendi
811 1839 865 1900 sed
888 1842 980 1901 errori
1001 1844 1143 1922 populari
1163 1862 1230 1903 sese
1246 1847 1510 1910 accommodantes

60 1931 317 1994 consuetudinem
351 1932 522 2011 scripturae
563 1950 668 1992 sacrae
701 1938 764 1991 tam
811 1927 927 1988 cultum
954 1929 1001 1988 his
1024 1930 1114 1990 rebus
1143 1928 1356 2008 adhibuerint;
1390 1943 1426 1996 ut
1454 1936 1509 2017 qni

58 2020 180 2081 veteris
194 2038 289 2101 quam
304 2019 378 2080 novi
393 2018 576 2089 testamenti,
600 2036 680 2097 quae
695 2036 763 2098 pas·
810 2015 1052 2095 philosophando
1070 2018 1136 2096 jam
1156 2016 1336 2080 didicissent
1357 2041 1417 2082 nou
1441 2040 1509 2083 esse

58 2107 117 2168 aim
139 2107 316 2185 sapientem
346 2124 416 2165 enm
445 2111 550 2178 vocat,
585 2106 640 2184 qui
662 2105 764 2164 Deum
811 2102 911 2163 Deum
933 2103 993 2163 nisi
1009 2122 1110 2164 nnnm.
1134 2104 1236 2165 Tanto
1252 2107 1369 2187 qnippe
1383 2109 1509 2188 majoris

11 2266 14 2271 ¹
58 2194 151 2255 norit
174 2201 208 2253 et
229 2195 331 2266 timet,
354 2200 387 2252 et
407 2191 551 2254 mandata
572 2193 639 2271 ejus
662 2191 763 2252 obser·
811 2188 1042 2269 ingratitudinis
1064 2194 1117 2264 rei,
1141 2190 1224 2271 quod
1247 2211 1324 2268 eum,
1348 2214 1440 2276 quem
1462 2199 1508 2278 ip-

57 2289 122 2341 rat
147 2280 213 2340 Hic
229 2282 311 2341 enim
330 2297 453 2339 musam
468 2278 657 2353 altissimam,
684 2297 764 2359 quaa
811 2277 875 2336 sins
890 2276 1039 2337 beneflcio
1062 2279 1278 2357 cognovissent
1291 2300 1385 2342 unum
1400 2302 1508 2345 verum

56 2370 145 2429 Deus
176 2376 240 2441 ast,
270 2350 316 2427 ita
346 2366 585 2445 contemplatur,
615 2373 650 2425 ut
671 2365 763 2445 juxta
811 2363 920 2437 Deum,
936 2365 999 2423 suis
1016 2366 1169 2444 privarint
1182 2364 1357 2443 honoribus,
1380 2370 1507 2449 gloriam

55 2453 187 2535 regulas
220 2453 259 2514 ab
294 2473 330 2515 eo
363 2455 569 2532 praescriptas
602 2454 699 2513 vitam
733 2459 764 2512 et
811 2458 843 2510 et
864 2451 979 2511 cultum
1000 2452 1124 2531 proprie
1141 2453 1169 2511 ei
1186 2450 1321 2514 debitum
1337 2454 1398 2515 alio
1414 2466 1507 2518 trane

56 2542 201 2602 actiones
224 2559 296 2601 snas
319 2540 469 2600 instituat.
507 2537 600 2618 Quod
623 2546 669 2600 est
690 2559 763 2600 vere
810 2535 952 2597 terentes.
977 2536 1069 2617 Quod
1091 2539 1142 2598 vel
1158 2540 1258 2618 ipsum
1273 2540 1432 2604 Platonem
1447 2564 1507 2605 non

55 2638 89 2689 et
116 2626 265 2688 absolute
299 2629 468 2705 sapientem
502 2646 586 2702 esse;
620 2624 764 2706 quemad·
809 2622 899 2683 modo
921 2624 1047 2700 fecisse,
1077 2625 1132 2686 sed
1154 2635 1186 2686 et
1208 2625 1349 2689 docuisse
1379 2639 1507 2691 constat

55 2714 188 2775 modam
210 2712 291 2774 bene
312 2712 404 2774 docet
425 2713 454 2775 S.
479 2714 615 2773 Thomas
639 2717 666 2773 2.
684 2715 712 2772 2.
734 2732 762 2794 q.
811 2710 891 2770 Nam
913 2712 945 2771 in
975 2711 1061 2773 libris
1092 2712 1130 2771 de
1161 2713 1280 2791 legibus
1304 2723 1335 2774 et
1357 2716 1395 2777 de
1418 2737 1506 2798 repu-

55 2803 108 2864 45.
150 2800 227 2882 Quo
249 2800 294 2874 tit,
315 2808 350 2859 ut
372 2800 526 2879 sapientia
546 2808 673 2860 vocetur
695 2801 764 2878 ipsa
810 2796 892 2857 blica
922 2797 997 2872 diis,
1028 2798 1290 2879 daemonibusque
1311 2811 1344 2861 et
1364 2803 1507 2865 heroibus

55 2890 163 2970 pietas
187 2908 244 2950 seu
267 2889 357 2947 timor
371 2887 497 2947 Domini
521 2887 592 2948 Job.
609 2887 659 2946 28.
683 2887 763 2947 Ecca
811 2903 897 2945 sacra
919 2895 950 2945 et
972 2887 1178 2946 caeremonias
1201 2886 1268 2946 fieri
1286 2888 1384 2967 jubet.
1410 2889 1508 2970 Cujus

54 2979 160 3036 timos·
185 2975 321 3036 Domini
343 2977 415 3050 ipso
437 2981 481 3035 cst
501 2975 672 3050 sapientie.
699 2973 762 3033 Ubi
810 2970 965 3031 doctrinae
987 2971 1167 3035 Platonicae
1196 2974 1289 3034 etiam
1315 2978 1509 3056 Augustinus

53 3062 161 3124 Lxx„
196 3062 277 3123 Eece
297 3063 418 3139 pictos,
440 3052 620 3136 θεοσέβεια,
644 3065 687 3121 est
708 3077 762 3121 so·
810 3059 949 3120 meminit
969 3059 1022 3118 lib.
1047 3065 1075 3122 8.
1107 3059 1145 3120 de
1175 3061 1261 3120 civit.
1283 3063 1343 3122 Dei
1367 3084 1433 3143 cap.
1458 3068 1507 3125 12.

50 3151 199 3226 pientio.
810 3143 895 3224 Quin
918 3154 950 3206 et
970 3146 1111 3208 Socrates
1142 3166 1211 3208 cum
1234 3147 1404 3227 injudicio
1426 3151 1508 3231 peri·

98 3235 179 3318 Quo
206 3236 290 3295 circa
316 3252 378 3295 non
407 3234 505 3294 solum
537 3223 626 3309 σόφοι
652 3252 762 3292 revera
810 3231 975 3306 obteretur,
998 3233 1113 3311 gallum
1127 3233 1314 3316 Aesculapio
1329 3256 1384 3315 pro
1407 3237 1507 3299 salute

53 3344 116 3385 uon
139 3322 274 3382 fuerunt
297 3320 342 3380 illi
365 3321 538 3401 sapientiae
559 3319 761 3398 professores3
809 3318 974 3379 sacrificari
1002 3319 1103 3397 jussit.
1148 3318 1282 3399 Quoda
1311 3324 1415 3385 multis
1446 3333 1505 3385 tra·

53 3409 111 3471 sed
125 3428 190 3470 nec
203 3397 378 3485 φιλόσοφοι,
401 3427 463 3490 quo
478 3406 564 3467 velut
577 3405 761 3467 modestiore
809 3405 906 3467 ditum
929 3414 984 3479 est,
1007 3413 1039 3466 et
1060 3426 1079 3467 a
1094 3404 1309 3486 chrysostomo
1331 3411 1459 3472 refertur
1474 3412 1507 3472 in

52 3494 214 3558 vocabulo
238 3493 432 3577 Pythagoras
462 3513 495 3555 se
517 3512 650 3575 suosque
672 3492 761 3553 disci·
808 3493 899 3572 hujus
932 3491 992 3553 loci
1029 3495 1253 3554 commentario.
1299 3496 1380 3558 Vide
1414 3499 1507 3560 etiam

52 3583 150 3666 pulos
185 3581 304 3663 primus
337 3580 488 3661 appellari
516 3582 623 3641 voluit.
668 3581 760 3641 Ratio
808 3599 888 3660 qnae
921 3599 1014 3661 supra
1045 3599 1136 3640 versu
1169 3581 1218 3641 18.
1247 3579 1286 3641 de
1314 3582 1447 3659 Seneca,
1476 3592 1508 3646 et

53 3668 227 3732 manifesta
257 3675 319 3743 est,
347 3669 422 3749 quis
450 3686 553 3729 veram
577 3669 760 3748 sapientiam
807 3668 949 3726 universe
978 3666 1016 3728 ds
1045 3666 1235 3748 philosophie
1266 3687 1305 3730 ex
1328 3669 1504 3751 Augustino

53 3778 119 3819 non
141 3755 246 3818 solum
260 3774 321 3816 non
335 3754 514 3831 babuerunt,
537 3753 593 3814 sed
607 3773 665 3815 nec
679 3773 760 3815 ama·
808 3752 1032 3813 adnotavimus.

53 3854 138 3907 runt.
851 3839 913 3900 Sed
935 3839 974 3899 sd
989 3848 1107 3901 textum
1122 3838 1266 3921 Apostoli
1284 3844 1420 3920 pressius
1435 3864 1505 3906 exa-

99 3935 155 3995 t&
179 3931 226 3992 Et
245 3935 456 3990 mutaverunt
484 3928 624 4003 gloriam
652 3931 761 3989 incor-
807 3926 984 3987 minandum
1007 3927 1106 3988 redeo.
1152 3926 1243 4010 Quod
1270 3929 1330 3988 ait:
1363 3933 1408 3994 Et
1431 3951 1506 3995 mu·

54 4017 226 4097 nptibilis
248 4016 310 4078 Dei
339 4018 377 4077 irs
405 4015 648 4076 similitudinem
673 4016 761 4075 imo·
807 4020 966 4074 taceaco
979 4015 1118 4092 qloriom
1134 4017 1196 4076 Dei
1210 4018 1247 4076 ia
1261 4016 1506 4080 similitudinem

52 4108 144 4184 piata
158 4102 380 4180 corruptibilis
393 4103 533 4163 hominis
547 4109 578 4161 ct
591 4102 761 4162 volucrum
807 4103 960 4176 tmaqias's
997 4110 1055 4163 etc.
1091 4103 1201 4162 allusio
1238 4109 1284 4163 est
1315 4102 1354 4164 ad
1383 4125 1505 4167 versum

55 4190 357 4272 aqncdmpedom
377 4197 407 4251 et
421 4190 626 4267 serpentium.
648 4189 693 4250 Et
705 4208 760 4268 pro
807 4187 1400 4265 Paal.105.Etmutoveroatqlortom
1413 4210 1506 4254 asom
1546 4250 1552 4257 .

52 4284 177 4343 maim
197 4278 343 4339 Hebraeo
367 4295 459 4338 more.
502 4275 648 4337 Declarat
671 4276 760 4350 enim,
807 4276 1214 4337 insimilitudtaemvituli.
1237 4275 1297 4337 Cui
1313 4278 1413 4339 simile
1428 4278 1505 4340 illud

54 4370 88 4430 in
109 4385 176 4449 quo
197 4365 287 4426 stulti
308 4363 385 4425 facti
412 4364 489 4437 sint,
522 4382 630 4445 nempe
658 4364 691 4422 in
714 4382 760 4438 eo,
808 4360 922 4422 Jerem.
946 4364 975 4422 2.
1000 4364 1143 4440 Populus
1164 4382 1252 4424 meus
1273 4369 1414 4426 mutauit
1435 4367 1505 4444 qlo-

54 4454 140 4538 qnod
163 4452 294 4534 gloriam
323 4453 379 4512 uni
409 4451 571 4512 immortali
595 4460 626 4511 et
648 4451 759 4511 incom·
808 4451 893 4509 riom
915 4468 1009 4510 suam
1024 4454 1061 4511 ia
1076 4449 1208 4512 idolum.
1234 4449 1356 4530 Quibus
1378 4453 1503 4534 quidem

53 4540 198 4605 nutabili
213 4539 285 4601 Deo
299 4539 457 4619 propriam
469 4536 690 4599 transtulerunt
699 4538 759 4617 pri·
806 4535 881 4596 locis
902 4536 1043 4612 gloriam
1072 4556 1183 4614 suom,
1215 4538 1353 4620 intellige
1375 4540 1503 4620 gloriam

53 4649 137 4691 mum
159 4628 200 4689 ad
222 4626 379 4688 bominem
401 4625 569 4700 mortalem,
592 4624 705 4686 deinde
720 4622 759 4685 ad
807 4621 922 4703 populi,
947 4623 978 4684 id
994 4632 1042 4686 est
1056 4623 1157 4685 Deum
1172 4626 1282 4706 ipsum,
1306 4625 1399 4709 idque
1410 4627 1503 4708 juxta

53 4716 178 4793 bestias
198 4722 236 4777 ut
256 4712 420 4789 volucres,
443 4710 676 4795 quadrupedes,
698 4730 758 4773 ser
807 4709 921 4771 fontem
929 4710 1207 4774 Hebraicum:cum
1215 4713 1333 4796 alioqui
1341 4712 1506 4777 inPsalmo
