3254 5190
63 316 68 325 .
138 283 189 350 20
655 274 889 331 conumeratus
905 276 937 331 nt
956 277 1058 332 ctl’rl.
1086 291 1088 295 ¹

35 446 40 457 ’
138 449 238 513 adfert
271 451 408 514 Joannes
442 450 602 513 Hesselius
635 453 770 515 scribens
804 454 835 515 in
925 456 1013 518 Sicut
1033 456 1187 532 scriptum
1210 462 1272 529 ert,
1294 452 1377 533 apud
1398 453 1582 534 Prophetam

139 541 155 597 1
179 538 259 599 Petr.
286 543 322 615 1.,
352 546 385 598 ut
412 538 529 617 justitia
560 537 675 600 dicatur
705 559 772 600 esse
795 559 835 599 ex
881 541 1028 602 Habacuc
1050 561 1114 621 cap.
1140 544 1168 600 2.
1191 546 1307 605 Justus
1328 547 1437 600 autem
1459 558 1499 601 cr
1520 540 1583 617 fide

136 623 196 685 fide
219 627 250 685 iu
271 624 378 699 fidem,
407 625 548 686 videlicet
569 624 645 701 Dei,
674 626 704 687 id
728 633 835 687 estex
882 631 971 690 vivit.
994 629 1117 689 Rectius
1132 630 1164 689 in
1180 629 1276 689 lutura
1292 629 1384 687 viaet.
1429 626 1481 686 Sic
1504 629 1583 686 enirn

136 710 197 771 fide
227 732 287 793 qua
316 712 446 773 creditur
467 712 560 780 ‚Deus
589 712 687 775 fidelis
714 715 744 774 in
766 734 833 793 pro·
881 716 966 775 multi
988 715 1137 795 iidemque
1152 715 1293 777 meliores
1315 713 1428 774 hahent
1451 712 1582 786 codices,

136 799 248 858 missis:
271 798 310 860 de
332 819 391 881 qua
411 798 471 859 fide
494 797 600 859 dicitur
623 800 701 861 infra
716 819 780 879 cap.
805 802 834 859 3.
882 801 1006 863 Graecis
1031 803 1122 862 etiam
1151 811 1179 862 et
1202 803 1288 882 Syris
1318 799 1582 880 adstipulantibus.

137 886 293 963 Nunquid
325 887 535 948 incredulitas
571 888 702 948 illorum
738 887 834 963 fldem
881 888 960 947 Nam
998 897 1029 948 et
1070 887 1150 968 apud
1188 890 1284 969 ipsum
1321 887 1505 967 Prophetam
1551 886 1582 946 in

136 972 200 1032 Dei
234 974 423 1034 evacuabit?
457 973 507 1033 Sic
540 975 619 1035 enim
653 983 682 1034 et
711 976 834 1035 Petrum
881 975 1023 1035 Hebraeo
1043 974 1135 1036 futuri
1149 977 1290 1054 temporis
1304 973 1430 1034 verbum
1444 973 1581 1033 habetur.

136 1057 264 1133 dixisse,
287 1079 342 1120 uos
365 1060 509 1120 custodiri
539 1081 594 1141 per
623 1061 713 1122 fidem
736 1061 766 1122 in
789 1081 833 1121 sa·
882 1063 923 1122 Et
954 1062 1055 1124 Lxx.
1088 1082 1208 1142 quoque
1241 1065 1420 1141 interpretes
1448 1059 1582 1119 futurum

135 1145 235 1220 lutem,
250 1146 281 1207 id
297 1156 344 1209 est
357 1167 412 1228 per
428 1167 493 1208 eam
506 1146 605 1223 fidem,
632 1168 692 1229 qua
707 1147 834 1209 salutem
880 1149 1082 1211 reddiderunt.
1125 1149 1303 1228 Eademque
1341 1148 1429 1208 lectio
1467 1154 1514 1207 eet
1551 1148 1582 1206 in

136 1240 291 1294 venturam
307 1233 465 1295 credimus.
496 1232 552 1295 Oui
568 1237 670 1297 sensui
685 1257 746 1297 non
757 1234 835 1295 male
882 1234 997 1296 Graeco
1034 1237 1073 1296 ad
1111 1234 1210 1297 Galat.
1236 1241 1263 1298 3.
1294 1244 1326 1295 et
1347 1233 1387 1294 ad
1414 1234 1494 1295 Heb.
1520 1234 1581 1306 10,

136 1319 264 1402 quadrat
294 1322 483 1400 subjunctum
512 1342 551 1383 ex
572 1322 724 1403 Propheta
752 1322 833 1383 testi·
881 1323 989 1403 quibus
1022 1322 1096 1384 locis
1137 1323 1242 1384 eadem
1282 1324 1428 1402 scriptura
1461 1320 1579 1381 citatur.

137 1408 283 1480 monium,
313 1429 372 1489 quo
403 1408 511 1469 dieitur
536 1409 637 1488 justus
666 1412 770 1471 vivere
793 1428 834 1469 ex
881 1408 1026 1489 Quamvis
1049 1419 1148 1470 autem
1171 1430 1207 1471 ea
1231 1428 1302 1469 vera
1332 1411 1376 1468 sic
1397 1408 1496 1481 lectio,
1519 1427 1580 1468 non

135 1494 204 1569 lide,
227 1495 341 1555 scilicet
363 1497 591 1578 promissionum
612 1498 680 1558 Dei.
881 1506 979 1558 tamen
1001 1517 1106 1559 seusus
1129 1506 1193 1573 est,
1224 1516 1291 1556 eum
1320 1496 1371 1577 qui
1395 1497 1494 1573 justus
1527 1502 1580 1567 est,

178 1581 379 1643 Nihilominus
402 1583 455 1643 illa
476 1584 563 1644 nobis
586 1584 745 1645 admodum
766 1604 832 1664 pro·
880 1593 986 1666 postea
1008 1587 1167 1658 victurum,
1200 1592 1234 1644 ut
1258 1584 1378 1662 justitia
1406 1581 1579 1662 praecedat

134 1668 223 1729 batur
258 1670 478 1751 interpretatio,
514 1692 602 1752 quam
640 1670 833 1753 suppeditant
880 1673 943 1732 vita
958 1681 1111 1753 sequatur:
1127 1670 1274 1752 quomodo
1290 1678 1493 1730 commentans
1510 1668 1581 1728 Am·

135 1755 383 1837 Theophylaetus
406 1767 438 1819 et
453 1756 658 1834 Oeeume'nius,
682 1777 832 1840 quamque
879 1760 995 1819 brasias
1019 1760 1166 1840 exposuit,
1188 1760 1280 1820 vitam
1296 1755 1470 1836 intelligens
1486 1755 1580 1816 futuri

134 1842 314 1919 Sasholdus,
346 1846 501 1918 Peresius,
534 1846 684 1906 Emanuel
716 1855 748 1906 et
780 1845 831 1905 alii
880 1845 1000 1906 saeculi.
1044 1846 1123 1905 Nam
1146 1845 1258 1926 alioqui
1280 1853 1309 1904 et
1332 1843 1370 1919 id,
1393 1843 1474 1924 quod
1497 1841 1580 1923 apud

134 1931 265 1992 libenter
286 1933 513 2012 amplectuutur.
559 1934 607 1992 Ea
637 1933 753 2015 quidem
776 1933 829 1991 hu·
878 1932 1059 2013 Prophetam
1081 1937 1217 2014 proxime
1245 1930 1408 1992 antecedit:
1440 1932 1503 2012 Qui
1524 1932 1579 1990 ia·

130 2018 263 2097 jusmodi
285 2029 346 2080 est:
368 2022 421 2082 Ea
443 2021 505 2100 fide
531 2022 568 2081 iu
590 2021 701 2097 fldem,
733 2019 832 2079 idest
879 2021 1028 2082 credulus
1058 2028 1118 2096 ert,
1157 2038 1226 2082 uou
1257 2021 1319 2078 erit
1347 2025 1434 2079 recta
1465 2020 1580 2079 anima

135 2125 173 2166 ex
195 2105 255 2166 fide
284 2117 478 2187 promovente
507 2128 542 2168 ac
571 2106 698 2168 subinde
725 2126 830 2186 auges·
879 2110 945 2180 ejus
959 2109 996 2168 ia
1010 2110 1192 2183 semetipso,
1216 2105 1350 2165 similiter
1367 2103 1580 2184 exponendum

135 2201 235 2258 cente,
273 2203 306 2254 ut
342 2196 380 2253 sit
416 2193 627 2269 Hebraismus,
666 2195 763 2275 qualis
800 2194 832 2251 in
879 2202 975 2269 esset,
1004 2203 1036 2253 ut
1058 2196 1123 2275 quie
1147 2196 1229 2275 prius
1258 2192 1429 2252 incredulus
1454 2193 1511 2266 sit,
1541 2210 1579 2251 aa

133 2279 246 2340 Psalm.
270 2282 320 2342 83.
344 2280 446 2341 Ibunt
468 2281 506 2341 de
528 2285 645 2342 virtute
667 2285 703 2344 in
725 2284 830 2342 virtu·
876 2290 984 2361 postea
1005 2283 1132 2342 animam
1147 2281 1256 2341 habeat
1272 2300 1332 2338 non
1347 2287 1472 2338 rectam:
1497 2275 1580 2358 quod

133 2374 207 2444 tem,
230 2367 261 2428 id
283 2376 328 2428 est
350 2367 477 2428 subinde
491 2369 606 2447 majora
621 2369 741 2448 capient
760 2386 831 2427 suae
878 2377 908 2427 et
922 2365 1029 2427 falsum
1043 2387 1108 2429 esse
1124 2374 1248 2440 constat,
1261 2374 1291 2426 et
1306 2365 1437 2426 alienum
1448 2385 1466 2424 a
1477 2373 1580 2426 mente

133 2454 250 2514 virtutis
272 2474 325 2515 seu
347 2453 528 2521 fortitudinis
551 2464 719 2535 augmenta.
752 2456 831 2514 Nam
877 2453 1058 2535 Prophetae.
1357 2512 1360 2518 .

133 2542 166 2600 in
188 2539 304 2601 Graeco
327 2540 424 2601 forma
446 2543 590 2602 sermonis
612 2541 702 2620 plane
724 2541 830 2602 eadem
921 2541 982 2600 Sed
1003 2541 1098 2601 verbo
1129 2539 1219 2600 futuri
1250 2542 1391 2620 temporis
1420 2558 1493 2599 usus
1524 2545 1579 2611 est,

134 2636 194 2700 est,
227 2618 264 2687 ἐκ
298 2619 461 2705 δυνάμεως
494 2618 541 2697 εἷς
574 2623 697 2705 δύναμιν
731 2637 762 2688 et
794 2617 831 2684 ἐκ
878 2626 927 2686 vel
951 2629 1021 2708 quia
1051 2637 1192 2707 tanquam
1221 2626 1375 2706 Propheta
1402 2625 1440 2686 de
1469 2623 1579 2686 fratris

133 2706 271 2782 πίστεως
306 2706 353 2782 εἰς
388 2709 497 2773 πίστιν.
551 2714 654 2774 Simile
691 2723 720 2773 et
756 2711 830 2774 illud
878 2714 1070 2794 loquebatur,
1100 2733 1136 2774 ac
1160 2716 1184 2773 si
1207 2713 1336 2773 diceret:
1365 2714 1509 2774 Futurum
1532 2720 1580 2772 est

132 2798 245 2860 Psalm.
264 2802 335 2863 143.
350 2803 581 2876 Promptuaria
597 2819 707 2875 corum
718 2801 829 2878 plena,
878 2809 910 2860 ut
939 2802 1038 2879 justus
1072 2820 1110 2861 ex
1142 2800 1202 2860 fide
1225 2802 1323 2872 vivat,
1357 2798 1427 2858 dum
1455 2799 1579 2878 promis·

136 2890 319 2948 eructantia
334 2906 372 2949 ea
385 2889 444 2948 hoc
458 2890 495 2946 ia
510 2888 603 2963 illud,
626 2885 658 2946 id
681 2896 727 2947 est
741 2887 831 2947 aliam
879 2888 993 2948 sionem
1016 2895 1188 2967 exspectat:
1212 2887 1262 2946 vel
1276 2888 1346 2968 quia
1358 2884 1488 2945 futurarm
1503 2893 1578 2945 tem·

134 2973 305 3054 poetaliam
325 2973 472 3034 fructuum
488 2975 613 3054 speeiem
629 2976 751 3053 copiose
764 2973 830 3033 sub·
879 2995 935 3052 pus
959 2977 1052 3035 servit
1079 2974 1294 3035 continuationi
1324 2993 1360 3032 ae
1382 2972 1579 3051 perpetuitati

134 3061 338 3121 ministrantia.
384 3060 473 3122 Hanc
505 3081 579 3121 vero
613 3063 831 3138 expositionem
878 3061 1102 3141 significandae.
1146 3059 1225 3119 Nam
1244 3060 1344 3137 justus
1374 3061 1414 3118 ita
1440 3059 1518 3119 vivit
1539 3077 1579 3117 ex

136 3147 294 3207 intentioni
315 3147 461 3208 Paulinae
484 3167 662 3227 congruere,
685 3147 773 3208 docet
796 3166 832 3205 aa
878 3147 953 3220 fide,
976 3157 1009 3206 ut
1031 3169 1070 3208 ex
1093 3168 1130 3208 ea
1151 3148 1254 3208 vivere
1283 3167 1343 3206 nou
1367 3144 1500 3216 desinat,
1532 3145 1580 3203 uti

137 3231 271 3294 declarat
292 3235 451 3314 subjuncta
472 3235 536 3313 ejus
551 3235 687 3314 probatio
703 3255 743 3295 ex
759 3234 831 3294 Pro·
878 3254 948 3294 mox
964 3233 1143 3295 docebimus.
1167 3234 1190 3293 J
1191 3254 1238 3291 am
1254 3253 1309 3293 uec
1323 3233 1423 3311 magui
1433 3231 1579 3290 momenti

136 3319 229 3398 pheta
251 3320 387 3381 dicente:
416 3322 539 3383 Justum
569 3341 609 3381 ex
633 3320 693 3381 fide
713 3323 831 3381 vivere:
880 3328 926 3380 est
959 3340 996 3380 ea
1025 3321 1198 3393 diversitas,
1229 3319 1310 3400 quod
1338 3338 1402 3378 cum
1432 3317 1579 3377 Hebraea

136 3413 279 3487 tanquam
293 3429 352 3468 non
370 3410 440 3468 sads
455 3409 496 3467 sit
511 3407 716 3486 adjustitiam,
739 3405 831 3468 semel
879 3409 990 3467 veritae
1013 3408 1123 3467 habeat
1144 3410 1199 3484 ia,
1223 3405 1253 3465 id
1276 3414 1338 3478 est,
1361 3423 1399 3466 ca
1420 3404 1483 3481 aar
1505 3423 1577 3480 rua,

136 3492 311 3568 credidisse,
335 3493 388 3555 sed
411 3502 549 3574 oporteat
572 3494 718 3573 justitiam
740 3493 830 3574 adep·
879 3503 909 3554 et
922 3494 1020 3554 LXX.
1044 3495 1198 3567 verterint,
1220 3511 1259 3554 cc
1280 3493 1342 3570 fida
1357 3510 1438 3567 mca,
1462 3491 1578 3551 Paulus

135 3587 197 3640 tam
220 3599 336 3662 semper
358 3600 397 3641 ex
418 3581 478 3641 fide
499 3582 612 3642 nutriri,
879 3581 936 3640 hoc
959 3582 1025 3641 loco
1049 3582 1133 3640 etin
1156 3580 1283 3660 epistola
1313 3578 1352 3637 ad
1374 3579 1501 3640 Galatas
1525 3579 1577 3638 ab·

177 3667 285 3749 Itaque
307 3667 392 3728 uobis
412 3667 530 3729 videtur
553 3668 642 3727 totius
664 3671 831 3729 sententiae
880 3667 976 3728 solute
1009 3666 1134 3730 dixerit:
1170 3686 1208 3728 ex
1240 3665 1311 3744 fide.
1363 3665 1464 3725 Facile
1497 3667 1577 3725 enim

135 3752 214 3814 hune
236 3774 324 3836 quam
345 3756 475 3815 maxime
497 3754 685 3834 probabilem
712 3775 830 3816 sensum
877 3774 1040 3834 pronomen
1063 3774 1120 3815 sua
1143 3753 1325 3814 subauditur.

134 3840 221 3901 reddi
253 3861 350 3921 posse.
395 3843 478 3903 Vera
507 3841 639 3921 justitia,
673 3862 732 3924 qua
765 3842 830 3922 quis
922 3840 984 3902 Cur
1022 3851 1120 3901 autem
1149 3841 1248 3901 LXX.
1278 3859 1332 3919 pro
1371 3857 1437 3910 sus,
1478 3857 1578 3898 meam

136 3947 235 3988 coram
257 3928 325 3989 Deo
345 3930 445 4008 justus
468 3937 520 4004 est,
544 3930 575 3990 in
599 3929 776 4009 Evangelio,
800 3927 830 3989 id
878 3927 1069 4004 reddiderint,
1091 3929 1235 3988 rationem
1258 3924 1337 4006 apud
1357 3925 1578 4004 Hieronymum

134 4022 181 4075 est
202 4034 258 4094 per
279 4015 441 4096 Evangelii
462 4014 728 4096 praedicationem,
751 4034 829 4077 nunc
878 4017 996 4095 require
1018 4016 1050 4075 in
1073 4015 1283 4077 commentario
1302 4032 1391 4092 super
1412 4012 1577 4072 Habacuc:

132 4102 243 4183 passim
267 4102 401 4163 omuibus
423 4104 593 4176 revelatur,
624 4111 656 4163 et
677 4101 756 4162 clare
778 4123 829 4162 au·
877 4104 994 4162 tametsi
1023 4110 1104 4162 recte
1132 4101 1238 4161 dicitur
1266 4118 1355 4175 mea,
1384 4098 1414 4159 id
1445 4107 1493 4158 est
1514 4099 1578 4160 Dei

132 4189 299 4250 surmus:
323 4209 359 4249 ea
381 4191 503 4271 inquam
521 4191 647 4269 justitia,
670 4210 748 4270 quae
770 4210 829 4250 uon
878 4188 975 4266 (Deus
1004 4191 1082 4250 enim
1117 4184 1278 4267 loquitur),
1314 4188 1385 4268 quia
1414 4185 1488 4246 fides
1520 4195 1577 4260 est,

133 4275 279 4356 exlege,
307 4283 341 4335 ut
370 4276 483 4338 Judaei
511 4284 633 4357 putant,
661 4295 760 4358 neque
790 4294 829 4336 ex
877 4296 937 4357 qua
959 4275 1028 4336 Deo
1051 4275 1195 4350 creditur,
1225 4282 1353 4356 atquae
1376 4273 1487 4335 nemini
1519 4273 1578 4332 nisi

131 4362 245 4423 viribus
268 4372 405 4439 naturae,
427 4372 461 4423 ut
482 4361 604 4438 Graeci,
633 4363 685 4424 aed
708 4384 747 4423 ex
770 4361 829 4423 lide
875 4365 937 4423 Dei
957 4383 1080 4424 munere
1101 4364 1255 4441 contingit.
1291 4362 1471 4441 Quanquam
1492 4358 1577 4439 quod

132 4457 335 4530 eomparatur,
358 4458 389 4510 et
411 4470 450 4510 ex
471 4449 530 4510 fide
556 4451 694 4512 contiuuo
717 4452 828 4522 nutriri,
877 4449 984 4511 eodem
997 4451 1064 4511 loco
1078 4459 1145 4532 post
1160 4449 1252 4510 multa
1268 4448 1340 4509 dicit
1360 4448 1576 4526 Hieronymus,

131 4537 317 4611 conservari,
360 4538 464 4617 augeri
509 4546 540 4596 et
582 4539 685 4618 perfici
730 4537 827 4599 debet
876 4538 1053 4618 Apostolum
1075 4540 1105 4598 iu
1127 4537 1185 4597 hae
1208 4537 1246 4598 ad
1272 4536 1424 4596 Romanos
1446 4532 1576 4615 epistola

131 4622 223 4684 Hanc
244 4626 424 4685 sententiam
446 4624 489 4684 sie
510 4624 693 4686 intellectam
719 4627 829 4705 optime
877 4626 985 4685 citasse
993 4625 1193 4686 testimouium
1201 4622 1368 4704 Prophetae
1373 4617 1574 4701 juxtaLXX.

90 4718 93 4723 '
132 4709 241 4792 probat
261 4710 426 4792 Apostolus
448 4731 502 4794 per
524 4711 555 4773 id
577 4711 657 4794 quod
679 4712 827 4795 sequitur:
877 4713 1053 4786 versionem,
1076 4713 1200 4794 ejusque
1221 4713 1265 4772 rei
1279 4710 1421 4771 rationem
1443 4705 1574 4769 reddere
