3254 5190
136 251 185 327 sp
652 245 1028 301 oomruummsusrr:
1039 245 1058 300 1.

135 440 215 502 quae
226 418 510 482 ismenhorniuibus
524 417 656 481 admala
671 421 830 501 propensis
876 421 977 482 Sanot.
993 439 1059 500 cap.
1078 421 1126 479 10.
1151 421 1220 482 istst
1235 427 1321 496 ιιιιιι,
1343 419 1455 499 inquit,
1476 434 1583 496 quac·

135 526 204 569 asse
241 507 341 567 solent
373 508 546 584 occasiones
579 516 610 568 et
642 509 831 569 irritamenta
877 508 965 582 dom,
989 524 1070 584 qaas
1085 511 1132 566 ita
1144 515 1278 584 peccota
1292 514 1377 584 ιιιιιι,
1400 514 1437 567 ιιι
1450 523 1582 583 poenus

133 593 288 675 peccandi.
320 592 413 675 Quod
436 597 495 655 etsi
518 615 578 655 uon
601 593 754 664 adderent
776 614 831 673 per
877 598 975 656 stiam
1004 597 1069 655 ιιιι
1089 602 1312 670 peccatoram,
1345 593 1430 655 arada
1453 594 1579 653 dictum

134 700 168 741 ιι
189 690 290 741 umen
311 684 384 743 satis
408 681 595 760 intelligitur.
618 681 716 742 Nobis
740 683 830 754 enim,
877 689 937 743 cat:
962 682 1114 742 Tradidit
1136 681 1209 742 illos
1231 684 1319 742 Deus
1341 689 1398 740 etc.
1405 725 1416 756 ,
1441 698 1511 742 aon
1535 679 1580 739 iii

135 768 167 827 in
190 767 302 848 quihus
324 768 446 829 assidue
475 787 545 828 earo
568 769 757 848 concupiscit
778 767 830 827 ad·
873 774 1042 845 peccatam
1063 770 1126 829 Dei
1149 776 1202 843 ιιι,
1225 768 1279 828 scd
1297 768 1466 843 judicium.
1490 766 1581 827 Haec

134 871 241 914 sersus
264 854 416 933 spiritum,
438 864 633 933 peccatorum
657 856 830 916 occasiones
878 855 959 915 enim
981 855 1077 914 verba
1099 855 1289 935 significant,
1312 853 1427 914 idcirce
1449 863 1581 935 peccata

134 941 376 1002 attestationes
399 942 491 1001 etiam
506 950 657 1003 'externae
678 960 831 1022 nusquam
878 940 1028 1021 quaedam
1051 961 1118 1004 asse
1140 961 1253 1021 poenas
1275 949 1481 1021 peccatorum,
1505 941 1581 1021 quia

133 1047 193 1089 nou
215 1036 288 1088 sunt
309 1028 435 1103 obviae;
457 1027 587 1088 mundus
602 1028 683 1089 enim
705 1029 829 1108 laqueo·
876 1035 996 1109 praeter
1018 1028 1164 1089 malitiam
1186 1029 1311 1108 culpae,
1345 1047 1425 1109 quae
1448 1041 1509 1088 neu
1533 1035 1581 1086 ιιι

133 1132 200 1176 rum
221 1114 329 1194 plenus
345 1124 400 1176 est.
426 1112 619 1196 Quamquam
634 1115 704 1175 aliis
718 1115 829 1194 pluras,
877 1135 896 1173 a
917 1115 1000 1187 Deo,
1028 1115 1182 1175 invenitur
1204 1116 1236 1174 iu
1259 1114 1319 1175 illis
1342 1116 1455 1176 bonurn
1473 1115 1580 1193 justae

133 1200 204 1263 aliis
237 1202 397 1282 pauciores
431 1202 615 1280 objiciuntur
647 1203 830 1274 occasiones,
877 1200 1040 1274 vindictae,
1063 1202 1146 1281 quod
1168 1200 1253 1262 haud
1275 1201 1369 1261 dubie
1392 1200 1496 1261 aDeo
1520 1207 1579 1261 est.

133 1289 201 1349 Deo
223 1289 273 1348 vel
300 1297 425 1370 propter
453 1288 606 1351 hominum
628 1289 750 1363 merita,
777 1286 829 1348 vel
877 1287 1037 1367 Quomodo
1074 1298 1177 1349 autem
1214 1289 1402 1361 inveniatur,
1439 1285 1579 1368 explieat

133 1375 208 1439 dias
231 1375 269 1435 ob
292 1395 401 1438 causas
423 1376 540 1456 inipso
562 1375 763 1450 absconditas,
785 1376 830 1434 ita
877 1383 1000 1435 sanctus
1021 1374 1156 1436 Thomas
1179 1377 1211 1435 in
1233 1375 1457 1436 commentario.
1480 1375 1525 1434 Et
1547 1376 1580 1434 in

135 1460 325 1542 disponente.
877 1463 1051 1522 uuiversum
1074 1461 1132 1523 hae
1160 1461 1198 1522 de
1220 1482 1253 1522 re
1275 1460 1435 1542 disputant
1456 1461 1577 1522 schola·

178 1545 363 1613 curantem
386 1548 424 1609 ad
443 1549 525 1610 huno
538 1547 663 1611 medum
684 1549 829 1630 loquatur
877 1548 947 1610 stici
968 1548 1105 1609 docteres
1127 1550 1158 1608 iu
1181 1550 1210 1608 2.
1233 1557 1309 1610 seut.
1332 1548 1401 1609 dist.
1425 1548 1477 1609 36.

135 1636 302 1716 scriptura,
336 1645 371 1696 ιιι
391 1638 491 1697 Deum
519 1635 603 1717 dieat
629 1635 678 1697 vel
708 1635 829 1697 tradere
919 1635 992 1697 Jam
1008 1655 1047 1695 ex
1060 1635 1108 1695 his
1124 1635 1256 1715 intelligi
1275 1644 1384 1716 petest,
1408 1654 1468 1715 quo
1485 1654 1577 1697 seusu

134 1722 272 1784 homines
294 1724 326 1786 in
340 1731 475 1804 peccata,
496 1723 548 1784 vel
562 1721 704 1784 inducere
719 1725 750 1784 in
766 1732 828 1783 ten·
876 1723 911 1783 B.
927 1722 1118 1802 Augustinus
1140 1730 1246 1783 contra
1262 1722 1420 1783 Julianum
1441 1723 1578 1782 scribens
1605 1756 1610 1766 ·

134 1810 297 1886 ιιιίοιιιιιι,
328 1830 365 1871 ea
395 1811 471 1870 ratio
494 1817 554 1883 ιιι,
586 1811 659 1890 quia
680 1811 735 1892 qui
758 1809 828 1870 sub·
876 1810 943 1870 loce
966 1810 1069 1883 citato,
1090 1808 1293 1888 reprehendat
1307 1810 1382 1871 haec
1402 1808 1487 1869 illius
1503 1809 1578 1869 hae-

135 1895 219 1957 ducit
240 1897 388 1958 auxilium
402 1896 482 1957 male
505 1895 676 1976 superando
691 1897 743 1958 vel
759 1916 829 1956 eva·
877 1896 966 1957 retici
987 1898 1097 1956 verba:
1129 1897 1209 1959 Cum
1232 1897 1396 1969 desideriis
1417 1899 1482 1957 suis
1503 1903 1577 1955 tro·

135 1982 235 2045 dendo
256 1985 468 2056 necessarium,
490 1982 590 2043 antid
612 2003 672 2044 non
693 1991 830 2066 praestat
877 1984 938 2044 diti
959 1984 1123 2059 dicantar,
1146 1985 1249 2043 relicti
1269 1968 1494 2060 perditricem
1510 2000 1577 2060 pu·

135 2088 203 2141 cnm
226 2072 336 2150 possit,
366 2069 523 2130 tradidisse
546 2069 669 2130 videtur
691 2078 722 2130 et
744 2071 828 2130 indu·
877 2073 1025 2132 tientiam
1057 2070 1258 2146 intellipcndi
1290 2079 1381 2148 ιιιιιι,
1415 2087 1485 2132 noa
1514 2088 1579 2146 par

133 2159 217 2219 xisse
240 2160 271 2218 in
292 2156 413 2218 malum.
438 2157 481 2215 Et
495 2157 538 2216 ita
552 2158 638 2237 loqui
657 2157 756 2218 solent
777 2157 828 2215 he·
873 2160 1057 2234 potentiam
1079 2160 1115 2218 ist
1139 2164 1272 2234 paccata
1294 2158 1458 2235 compulsi.
1503 2156 1577 2216 Nou

135 2246 231 2306 mines
254 2244 293 2304 de
315 2243 496 2316 hominibus,
519 2243 630 2324 quibus
653 2245 685 2303 iu
707 2244 829 2323 culpam
877 2245 958 2305 euim
981 2245 1075 2304 sentit
1096 2251 1150 2303 aut
1163 2243 1239 2304 dicit
1258 2245 1394 2304 homines
1416 2263 1472 2324 per
1494 2242 1576 2304 divi·

96 2357 98 2362 ·
134 2333 316 2412 imputatur,
346 2333 372 2392 si
394 2329 638 2410 periclitantibus
665 2351 755 2411 opem
776 2340 831 2390 aut
876 2351 946 2390 nam
961 2330 1130 2412 potentiam
1146 2330 1179 2391 in
1194 2339 1321 2411 peccata
1336 2330 1499 2411 compelli:
1523 2330 1578 2391 sed

134 2437 194 2479 nou
216 2418 323 2494 ferant,
345 2427 400 2478 aut
421 2417 609 2479 subtrahant.
878 2427 1004 2479 eatenus
1020 2419 1113 2478 verba
1128 2417 1245 2479 Juliaui
1265 2417 1469 2497 reprehendit,
1492 2416 1578 2498 quod

176 2505 221 2564 At
249 2526 323 2575 vero
353 2507 438 2565 Deus
469 2524 559 2565 seusu
584 2505 649 2582 jam
679 2504 830 2584 explicato
878 2504 930 2564 ille
953 2505 985 2564 iu
999 2505 1066 2563 Deo
1088 2505 1224 2564 hemines
1244 2506 1308 2565 suis
1331 2503 1493 2565 desideriis
1516 2512 1578 2564 tra-

135 2589 257 2652 uadens
286 2592 423 2653 homines
453 2591 483 2650 in
505 2598 647 2669 peccata,
676 2598 770 2670 atque
800 2591 830 2649 in
878 2590 968 2651 dente
988 2589 1084 2652 selam
1114 2600 1295 2670 agnosceret
1322 2592 1502 2672 patientiam
1525 2591 1578 2651 de·

135 2679 336 2741 tentationem
358 2677 512 2746 inducens,
534 2697 636 2757 neque
659 2676 829 2757 culpandus
878 2677 1094 2758 relinquentis,
1116 2696 1177 2738 non
1200 2680 1292 2739 etiam
1315 2679 1483 2759 potentiam
1505 2698 1578 2759 ope·

135 2773 196 2838 ιιι,
226 2766 300 2846 quia
322 2764 396 2826 nihil
427 2765 570 2844 cuiquam
592 2763 698 2837 debet,
728 2782 830 2841 neque
878 2765 988 2840 rantis3
1012 2784 1081 2825 cum
1097 2764 1264 2844 Apostolus
1285 2765 1376 2845 hujus
1399 2767 1487 2846 epist.
1504 2784 1529 2824 c.
1548 2768 1577 2826 9.

134 2860 331 2931 peccatorum
362 2858 450 2910 autor
478 2849 637 2923 dicendus,
668 2852 740 2930 quia
769 2869 830 2908 uon
879 2851 971 2912 simul
985 2859 1148 2931 utrumque
1162 2854 1305 2933 posuerit,
1321 2852 1442 2912 dicens:
1465 2853 1501 2914 Si
1515 2869 1578 2913 vo·

135 2939 202 3018 ipsa
223 2945 352 3017 peccata
367 2946 519 3016 operatur,
542 2935 597 2996 aed
612 2956 649 2996 ea
662 2937 749 3009 bona,
765 2937 831 3016 qni·
879 2939 948 2999 leus
969 2940 1057 3000 Dassa
1079 2940 1243 3000 ostendere
1264 2943 1366 3015 iram,
1391 2946 1420 2998 ιι
1442 2939 1578 3000 demon·

134 3024 192 3085 bus
216 3026 247 3086 in
270 3025 383 3086 malum
401 3044 489 3084 suum
503 3022 638 3084 homiues
655 3024 830 3084 abutuntur.
878 3032 981 3085 strare
988 3031 1170 3101 potentiam
1181 3045 1283 3103 ιιιαιι,
1301 3027 1410 3087 attulit
1420 3027 1456 3086 in
1471 3026 1579 3086 multa

136 3108 288 3192 Operatur
318 3113 411 3172 etiam
440 3112 574 3171 actiones
603 3111 739 3170 malitiae
761 3109 831 3170 sub·
877 3114 1039 3188 patientia
1054 3130 1135 3174 οαιο
1149 3117 1230 3190 irae,
1246 3132 1329 3191 quac
1341 3114 1487 3192 perfecta
1502 3119 1579 3175 ιιιιιι

136 3205 259 3273 stratae,
289 3206 324 3257 ut
346 3196 496 3277 Theologi
518 3197 701 3277 loquuntur:
724 3197 777 3256 sed
800 3203 833 3256 et
878 3203 916 3260 in
934 3198 1157 3275 perditionem.

135 3283 313 3346 illaebonac
322 3293 400 3358 sunt,
413 3283 712 3345 etdeiishicnenest
723 3302 830 3344 sermo.
921 3286 1095 3347 Potentiam
1124 3307 1197 3349 vero
1228 3285 1297 3346 vult
1323 3288 1450 3366 agnosci
1480 3287 1512 3347 in
1533 3305 1579 3359 ιο,

178 3373 289 3434 Dices:
312 3373 410 3432 Αιιιοι
425 3380 472 3431 ιιι
486 3370 573 3431 Dens
588 3372 683 3432 omnis
698 3388 831 3451 poenae:
880 3371 964 3453 qued
993 3373 1074 3433 circa
1102 3383 1275 3453 peccatores
1304 3382 1449 3455 operatur
1483 3392 1578 3454 quae·

136 3458 163 3519 si
195 3479 267 3540 ergo
301 3457 451 3539 quaedam
480 3465 608 3538 peccata
638 3466 710 3519 sunt
740 3457 831 3518 etiam
881 3459 950 3520 dam
972 3461 1038 3520 sive
1063 3479 1210 3540 prospera
1238 3460 1304 3520 sive
1334 3459 1479 3533 adversa,
1511 3461 1578 3520 sive

135 3564 252 3626 poenae
273 3555 483 3626 peccatorum,
506 3563 696 3625 consequens
718 3553 774 3616 ιιι,
798 3552 834 3603 ut
880 3546 1130 3629 qualiacumque,
1161 3546 1272 3628 quibus
1303 3555 1338 3606 ut
1367 3547 1577 3607 occasionibus

137 3633 230 3693 etiam
247 3642 441 3714 peccatorum
455 3639 545 3692 autor
559 3633 607 3691 sit.
630 3631 831 3709 Respondes,
881 3641 936 3693 aut
956 3631 1145 3693 offendiculis
1171 3653 1226 3695 *eos
1249 3635 1372 3713 gravius
1395 3655 1431 3695 ac
1454 3635 1576 3714 turpius

135 3718 388 3800 quemadmodum
418 3717 449 3779 id
478 3738 539 3781 non
561 3719 702 3799 sequitur
724 3738 764 3778 ex
787 3736 832 3791 ιο,
881 3719 1048 3799 impingere
1075 3722 1248 3801 contingat:
1280 3741 1342 3780 uon
1370 3721 1401 3781 iu
1432 3741 1468 3780 ιο
1495 3719 1580 3800 qued

135 3805 219 3888 quod
252 3809 347 3869 omnis
380 3806 508 3867 actionis
541 3813 629 3866 autor
661 3813 708 3866 est
736 3805 832 3878 Deua,
882 3806 911 3866 in
926 3813 1052 3886 peccata
1066 3808 1188 3887 proprie
1204 3807 1375 3887 compellat.
1390 3808 1482 3867 Hunc
1498 3808 1579 3868 enim

135 3893 208 3953 licet
229 3892 379 3976 quasdam
402 3893 536 3953 actiones
557 3900 684 3972 peccata
699 3892 767 3963 sint,
790 3893 833 3953 ita
880 3891 1002 3953 modum
1021 3893 1159 3955 tradendi
1173 3894 1285 3955 diserte
1300 3893 1435 3956 excludit
1450 3901 1482 3955 et
1496 3894 1579 3954 dam-

135 3998 192 4042 nec
214 3981 354 4061 sequitur
369 4000 408 4040 ex
423 3999 469 4054 ιο,
492 3979 575 4061 quod
593 3987 682 4040 autor
704 3986 750 4039 est
772 3998 833 4038 om-
881 3987 934 4040 nat
955 3978 1042 4054 alibi,
1071 3999 1165 4060 quum
1193 3981 1267 4041 dicit
1287 3981 1388 4042 Deum
1415 3979 1580 4041 tradidisse

135 4066 182 4126 nis
207 4086 341 4148 poenae,
370 4066 442 4130 licet
463 4064 612 4148 quaedam
634 4084 752 4146 poenas
774 4066 835 4124 sint
881 4074 1056 4146 peccatores
1079 4068 1142 4126 suis
1164 4066 1335 4140 desideriis,
1358 4089 1420 4128 non
1441 4067 1580 4147 cogendo

136 4162 272 4233 peccata.
295 4154 374 4213 Nam
396 4155 475 4213 sicut
492 4153 587 4214 omnis
603 4153 731 4214 actionis
746 4160 835 4211 antor
880 4150 934 4212 sed
957 4151 1140 4228 deserendo,
1169 4162 1204 4214 ut
1225 4174 1312 4214 serm.
1336 4156 1363 4214 9.
1388 4154 1427 4215 de
1449 4154 1580 4216 diversis

137 4249 192 4314 ιιι,
214 4249 249 4302 ut
270 4242 351 4301 actio
374 4239 524 4321 quaedam
547 4248 601 4314 ιιι,
624 4260 685 4301 non
707 4246 743 4300 ut
763 4258 833 4318 pec·
882 4258 947 4318 cap.
969 4243 997 4300 9.
1015 4246 1046 4300 ιι
1067 4240 1118 4299 lib.
1142 4240 1181 4301 de
1203 4249 1312 4300 natura
1335 4251 1366 4301 et
1387 4243 1489 4320 gratis
1512 4261 1580 4322 cap.

136 4327 198 4388 cati
219 4326 439 4389 deformitatem
466 4325 573 4386 habet:
604 4328 647 4386 ita
675 4335 764 4387 autor
786 4333 835 4385 est
882 4326 931 4386 23.
945 4345 1000 4386 neo
1013 4346 1074 4386 nen
1089 4326 1140 4388 lib.
1160 4332 1185 4387 1.
1202 4336 1308 4389 contra
1324 4332 1352 4387 2.
1369 4330 1456 4408 epist.
1472 4327 1580 4408 Pelag.

138 4415 234 4475 omnis
255 4434 381 4495 poenae,
405 4420 558 4494 quatenus
576 4415 681 4492 justae
701 4413 834 4492 punitio·
881 4430 947 4491 cap.
966 4413 1023 4485 18„
1045 4413 1099 4474 ubi
1121 4413 1238 4475 tlisliaui
1260 4413 1373 4487 verbis,
1403 4414 1514 4495 quibus
1537 4416 1581 4475 di·

135 4503 184 4564 nis
206 4501 299 4564 habet
319 4502 476 4575 rationem,
498 4518 559 4561 nou
575 4508 725 4581 quatenus
741 4500 834 4560 etiam
880 4507 984 4561 xerats
1006 4501 1071 4561 Ncc
1092 4518 1130 4562 ιι
1145 4502 1208 4562 Dei
1219 4503 1369 4578 poteratis
1386 4502 1436 4562 vel
1451 4504 1488 4562 ia
1504 4519 1580 4561 ma·

135 4598 296 4669 peccatum
319 4605 387 4649 ease
408 4586 567 4666 contingit.
606 4585 710 4666 Atque
732 4584 766 4645 id
788 4593 836 4645 eat
881 4586 949 4648 lum
978 4587 1030 4648 vel
1056 4589 1094 4647 ia
1121 4586 1240 4649 bonum
1268 4590 1407 4649 inscitiam
1438 4589 1582 4665 aliquem

135 4675 220 4756 quod
241 4674 332 4737 docet
344 4669 536 4754 Augustinus
554 4671 605 4735 lib.
621 4671 660 4734 de
680 4669 834 4753 praedest
881 4675 967 4748 copi:
986 4672 1040 4734 sed
1051 4675 1190 4752 proprio
1205 4675 1373 4737 voluntate
1387 4683 1445 4736 aut
1460 4675 1582 4738 tecam
