3254 5190
428 296 686 353 trunchetum
705 298 894 355 contundet
910 298 995 353 im.
1019 297 1139 353 na.-2t.
1425 303 1497 373 645

73 474 645 635 percurrente
660 495 753 641 in:
802 473 1500 642 intergritatem?

73 649 185 711 alutem
200 660 360 730 apecteaae
397 650 499 724 Haec,
515 650 628 727 inquit,
645 647 753 719 omniu,
801 648 898 711 atolua
913 647 1052 722 adducit,
1066 667 1126 709 uon
1142 656 1189 709 eet
1202 649 1233 709 iu
1248 668 1301 721 eo,
1326 644 1409 728 quod
1423 647 1502 706 eicut

73 755 139 819 puae
154 738 398 808 commemoravi,
420 736 480 797 teci
494 744 527 796 et
540 735 617 795 iccio
633 742 754 815 propter
802 734 834 797 ia
860 735 911 797 illo
944 733 1084 795 currendi
1113 736 1280 797 certamine
1309 752 1387 795 uuus
1417 732 1501 794 eolne

73 821 273 901 &angelium
304 822 335 883 id
360 831 421 897 eet,
451 832 486 883 ut
515 842 555 882 ex
584 820 754 901 Evangelio
802 823 969 903 praemium
983 820 1098 894 aufert,
1114 821 1158 881 itu
1172 829 1204 882 et
1218 821 1283 896 hic;
1300 819 1440 881 eedeicut
1457 818 1499 880 ihi

73 908 173 971 hectun
188 926 281 990 quam
296 909 462 970 uberrimue
477 917 637 991 κονιατοῖς
668 908 753 987 cnjus
802 928 862 970 nou
877 927 996 981 omnen,
1010 908 1063 989 qni
1078 918 1216 981 currunt,
1242 908 1410 987 proemium
1424 906 1500 965 acci

73 996 466 1077 mquoquccunrcaetarie
477 992 754 1077 particepeetiiciar‚
803 997 904 1076 pinet,
935 994 987 1055 aed
1010 1013 1088 1055 uuna
1102 1002 1231 1057 tuntum:
1261 996 1305 1057 ite
1324 991 1416 1053 ethic
1442 1010 1501 1053 non

73 1080 115 1143 lca
135 1090 199 1153 eat,
227 1090 262 1141 ut
287 1101 347 1143 uun
373 1102 440 1143 cum
466 1082 526 1142 illia
551 1100 696 1160 assequar
718 1099 755 1140 ec
803 1101 920 1154 omnen,
934 1082 988 1162 qui
1002 1088 1136 1153 currunt,
1152 1078 1427 1160 comprehendunt3
1448 1076 1502 1137 aed

73 1168 150 1241 hana,
170 1186 252 1247 quaa
266 1169 414 1248 promittit
428 1167 638 1249 Evangeliuru
674 1166 755 1227 Naue
802 1169 824 1229 ii
839 1168 913 1239 aeli,
933 1167 1091 1247 quibem,
1114 1166 1250 1247 legitime
1264 1176 1296 1227 et
1308 1184 1500 1246 perseverun-

73 1252 175 1315 (ireaca
200 1273 261 1315 vox
282 1249 489 1331 συγκοινωνὸς
510 1254 755 1334 comparticipem
802 1263 992 1316 tercurrnut.
1014 1253 1082 1315 Hoc
1095 1255 1175 1314 euim
1186 1252 1322 1315 declarat
1332 1251 1500 1313 exhortatio

74 1340 214 1421 ripuihcat.
242 1341 365 1403 Etcum
380 1360 502 1404 tentum
516 1341 657 1422 explicet,
672 1338 755 1421 quod
805 1342 974 1421 anbjuncta.

74 1428 174 1489 'uina
195 1428 305 1509 capitia
327 1430 387 1489 ait:
410 1430 457 1490 Ne
476 1430 563 1506 forte
586 1446 657 1489 eum
683 1428 756 1487 etita
846 1430 897 1492 Str
919 1430 1052 1501 currite,
1074 1434 1111 1486 ut
1133 1426 1415 1503 comprehendatis.
1452 1422 1503 1485 Sic

73 1514 329 1599 prudtcuparim,
355 1518 423 1594 ipre
447 1516 600 1593 reprobet
625 1514 756 1592 afficior.
804 1514 910 1595 igitur,
932 1515 1046 1595 iuquit,
1069 1522 1101 1574 et
1114 1532 1169 1573 voa
1185 1514 1297 1575 currite
1311 1510 1442 1573 etodium
1457 1511 1500 1570 vi·

75 1598 173 1683 Quin
187 1622 221 1663 re
237 1599 483 1682 chrysostomus,
505 1603 633 1683 ejuequc
648 1620 754 1681 ecqua·
803 1610 853 1663 tae
876 1601 1080 1672 Christianae,
1102 1608 1137 1660 ut
1156 1600 1323 1686 praemium
1346 1596 1502 1677 accipiatia

75 1706 113 1749 cea
134 1686 311 1762 admonent,
339 1687 587 1751 considerandum
608 1688 756 1768 insignem
804 1690 888 1750 vitae
910 1696 1061 1748 aeternae.
1094 1685 1330 1768 hledua,'quem
1352 1682 1503 1765 significet

75 1770 146 1835 Pauli
167 1774 359 1853 modoetiam
386 1776 439 1855 qui
461 1794 529 1835 cum
550 1772 757 1836 excellentiori
805 1775 918 1845 dicens,
933 1779 977 1835 ar'c
991 1775 1119 1849 currite,
1135 1774 1161 1833 ie
1176 1783 1231 1846 eet,
1248 1783 1281 1835 ut
1296 1773 1374 1834 bene
1388 1780 1421 1833 et
1433 1789 1501 1851 per·

76 1862 190 1941 prauio
205 1861 318 1941 dignun
333 1871 428 1936 eaeet,
448 1860 623 1943 simpliciter
637 1880 670 1921 ae
684 1861 755 1921 tide·
804 1869 978 1923 reverenter
998 1869 1142 1920 curratur.
1181 1860 1312 1940 Quidem
1335 1858 1417 1921 euim
1439 1876 1502 1919 cur·
1606 1906 1616 1943 .·

75 1944 140 2009 hhae
155 1956 191 2008 ut
203 1948 362 2029 aequalem
388 1958 419 2010 et
434 1950 547 2010 socium
562 1948 711 2028 udjuugat
726 1948 757 2007 iu
805 1956 874 2009 runt
885 1947 975 2021 bene,
997 1945 1048 2006 red
1066 1947 1096 2005 iu
1118 1945 1197 2008 bono
1220 1966 1311 2008 curru
1327 1966 1388 2006 nou
1401 1964 1502 2025 peree-

74 2036 174 2097 hactua
188 2036 350 2114 Evangelii
364 2037 604 2118 participatione.
804 2042 928 2095 verant:
943 2032 1051 2113 qunlee
1067 2030 1206 2107 Galatae,
1220 2032 1330 2113 quibua
1341 2033 1385 2093 ait
1396 2051 1461 2112 cap.
1472 2032 1502 2092 5.

107 2121 183 2183 ilinc
198 2130 280 2183 recte
295 2122 451 2196 renuitur,
474 2143 534 2183 nou
557 2142 623 2183 eeee
640 2120 756 2181 cervilia
806 2121 989 2183 Currebatis
1000 2120 1095 2197 herm
1108 2138 1184 2200 quoe
1195 2128 1296 2181 tamen
1308 2120 1340 2179 iu
1350 2117 1401 2178 illc
1413 2137 1503 2179 curan

74 2208 167 2282 nini,
189 2209 325 2269 minum
340 2229 430 2290 quarn
446 2218 584 2288 oporteat
599 2208 699 2268 Deum
714 2205 756 2266 di·
805 2208 942 2287 queritur
964 2204 1133 2286 impeditor.
1171 2205 1261 2267 Unde
1283 2204 1386 2268 ethic
1411 2204 1502 2285 paulo

73 2292 194 2375 ligent‘n.
209 2296 237 2355 ai
252 2314 324 2355 rum
339 2297 412 2370 hoc,
427 2303 464 2357 ut
478 2299 514 2355 in
527 2298 642 2372 primia
655 2295 756 2370 plori-
805 2302 875 2374 poet
896 2293 935 2355 de
955 2294 1057 2375 aeipeo
1080 2292 1222 2373 loquens,
1243 2293 1370 2354 affirmat
1390 2309 1424 2351 ae
1439 2310 1504 2352 cur·

73 2380 170 2457 tuter
184 2382 272 2443 Deua
294 2377 456 2463 (quomodo
476 2382 606 2462 loquitur
621 2378 757 2461 synodus
805 2398 889 2454 rere,
903 2379 985 2442 haud
1000 2378 1122 2441 dubium
1135 2379 1230 2440 bene:
1246 2388 1278 2439 et
1293 2387 1394 2439 tamen
1403 2374 1504 2439 adhuc

74 2464 244 2531 motin·
269 2487 342 2529 aeea.
370 2470 398 2529 6.
425 2489 491 2549 cup.
520 2464 582 2544 11.)
609 2468 641 2528 iu
668 2466 756 2527 bouis
805 2486 839 2529 ae
854 2469 1004 2547 contigere
1018 2485 1124 2547 corpus
1146 2485 1233 2526 auum
1254 2464 1342 2539 dicit,
1363 2482 1403 2525 ne
1416 2460 1503 2538 forte,

73 2554 200 2635 rpuihua
210 2555 383 2615 mercedem
394 2556 464 2635 qnia
476 2558 642 2617 intueatur
652 2560 757 2614 arter-
806 2572 875 2615 cum
900 2554 968 2615 aliie
993 2552 1230 2633 praedicaverit,
1266 2554 1333 2632 ipae
1357 2549 1503 2631 reprobor

73 2656 153 2703 tumr
180 2638 426 2723 quandoquidem
446 2644 512 2722 ipee
532 2641 648 2702 Peulue
670 2638 702 2700 id
725 2658 757 2699 ee
807 2639 869 2701 fiet
913 2640 1040 2703 Ocnetat
1064 2640 1154 2719 igitur
1179 2658 1217 2701 ex
1247 2638 1304 2699 hoc
1330 2637 1503 2717 Scriptum

73 2724 161 2791 hene
186 2734 336 2801 tentatur,
360 2748 419 2790 uon
445 2729 493 2789 hic
518 2728 630 2801 nolum,
656 2727 712 2787 eed
727 2733 758 2797 et
806 2724 1192 2808 loco‚qnemadurodumex
1203 2725 1302 2787 multie
1311 2723 1503 2799 aliie,veram

73 2812 141 2877 elini.
162 2814 216 2875 Sic
239 2816 320 2875 euim
342 2816 385 2875 cit
402 2814 481 2877 Phil.
496 2816 526 2877 3.
545 2817 581 2879 ‚Si
599 2812 758 2891 quornodo
803 2815 950 2893 justitiam
967 2814 1062 2875 amitti
1077 2832 1183 2893 poene:
1210 2811 1292 2894 quod
1306 2819 1420 2892 negent
1433 2810 1502 2873 hae·

73 2918 230 2963 murrum
251 2902 295 2963 ud
310 2906 587 2975 resurrectionem,
609 2918 692 2977 quoe
715 2905 759 2959 art
806 2920 891 2964 reaee
904 2920 1011 2962 novae.

73 2988 256 3051 ammuh.
288 2988 332 3049 Et
345 2989 464 3050 iterum:
491 2990 542 3050 Ad
565 2987 758 3048 dertirtotrrm

73 3092 248 3152 rarecpuor,
270 3075 313 3135 od
329 3074 476 3137 bracium
490 3093 648 3153 supernae
663 3090 759 3135 cooa-
851 3074 901 3137 26.
926 3074 1036 3135 Omotr
1051 3080 1174 3148 autem,
1189 3074 1245 3149 qui
1260 3073 1296 3131 tre
1311 3088 1415 3146 cocae
1426 3086 1503 3133 core·

73 3163 164 3241 baia
197 3160 316 3223 ldoderu
330 3164 496 3242 pertinent,
518 3180 600 3242 quae
614 3159 664 3220 hic
678 3158 758 3220 dein·
807 3160 926 3234 tendit,
954 3158 994 3218 ab
1010 3158 1198 3221 amatium
1214 3158 1357 3219 chatinet.
1394 3157 1503 3229 Docet,

73 3258 325 3331 apaaeqnuntur.
807 3245 881 3329 quid
896 3243 1113 3307 observandum
1136 3246 1181 3317 ei,
1204 3243 1256 3324 qui
1275 3242 1352 3304 velit
1373 3245 1418 3304 eic
1439 3262 1503 3303 cur·

100 3336 153 3399 24·
177 3334 308 3397 Neacttt'a
328 3336 415 3412 quod
439 3338 482 3408 ii,
512 3336 568 3411 qui
594 3337 630 3394 tre
655 3332 758 3393 rtodto
807 3353 887 3407 rere,
917 3340 952 3392 ut
965 3330 1214 3413 comprehendet:
1241 3329 1335 3411 idque
1348 3349 1450 3391 rureue
1464 3328 1503 3389 eh

73 3428 211 3496 terreat,
238 3440 347 3483 omaca
372 3422 500 3499 quidem
526 3427 680 3493 crrrrrrrat,
705 3417 759 3481 red
808 3417 946 3498 exemplo
970 3438 1086 3494 eorum,
1106 3419 1160 3500 qui
1179 3416 1327 3499 corporali
1341 3417 1504 3477 certamine

73 3524 143 3569 m
163 3509 282 3585 arripit
301 3508 470 3569 bronium?
495 3507 546 3568 Ex
566 3504 759 3568 similitudine
808 3504 992 3569 contendunt
1005 3503 1044 3565 ud
1059 3505 1235 3585 praemium.
1270 3501 1386 3565 Graece
1400 3503 1504 3564 verbu·

73 3608 183 3664 mur,
197 3595 251 3674 qui
266 3614 354 3656 curru
369 3602 486 3655 certant
500 3594 634 3675 praemio
650 3611 756 3674 propo·
807 3594 859 3655 tim
874 3592 917 3653 sic
931 3591 1058 3653 hebent:
1081 3593 1191 3653 Omnia
1207 3598 1314 3653 aorem
1328 3592 1505 3666 aornim

73 3680 135 3753 nn,
155 3678 298 3755 cateudit,
319 3691 379 3742 tum
396 3680 454 3740 eibi
468 3701 558 3762 quum
580 3679 648 3741 aliia
662 3682 694 3741 in
708 3677 758 3738 do·
808 3678 918 3743 omnio
946 3686 1119 3755 temperat,
1157 3678 1188 3739 id
1218 3686 1279 3751 eet,
1312 3696 1366 3756 per
1395 3677 1503 3736 omnia

73 3766 157 3829 atu
180 3774 211 3827 et
231 3766 294 3827 vita
315 3766 490 3847 evangelice
512 3769 554 3828 ein
579 3766 759 3827 currendum
806 3762 995 3829 subauditur
1010 3767 1088 3826 euim
1103 3758 1192 3824 κατὰ.
1226 3764 1400 3844 Cyprianus
1414 3762 1504 3842 legit:

73 3870 143 3929 Ιο,
173 3861 210 3914 ut
238 3854 417 3933 praemium,
449 3852 532 3935 quod
561 3853 758 3933 Euangeliou
809 3854 918 3915 Omnia
933 3859 1059 3927 autem,
1083 3853 1138 3929 oui
1152 3854 1360 3929 operiretur,
1382 3852 1420 3911 ire
1434 3866 1505 3909 om·

73 3939 223 4012 mittit.
245 3938 285 4001 de
308 3961 368 4021 quo
391 3940 524 4013 dixent,
546 3948 583 4002 ut
594 3943 759 4017 particeps
807 3939 900 4001 rethur
915 3943 1080 4001 continear
1095 3945 1147 3999 cat.
1180 3939 1264 3999 Loce
1286 3943 1357 3997 eunt
1370 3934 1401 3995 iu
1416 3936 1503 4013 epiet

73 4026 284 4106 putentem,
307 4036 514 4109 coaequentur.
551 4029 700 4091 Stadium
715 4023 756 4085 lo·
807 4025 847 4086 ad
861 4034 946 4085 mart
970 4035 1001 4086 et
1021 4022 1132 4086 conice.
1156 4025 1194 4086 de
1209 4021 1394 4104 Mappalico,
1420 4019 1504 4083 etde

73 4132 113 4177 ΙΙ
127 4121 205 4187 erat
220 4114 253 4174 in
267 4134 328 4193 quo
343 4134 430 4175 curru
445 4112 615 4175 certabatur
630 4112 758 4193 pedibus
808 4112 923 4173 exhort
934 4112 1072 4191 martyrii
1083 4132 1147 4191 cap.
1161 4113 1191 4172 8.
1207 4111 1258 4172 Sic
1268 4110 1357 4169 etiam
1372 4106 1505 4169 reddidit

73 4208 112 4259 tut
123 4200 222 4279 equia-
244 4202 415 4275 ereetum,
431 4200 486 4262 aed
499 4202 601 4280 potine
613 4199 757 4271 brabium,
806 4199 886 4259 huuc
901 4196 1000 4259 locum
1022 4198 1141 4258 Ireunei
1160 4199 1305 4277 interpres
1327 4193 1377 4256 lib.
1393 4199 1423 4257 4.
1438 4214 1502 4275 cup.

73 4284 183 4367 neptia
196 4286 345 4363 rigniiicat
367 4288 544 4368 praemium,
568 4285 649 4367 quod
671 4285 759 4346 datur
808 4288 825 4345 7
828 4287 858 4345 2.
874 4283 937 4347 Sed
951 4285 1007 4359 hic,
1027 4287 1083 4361 qni
1099 4287 1300 4361 aporiantur,
1315 4283 1416 4343 notive
1432 4280 1502 4343 dici·

73 4370 167 4453 hqui
178 4386 220 4431 ax
230 4374 389 4435 certamine
400 4376 530 4435 victores
542 4384 619 4435 eunt.
635 4372 757 4434 Utrum·
806 4380 868 4444 tur,
889 4370 1075 4452 respondeus
1091 4372 1248 4450 participio
1270 4367 1355 4449 apud
1370 4366 1501 4429 Graecos

80 4476 123 4521 ua
144 4454 329 4519 vocubulum
355 4456 505 4520 Graecum
535 4469 592 4534 eet,
622 4451 757 4532 στάδιον,
805 4455 904 4519 medio
920 4448 1152 4535 ἀγωνιζόμενος.
1174 4456 1377 4519 Vallumouet
1391 4456 1421 4515 iu
1437 4452 1502 4513 vul·

73 4476 226 4623 hahetur,
249 4542 306 4606 aed
324 4544 383 4606 hoc
404 4545 455 4607 illo
470 4547 568 4608 minue
582 4551 757 4626 ueurputum
806 4553 877 4624 gete
892 4547 1028 4606 versione
1049 4562 1269 4623 supervacuam
1290 4561 1357 4605 neae
1378 4560 1502 4622 praepo·

73 4630 185 4697 'affl
218 4630 263 4695 ur
281 4650 336 4712 pro
357 4650 394 4693 eo
416 4630 546 4711 palmum
562 4632 668 4711 legunt
681 4652 758 4693 com·
806 4632 945 4692 eitiouem
959 4635 1005 4692 tri.
1036 4632 1094 4693 Eat
1116 4634 1202 4693 cntra
1224 4649 1312 4708 oport
1332 4636 1501 4703 certamen,

73 4726 210 4781 tentator
230 4717 449 4781 Ambroelneter
472 4730 503 4779 et
519 4721 690 4801 Cyprianus
704 4717 756 4779 lib.
805 4736 873 4779 aea
886 4718 984 4779 loorra
1016 4717 1139 4781 Rectius
1159 4722 1197 4781 ia
1218 4718 1285 4780 loco
1308 4716 1348 4781 ch
1366 4732 1502 4795 reponas,

112 4816 347 4859 curararum
362 4817 416 4857 τοι.
431 4817 447 4856 ν.
1254 4820 1294 4882 35
