3254 5190
139 268 187 335 oo
651 267 1061 320 66666666666666.

136 440 213 496 tiam
237 437 333 512 ficara
351 441 391 497 sit
408 443 577 514 promissio
600 445 688 501 omni
709 446 830 502 sernini.
879 443 992 516 babile;
1008 452 1040 502 nt
1055 442 1128 502 illud
1144 462 1181 503 66
1195 443 1256 520 fide
1273 443 1312 503 sit
1326 442 1518 514 absolutum,
1543 443 1580 502 61·

136 522 265 603 Quidam
278 523 400 584 codicus
410 534 447 585 ut
458 537 597 605 repetunt
609 529 665 588 hoc
676 531 780 589 modo:
796 538 832 588 ((1
879 542 928 588 661
943 528 1018 590 illud
1034 548 1071 590 ex
1091 531 1164 605 1696.

135 611 308 671 secundam
321 615 472 686 qratiam,
488 621 524 671 ut
536 615 629 688 firmo
641 619 830 691 6116666ιί6-
922 617 1093 676 Notandum
1109 635 1231 696 quoque
1247 636 1312 675 eam
1327 623 1453 697 partem,
1469 617 1527 692 qui
1544 632 1581 675 cx

135 701 180 758 sio
197 705 252 756 etc.
280 696 367 775 Quod
384 698 507 759 Graecis
523 712 758 762 consentaneum
775 714 828 773 est,
879 703 953 779 1696,
971 723 1030 761 666
1046 702 1094 761 hic
1110 702 1216 762 eodem
1232 701 1318 762 modo
1337 704 1431 775 sumi,
1454 721 1516 782 quo
1532 720 1579 760 su·

136 803 215 864 qnae
231 785 271 842 ita
293 794 416 844 sonant:
436 794 472 844 ut
491 789 662 847 secundum
677 792 829 864 prot-iam,
878 811 940 868 pra,
956 810 1021 848 cnm
1045 787 1137 848 dixit:
1164 792 1199 850 Si
1223 791 1324 863 crtim,
1353 791 1409 866 qui
1433 807 1471 849 66
1495 788 1561 863 1696
1567 833 1579 864 ,

136 870 179 930 ad
194 873 250 929 troc
264 878 300 928 ut
310 872 404 947 firmo
419 874 458 931 sit
470 877 648 947 promissio,
672 877 785 934 Annuit
801 884 832 934 ct
878 876 1025 935 haeredes
1040 884 1129 951 suat,
1157 874 1322 935 seeundum
1344 873 1577 956 probabiliorem

137 960 228 1035 Syrus
244 955 462 1035 paraphrastes.
484 959 624 1020 Procedit
640 971 829 1039 argumenta·
879 962 957 1022 illius
973 963 1031 1021 loci
1047 962 1272 1041 expositionem.
1285 962 1350 1022 Nec
1366 962 1482 1021 mirum.
1499 960 1577 1020 Nem

136 1045 177 1104 tio
193 1042 281 1102 Pauli
297 1064 315 1102 a
331 1043 477 1103 divisione
499 1047 556 1106 hoc
578 1046 680 1105 modo:
697 1049 759 1106 Aut
778 1068 831 1126 per
879 1058 910 1108 61
932 1048 1071 1126 sublege
1095 1069 1161 1108 esse
1184 1069 1242 1106 666
1267 1068 1325 1106 666
1347 1046 1436 1107 modo
1460 1066 1581 1126 semper

135 1130 233 1207 legem
257 1130 410 1208 implenda
437 1141 482 1189 est
507 1135 664 1212 promissio
691 1133 832 1193 Abrahae
879 1134 959 1214 apud
973 1134 1100 1193 Paulum
1116 1135 1277 1212 accipitur,
1303 1143 1336 1192 ut
1357 1142 1442 1214 patet
1468 1152 1579 1213 expen-

135 1216 226 1286 facta,
241 1224 293 1274 aut
307 1237 362 1294 per
376 1215 480 1289 fidem3
496 1221 580 1298 atqui
590 1239 643 1298 per
663 1219 759 1298 legem
771 1241 832 1279 666
880 1220 962 1280 (16611
977 1220 1044 1279 1666
1063 1227 1076 1280 l
1096 1221 1163 1281 Cor.
1181 1222 1209 1279 9.
1227 1219 1294 1280 Gal.
1312 1223 1340 1279 4.
1358 1229 1388 1279 et
1404 1220 1433 1279 5.
1447 1228 1480 1279 et
1491 1218 1580 1298 hujus

135 1301 253 1381 impleri
264 1302 327 1378 jam
344 1312 493 1363 66166666
510 1314 564 1367 661,
581 1315 674 1365 restat
688 1307 787 1383 igitur,
799 1317 832 1366 ut
880 1307 1027 1385 epistolae
1043 1327 1107 1385 cap.
1120 1309 1147 1366 6.
1158 1307 1218 1365 Η16
1230 1325 1300 1384 ergo
1314 1305 1462 1380 dicuntur,
1474 1310 1533 1383 qui
1544 1323 1580 1365 66

135 1409 174 1448 ex
189 1387 247 1446 fide
263 1398 292 1447 ct
306 1408 360 1466 ρ6ι·
376 1389 464 1447 fidem
479 1393 636 1470 impleatur
662 1391 752 1471 Quod
765 1414 829 1451 con·
879 1395 956 1468 1696,
974 1392 1004 1452 id
1020 1401 1073 1464 est,
1090 1395 1144 1472 qui
1159 1393 1256 1471 legem
1271 1400 1462 1471 acceperunt,
1479 1402 1516 1451 ut
1530 1412 1579 1452 an·

135 1494 264 1553 sequens
294 1474 342 1532 hic
371 1477 498 1554 amplius
523 1480 587 1556 jam
615 1479 766 1538 confirmat
792 1500 830 1537 ex
880 1481 996 1538 tithesis
1012 1489 1144 1556 constet;
1160 1477 1308 1558 quomodo
1323 1481 1455 1557 passim,
1471 1481 1529 1556 qui
1544 1496 1580 1539 cx

133 1559 249 1620 duobus
265 1561 382 1619 omnino
401 1564 568 1624 statuendis
586 1573 615 1622 et
631 1563 830 1644 agnoscendis
879 1568 1133 1640 circurnetsione,
1158 1564 1188 1624 id
1211 1575 1272 1639 est,
1297 1565 1473 1626 circumcisi.
1502 1561 1581 1624 Illud

133 1648 163 1706 16
179 1647 239 1706 1)61
254 1649 464 1725 promissione,
491 1671 569 1730 quae
593 1660 661 1710 6661
684 1654 779 1730 gratia
802 1660 831 1709 61
880 1654 975 1725 61166,
992 1656 1046 1729 qui
1063 1672 1100 1713 66
1116 1653 1187 1728 fide,
1218 1651 1431 1732 exponendum
1447 1672 1516 1710 666
1532 1669 1580 1710 ex·

133 1733 313 1793 universalis
325 1744 414 1813 atque
427 1736 594 1796 omnimoda
604 1738 735 1798 firmitas.
747 1738 829 1809 Ideo,
879 1739 1009 1798 elusione
1024 1741 1132 1818 prioris
1148 1739 1251 1817 partis,
1269 1741 1324 1814 qui
1341 1738 1471 1813 661696.
1490 1733 1581 1816 Quod

131 1821 246 1898 inquit,
270 1840 306 1879 ex
323 1820 396 1891 fide,
418 1832 451 1881 ut
476 1825 630 1903 promissio
647 1833 829 1902 agnoscatur
879 1826 974 1905 liquet
996 1845 1032 1884 ex
1056 1844 1144 1884 sensu
1169 1823 1254 1897 dato,
1278 1845 1306 1904 q.
1323 1823 1351 1883 d.
1368 1825 1421 1903 qui
1442 1823 1580 1904 quamvis

132 1908 263 1985 gratuita
279 1915 309 1965 et
325 1906 464 1968 indebita.
486 1911 527 1968 Et
549 1930 680 1980 rursum,
708 1921 741 1969 ut
764 1932 828 1989 pro·
878 1932 938 1970 666
952 1912 1010 1970 6161
1024 1933 1061 1970 ex
1075 1911 1159 1990 1636,
1182 1919 1253 1970 6661
1274 1918 1372 1970 16666
1389 1930 1429 1969 ex
1443 1910 1521 1983 fide,
1543 1909 1580 1968 si·

132 1993 233 2053 missio
249 1992 383 2053 firmetur
398 2016 433 2055 ac
449 2006 515 2054 rats
539 1996 577 2055 sit
599 2016 687 2076 super·
710 1999 827 2056 nniver-

132 2097 197 2139 666
214 2099 317 2139 66666
334 2081 485 2154 Abrabae,
502 2081 533 2141 id
550 2090 611 2152 661,
627 2092 690 2143 166
705 2083 744 2142 ad
756 2104 827 2163 366-

131 2165 198 2225 11166
222 2185 311 2246 quam
334 2166 374 2226 ad
395 2168 531 2230 Judaeos
556 2178 698 2242 extensa,
722 2172 829 2249 utqui

131 2271 234 2312 omnes
255 2253 285 2312 in
308 2256 422 2315 semine
447 2256 588 2315 Abrahae
615 2266 829 2335 computantur.

130 2336 209 2400 Nam
225 2341 250 2399 61
267 2340 389 2419 exlege
409 2343 564 2423 promissio
586 2341 732 2402 firmanda
755 2352 829 2416 erat,

133 2447 171 2487 66
184 2446 254 2508 pars
269 2429 389 2489 seminis
404 2429 561 2499 Abrahae,
579 2429 627 2488 cui
642 2428 694 2488 lex
708 2450 767 2489 non
783 2439 830 2489 est

129 2514 230 2588 (16166
237 2515 383 2593 ριο61666
391 2514 826 2575 benedictioneexcluderetur.

172 2601 344 2660 Notandum
359 2611 458 2661 tamen
474 2601 528 2660 bas
545 2601 620 2661 (1666
636 2601 767 2663 rationes
788 2604 828 2662 ita

130 2689 225 2767 accipi
239 2707 337 2766 posse,
354 2698 387 2748 ut
402 2690 482 2767 prior
495 2688 533 2746 ad
546 2688 741 2767 posteriorem
753 2690 827 2751 refe·

130 2784 227 2848 ratur3
245 2772 274 2832 id
298 2774 379 2852 quod
395 2773 513 2836 Graeca
528 2775 619 2834 lectio
635 2774 755 2835 videtur
766 2778 827 2836 cxi·

129 2882 208 2938 gere.
222 2860 302 2920 Turn
315 2880 419 2921 sensus
431 2864 502 2920 erit:
520 2861 589 2920 ideo
603 2863 827 2940 promissionem

130 2968 167 3008 ex
184 2945 244 3006 fide
261 2948 457 3025 implendam,
474 2946 687 3008 6166666166
703 2949 827 3025 gratiam

130 3033 279 3114 implenda
305 3045 500 3113 agnoscetur,
524 3045 553 3093 61
574 3033 640 3093 ideo
664 3035 827 3095 secundum

129 3122 270 3200 gratiam,
293 3131 327 3182 ut
341 3123 425 3182 firma
447 3124 487 3181 sit
500 3141 589 3200 snper
599 3121 769 3180 universum
782 3142 825 3181 se·

128 3230 197 3268 men
212 3207 362 3268 Abrahae.
396 3208 629 3268 Considerarunt
652 3207 826 3267 116666611-

128 3317 196 3357 nem
213 3295 466 3376 Theopbylactus
483 3305 512 3355 et
530 3294 740 3355 Oecnmenius.

173 3384 248 3442 Non
264 3386 375 3458 61,6(ιι“
391 3402 428 3444 ec
441 3384 508 3458 lcpc
525 3389 578 3456 est,
595 3382 713 3456 solam,
730 3382 782 3441 scd
798 3388 827 3439 ot

129 3472 157 3528 ci
165 3514 174 3543 ,
199 3473 254 3545 qui
270 3488 307 3531 cx
322 3470 384 3546 fide
404 3478 447 3529 661
462 3470 619 3530 Abrahae.
651 3471 712 3546 (lui
728 3469 826 3547 potius

128 3557 213 3633 qaod
229 3566 359 3634 utroque
375 3557 450 3615 loco.
475 3557 552 3616 Nam
577 3554 704 3614 refertur
726 3554 764 3611 ad
781 3574 824 3612 se·

128 3663 205 3702 men.
231 3642 319 3723 Quod
335 3645 413 3703 enim
429 3643 518 3703 dixit:
542 3644 631 3702 carni
645 3643 777 3713 6666161,
796 3638 825 3697 id

128 3739 189 3802 661,
205 3731 259 3789 1611
275 3731 399 3804 semini,
425 3730 558 3808 explicat
574 3749 628 3807 per
644 3726 824 3786 distributio·

127 3836 204 3876 nem.
229 3818 269 3875 Et
281 3837 386 3876 666666
403 3827 462 3877 661;
477 3818 590 3875 firmam
604 3823 633 3872 61
645 3823 737 3873 ratam
750 3811 825 3871 effici

127 3905 353 3981 promissionem
369 3925 428 3963 non
440 3913 557 3962 tantum
571 3902 598 3960 ci
611 3900 731 3971 semini,
744 3896 825 3977 quod

128 3989 248 4068 exlege
265 3999 325 4060 661,
353 3989 459 4063 idest,
483 3988 624 4058 Jrrdaeis,
652 3985 760 4064 quibus
776 3985 826 4042 lex

128 4075 197 4135 (1616
212 4075 276 4148 fuit,
292 4077 345 4135 sed
363 4085 392 4134 et
407 4078 442 4148 ei,
458 4075 540 4154 qnod
557 4093 596 4133 cx
607 4073 667 4132 tide
679 4072 824 4130 6616166-

879 1997 994 2057 6611111.

922 2086 983 2162 Qui
989 2092 1082 2159 poter
1095 2091 1139 2142 est
1151 2087 1299 2143 omniura
1312 2090 1468 2143 nostrum.
1482 2083 1581 2141 Pater

877 2169 1042 2250 perfidem,
1059 2173 1202 2230 ornatam
1217 2178 1374 2244 nostrum,
1392 2167 1506 2240 idest,
1523 2188 1581 2227 666

878 2256 973 2316 66166
989 2251 1183 2327 dudaeoium,
1199 2255 1252 2316 sed
1268 2265 1298 2315 61
1315 2255 1461 2334 gentium.
1491 2253 1580 2315 Unde

878 2341 1014 2404 sacerdos
1030 2342 1068 2400 ad
1085 2344 1194 2412 altare,
1219 2342 1348 2401 omnium
1371 2340 1507 2403 fidelium
1530 2361 1579 2403 no·

877 2432 957 2488 mine
972 2429 1114 2506 loquens,
1128 2428 1279 2488 Abraham
1294 2428 1498 2507 patriarcham
1514 2448 1578 2488 nos·

877 2526 952 2576 trum
969 2524 1067 2573 vocat.
1090 2514 1231 2593 Sequitur
1246 2513 1391 2594 probatio.

923 2606 969 2661 17.
994 2598 1093 2673 (Sicut
1109 2604 1262 2676 scriptum
1279 2607 1322 2660 661
1328 2644 1339 2674 ,
1356 2603 1436 2677 quia
1449 2609 1579 2677 patrem

877 2691 1053 2749 6661166666
1064 2690 1207 2762 peritiam
1216 2690 1311 2763 posui
1323 2686 1376 2765 tc).
1389 2687 1426 2746 ld
1440 2696 1495 2761 est,
1513 2708 1579 2747 con·

877 2776 962 2834 611161
979 2784 1015 2846 16,
1031 2774 1172 2832 videlicet
1187 2771 1449 2854 praeordinatione
1464 2794 1503 2835 66
1515 2795 1579 2853 pro·

878 2864 974 2941 posito
991 2863 1162 2919 certissimo.
1183 2861 1251 2920 Hoc
1268 2857 1390 2939 quidem
1406 2859 1445 2919 ad
1462 2860 1581 2920 literam

877 2949 914 3008 de
931 2947 1043 3007 6666611
1062 2949 1240 3026 posteritate
1265 2946 1375 3005 dictum
1395 2955 1458 3018 661,
1478 2965 1580 3028 6666·

877 3033 1035 3094 admodum
1055 3034 1128 3092 satis
1144 3043 1270 3113 apparet
1288 3034 1462 3121 inspicienti
1481 3034 1580 3093 locum

877 3124 1040 3199 scripturae
1057 3119 1166 3180 (tenes.
1186 3120 1248 3193 17„
1271 3121 1472 3200 6166661166
1490 3119 1580 3179 (1666

877 3207 1030 3285 impletum
1054 3213 1107 3264 est.
1132 3207 1209 3265 Nam
1233 3214 1264 3266 et
1286 3205 1416 3265 carnalis
1438 3206 1582 3266 Abrahae

876 3294 1033 3373 posteritas
1049 3293 1139 3371 16636
1154 3313 1220 3352 sese
1236 3301 1322 3352 extra
1336 3300 1461 3371 gentem
1480 3293 1579 3353 16666-

875 3381 985 3439 liticsm
997 3380 1129 3458 protulit,
1145 3387 1178 3437 61
1189 3378 1227 3439 ad
1240 3378 1409 3439 Ismablitas
1423 3381 1580 3459 siveAga·

879 3485 981 3536 renos,
1001 3467 1102 3544 quise
1118 3464 1285 3525 Saracenos
1308 3464 1484 3543 appellant3
1511 3466 1580 3527 item

876 3551 913 3610 ad
935 3550 1115 3610 bladianitas
1141 3560 1171 3610 61
1200 3552 1292 3623 61166,
1321 3570 1397 3629 6666
1422 3559 1582 3613 enumerat

876 3640 1024 3716 scriptura
1050 3636 1124 3697 Gen.
1149 3638 1198 3696 25.
1223 3638 1368 3716 Denique
1392 3637 1486 3698 etad
1511 3638 1580 3703 Idn-

875 3744 983 3784 maeos.

919 3811 1039 3869 Minime
1055 3818 1153 3869 tamen
1176 3808 1305 3883 dubium,
1324 3810 1395 3890 6616
1407 3812 1540 3888 mystico
1552 3818 1583 3872 et

876 3895 1041 3955 sublimiori
1056 3916 1145 3956 66666
1158 3899 1307 3976 pertineat
1322 3916 1358 3955 66
1370 3898 1532 3976 promissio
1545 3894 1583 3956 ad

876 4003 975 4044 semen
988 3982 1150 4062 spirituale,
1167 3983 1247 4063 quod
1259 3980 1392 4041 futurum
1406 3993 1473 4042 erat
1486 3984 1581 4043 multo

875 4071 1061 4129 numerosius
1077 4072 1189 4129 semine
1202 4069 1332 4140 carnali,
1351 4068 1458 4141 idest,
1475 4068 1516 4129 ad
1533 4090 1582 4149 po·

127 4161 193 4233 bac,
210 4161 239 4222 id
256 4171 310 4237 est,
328 4164 496 4242 gentilibus,
513 4162 565 4240 qni
580 4160 650 4218 licet
665 4157 825 4217 secundum
874 4157 960 4236 pulos
977 4155 1090 4225 fideles,
1106 4175 1231 4233 quorum
1244 4155 1397 4214 Abraham
1415 4163 1506 4234 pater·
1520 4164 1584 4216 erat

127 4268 245 4307 carnem
269 4271 327 4309 non
354 4252 414 4309 sint
437 4249 586 4327 progeniti
609 4267 647 4304 ex
664 4245 824 4315 Abraham,
876 4244 1013 4322 exemplo
1030 4240 1108 4300 fidei.

126 4354 226 4414 neque
238 4336 334 4414 legem
348 4337 526 4415 acceperint,
540 4343 610 4392 sunt
623 4343 720 4390 16666
730 4331 823 4389 Abra·
919 4330 1133 4389 Verumtamen
1146 4339 1176 4387 et
1189 4327 1262 4387 illud
1275 4325 1441 4396 sciendum,
1457 4331 1582 4407 promis·

126 4423 183 4480 hac
200 4442 300 4481 semen
316 4417 823 4501 666161161166661161066666·
876 4420 985 4476 616666
1013 4416 1204 4493 paternitatis
1231 4414 1395 4493 spiritualis
1422 4416 1584 4474 multarum

127 4509 193 4566 nius
210 4524 370 4568 extremam
388 4509 550 4569 dictionem
564 4507 712 4566 Abrahae
724 4505 826 4582 jungit
875 4505 1019 4583 3661166,
1037 4501 1175 4560 Abrahae
1191 4501 1319 4572 factam,
1337 4501 1583 4561 exordinatione

126 4614 190 4653 cum
208 4600 334 4668 6666166,
351 4596 401 4653 61ιί
418 4595 526 4653 (116166
544 4603 589 4653 661
602 4594 825 4664 ornnisemini,
875 4591 978 4649 divina
993 4607 1050 4648 non
1067 4588 1160 4648 161666
1175 4587 1396 4667 praestandam,
1414 4590 1472 4648 nisi
1490 4591 1581 4649 inter·

125 4690 155 4742 61
170 4679 244 4744 facit
258 4681 454 4764 hyperbaton.
479 4680 569 4762 Quod
583 4701 642 4738 mm
658 4687 703 4738 est
718 4678 823 4758 impro
875 4678 1014 4737 veniente
1026 4676 1218 4753 generatione
1229 4675 1351 4746 carnali,
1369 4695 1429 4755 qua
1446 4674 1584 4738 futurum
