3254 5190
135 282 211 360 teu
609 276 613 295 ·
634 284 868 342 mensuremus
885 282 916 340 m
935 276 1003 342 uss.
1023 274 1099 342 im·

134 460 659 543 lioumlrocpraeceptumpe'rtiueat.
684 463 832 543 Quamvis
878 454 1580 544 eDeoinstitutaestlmmediatesqui'eGliristus

133 556 236 610 eutem
250 557 365 610 tautum
377 547 415 608 de
426 557 577 629 potestate
590 552 738 611 saeculari
753 551 831 611 Peu·
878 553 943 633 lpse
958 568 1028 612 suos
1042 550 1222 631 Apostolos,
1246 557 1278 610 et
1298 550 1443 628 imprimis
1457 550 1580 611 Petrum

133 636 181 695 lus
197 645 269 716 agat
284 636 429 710 hocloco,
445 638 522 696 sicut
536 656 604 698 eum
618 638 833 699 intellexeruut
879 640 1010 719 ejusque
1023 656 1213 698 successores
1232 637 1382 697 eeclesiae
1397 655 1472 696 suae
1486 643 1580 696 recto·

135 730 367 784 omnesveteres
380 732 701 785 commentatorestsm
714 722 831 799 Graeci,
878 745 927 786 res
943 726 1103 786 coustituit.
1140 726 1190 785 Ex
1204 744 1267 804 quo
1281 722 1460 785 discrimine
1474 722 1580 804 liquet,

134 828 224 889 quam
238 810 348 883 Latini,
364 830 493 871 necnon
501 812 830 891 Augustinusinepist.
879 812 1101 872 ecclesiasticae
1125 812 1268 892 potestati
1294 831 1355 871 non
1380 811 1499 882 minus,
1530 807 1581 869 sed

134 896 200 969 54,
216 914 296 975 quae
311 907 358 957 est
373 897 414 959 ad
428 896 555 973 Maced,
571 896 653 978 qnod
667 909 700 960 et
710 908 830 959 cuntor-
878 900 976 977 magis
987 916 1027 957 ec
1042 900 1144 980 potine
1158 914 1253 978 quam
1266 897 1423 972 saecultri,
1439 894 1579 956 obedien·

131 992 180 1042 tus
195 985 340 1044 sermonis
355 992 386 1045 et
400 983 496 1063 gladii
511 985 737 1046 actributorum
748 1000 830 1046 men·
879 986 954 1045 tiam
976 1005 994 1045 u
1016 985 1153 1046 fidelibus
1179 985 1299 1059 deberi3
1328 982 1581 1065 quemadmodum

131 1072 173 1129 tio
189 1071 262 1130 sads
277 1069 406 1148 indicet,
427 1079 631 1133 verumtamen
647 1071 726 1135 idem
741 1073 832 1152 plane
879 1071 1003 1153 pulchre
1017 1073 1212 1132 ratiocinetur
1222 1080 1256 1132 et
1264 1070 1381 1150 colligit
1391 1072 1424 1132 S.
1439 1071 1581 1131 Boetius

132 1155 171 1218 de
185 1164 338 1236 potestate
351 1157 556 1220 ecclesiastice
567 1159 754 1220 sentiendum
769 1168 831 1234 eet,
879 1160 910 1219 in
925 1158 976 1218 lib.
992 1158 1031 1218 de
1046 1161 1165 1219 constit
1180 1158 1318 1221 munaolu
1334 1172 1400 1238 cap.
1418 1157 1470 1218 22.

131 1241 170 1304 de
185 1263 317 1325 quanon
331 1247 446 1320 minus,
463 1248 521 1306 imo
536 1265 609 1308 vero
624 1249 721 1327 magis
737 1258 831 1327 atque
922 1245 1014 1326 Quod
1032 1265 1104 1308 veru
1124 1245 1235 1306 Graeci
1256 1252 1509 1307 commentatores
1531 1262 1580 1303 an·

130 1331 830 1413 perfectiuslrebetveritatemratiosubjuncts:
879 1341 997 1408 notant,
1028 1354 1088 1393 non
1109 1332 1225 1393 dixisse
1248 1331 1443 1412 Apostolum,
1477 1348 1581 1390 omnes

174 1420 247 1481 Non
274 1427 317 1480 est
343 1424 426 1481 euim
450 1427 589 1497 potestas
614 1424 679 1482 ote
704 1440 725 1480 ο
752 1422 830 1482 Deo.
878 1421 1030 1500 principes
1042 1422 1275 1482 institutos-esse
1289 1420 1395 1492 a'Deo,
1409 1416 1466 1478 sed
1483 1420 1579 1498 ipsam

130 1505 294 1566 Potestatis
308 1510 428 1568 nomine
452 1506 644 1588 superioritas
667 1509 743 1589 ipsa,
769 1524 831 1589 qua
877 1514 1068 1589 potestatem,
1089 1524 1127 1568 eo
1150 1507 1239 1588 quod,
1260 1507 1317 1566 etsi
1334 1506 1581 1587 potatesaDac

42 1596 44 1600 '
131 1594 203 1672 quis
216 1593 270 1653 elii
284 1595 336 1654 vel
350 1595 419 1654 aliis
430 1594 570 1674 regendis
584 1595 759 1675 preelectus
775 1604 830 1670 est,
878 1598 923 1668 eit,
940 1601 1114 1657 nontamen
1129 1596 1168 1655 sit
1183 1603 1278 1667 autor,
1293 1601 1326 1654 ut
1341 1592 1474 1674 exempli
1490 1610 1580 1654 casm

129 1678 269 1740 hocloco
285 1680 480 1761 intelligitur3
502 1690 536 1742 ut
550 1691 596 1743 est
610 1701 729 1763 regum,
748 1683 829 1762 prin·
878 1682 976 1756 Nero,
1000 1682 1190 1742 Domitianus
1211 1689 1262 1741 aut
1276 1681 1487 1742 Diocletianus
1500 1681 1578 1760 prin·

131 1769 247 1847 cipum,
260 1768 504 1848 magistratuum
523 1771 598 1830 item
613 1773 829 1851 episcoporum,
879 1771 1013 1849 cipetum
1036 1779 1136 1849 gerat3
1167 1788 1205 1828 ne
1230 1771 1416 1829 contrarium
1438 1767 1580 1828 viduetur

130 1863 304 1935 parentum,
332 1854 524 1917 dominorum.
561 1857 702 1919 Potestas
727 1867 830 1919 cutem
878 1858 990 1937 apertis
1019 1857 1195 1937 Scripturis,
1225 1874 1306 1936 quae
1330 1855 1459 1928 docent,
1485 1856 1579 1914 etiem

131 1946 293 2023 usurpate,
323 1943 491 2022 cujusmodi
512 1952 558 2005 eet
578 1953 777 2024 tyrannorum
800 1952 830 2004 et
878 1945 972 2005 malos
987 1945 1138 2022 principes
1153 1958 1212 2003 non
1235 1942 1357 2004 aliunde
1371 1960 1464 2022 quam
1480 1961 1501 2001 e
1514 1943 1579 2002 Deo

129 2029 295 2106 latronum,
317 2050 377 2089 non
393 2038 439 2091 est
454 2030 592 2092 absolute
607 2040 758 2110 potestas,
773 2050 829 2092 nec
878 2030 1068 2112 principandi
1082 2036 1263 2110 potestatem
1278 2029 1399 2101 habere,
1423 2047 1578 2108 exponen·

130 2118 341 2195 superioritas,
371 2118 451 2177 sicut
477 2125 509 2178 et
526 2118 620 2198 ’leges
647 2117 769 2180 inutiles
794 2137 830 2178 ac
879 2117 948 2198 duro
963 2136 1040 2190 reor,
1055 2117 1105 2176 vel
1121 2117 1160 2176 dc
1173 2117 1254 2175 mela
1269 2116 1432 2196 adeptione
1447 2124 1578 2195 potem·

129 2201 228 2264 malae
243 2223 303 2264 non
318 2212 387 2263 sunt
402 2204 502 2284 leges,
529 2208 649 2266 tametsi
664 2215 695 2266 et
709 2205 767 2266 hoc
781 2224 830 2284 ge·
878 2206 933 2278 tis,
948 2203 1052 2265 uelde
1067 2205 1148 2266 malo
1165 2205 1232 2283 ejus
1248 2222 1312 2263 usu.
1346 2203 1397 2262 De
1412 2220 1482 2283 quo
1490 2201 1580 2264 debet

130 2308 187 2350 nus
203 2291 366 2370 potestatis
381 2306 435 2350 suo
450 2292 541 2353 modo
557 2312 576 2351 a
591 2291 659 2352 Deo
676 2294 723 2366 sit,
739 2290 830 2352 atilli
879 2288 1017 2371 intelligi,
1030 2290 1113 2369 quod
1128 2289 1209 2370 apud
1224 2287 1303 2350 Osee
1310 2289 1500 2370 Propuetsm
1515 2308 1577 2371 esp.

127 2385 319 2457 praesentem
342 2380 520 2439 sententiam
541 2377 692 2439 intertium
716 2384 829 2439 ccccm»
876 2382 908 2440 S.
932 2377 1005 2438 dicit
1027 2377 1193 2438 Dominus:
1217 2377 1285 2452 Ipsi
1306 2385 1532 2451 reynoummt
1551 2382 1578 2435 et

127 2462 232 2523 modet
245 2465 450 2546 Augustinus,
462 2464 593 2537 docens,
617 2484 683 2525 eam
698 2472 829 2544 potesta·
877 2474 946 2527 uon
959 2482 998 2525 ec
1008 2482 1075 2524 ute:
1093 2466 1260 2540 principes
1270 2466 1457 2536 actiterunt,
1474 2471 1578 2525 neue

126 2556 206 2622 tem,
223 2568 286 2630 qua
297 2553 459 2612 daemones
475 2560 506 2612 et
519 2551 589 2612 mali
605 2551 741 2612 homines
757 2552 830 2610 aiiii·
878 2553 1017 2627 eopeoui.
1054 2552 1179 2610 Rectius
1203 2557 1303 2611 sutem
1320 2550 1361 2617 ·S‚.
1389 2548 1577 2610 Thomasir

128 2638 204 2716 g'u'nt
220 2644 251 2696 et
265 2643 379 2698 vexent
393 2634 505 2712 bonos,
529 2637 630 2697 domm
652 2638 713 2698 illis
730 2655 831 2700 esses
878 2639 1090 2698 commentario
1103 2636 1181 2696 haec
1192 2638 1291 2696 omnia
1302 2634 1578 2697 docteeteccurste

128 2721 206 2781 Deo.
231 2725 337 2801 Neque
354 2726 456 2798 euim,
484 2724 599 2804 inquit,
622 2725 715 2786 hebet
728 2727 765 2784 iss
780 2739 831 2785 eos
878 2723 1053 2805 distinguit,
1067 2731 1244 2804 potestatem
1258 2723 1362 2803 ipsam,
1376 2721 1502 2785 modum
1518 2723 1576 2784 adi·

128 2811 298 2885 quaequam
322 2810 427 2871 ullum
453 2816 659 2887 potestatem,
689 2814 753 2873 niet
779 2812 831 2870 cui
877 2809 1013 2893 piscendi
1027 2819 1225 2889 potestatem,
1248 2817 1280 2868 et
1300 2825 1388 2869 usum
1403 2813 1577 2888 potesis:

128 2895 208 2953 dete
222 2897 482 2974 fuerit-demper.
520 2899 595 2958 Nost
610 2905 655 2957 est
669 2901 755 2960 euim
767 2915 830 2973 po·
877 2896 988 2957 docens
1003 2896 1077 2976 quid
1092 2896 1196 2955 horum
1212 2902 1401 2974 etquatenus
1414 2896 1522 2957 tneo
1535 2898 1578 2970 sit,

126 2987 223 3041 testas
252 2985 317 3043 nisi
344 3001 365 3042 u
395 2985 465 3045 Deo
499 2986 563 3043 siue
585 2984 733 3058 jubente,
764 2986 830 3043 siue
876 2981 1156 3064 quidetquatsnus
1171 2982 1399 3043 aDeononsit.
1424 2982 1478 3042 Ad
1488 3000 1577 3063 quem

128 3071 260 3129 sinente.
294 3069 347 3130 Sic
362 3068 414 3130 ills
429 3068 481 3131 lib.
499 3073 548 3131 22.
564 3079 670 3130 contre
684 3072 829 3131 Faustum
877 3079 916 3143 te,
929 3070 1023 3130 lector
1035 3068 1180 3141 studiose,
1193 3070 1320 3130 remitto.
1344 3066 1438 3129 Certe
1448 3066 1491 3130 de
1506 3072 1577 3152 ipm's

127 3166 195 3233 esp.
221 3154 270 3216 le.
308 3155 456 3217 Similiter
482 3156 688 3217 accommodat
714 3157 764 3217 lib.
788 3154 830 3216 de
875 3157 1235 3237 principibuspotsstats
1255 3154 1401 3235 praeditis
1424 3157 1494 3236 egit
1512 3176 1575 3219 sen·

126 3249 238 3300 nature
252 3240 325 3301 boni
339 3262 405 3323 csp.
417 3245 476 3316 32,
493 3250 524 3302 et
535 3246 566 3303 in
579 3251 706 3304 enarrat
715 3240 828 3302 Psalm.
876 3245 972 3304 tentis
986 3258 1127 3322 sequens.

129 3326 181 3387 22.
198 3347 280 3387 conc.
297 3332 333 3404 2.,
350 3349 386 3389 cc
402 3330 484 3390 alibi.
507 3327 605 3408 (injus
620 3328 743 3409 quidem
758 3330 826 3391 doc·
920 3330 1009 3408 Quos
1024 3337 1133 3388 cutem
1154 3337 1244 3403 suot,
1276 3347 1297 3388 o
1312 3330 1381 3389 Deo
1403 3329 1576 3392 ordeaceos

129 3416 224 3473 ninas
239 3414 402 3492 explicatio
414 3416 547 3497 pertinet
558 3415 599 3476 sd
609 3416 748 3476 ultimam
758 3413 827 3477 dist.
875 3423 958 3477 susat.
982 3414 1072 3494 Quod
1085 3416 1117 3474 iu
1127 3414 1229 3477 multis
1243 3413 1576 3495 codicibuslegsbatnt,

129 3498 181 3561 lib.
198 3504 227 3560 2.
242 3509 318 3560 sent
877 3504 1032 3563 ordinatu
1060 3509 1152 3577 suet,
1185 3509 1290 3562 neutm
1316 3518 1445 3581 genere,
1474 3504 1576 3564 merite

171 3587 228 3646 Est
242 3593 343 3647 autem
359 3591 456 3650 omnis
470 3595 624 3668 potestas,
645 3586 677 3647 id
693 3597 756 3662 est,
779 3607 827 3648 eu·
877 3598 1040 3650 correctum
1056 3608 1075 3647 a
1089 3589 1243 3662 Romanis,
1261 3590 1398 3668 reposito
1412 3587 1575 3651 foeminino

126 3675 300 3753 periectas,
327 3695 346 3734 a
360 3675 429 3736 Deo
450 3677 588 3736 instituta
611 3683 755 3755 tanquam
777 3695 827 3735 nc·
877 3676 1139 3736 ordinaremus.
1160 3675 1301 3736 Sicorim
1312 3675 1575 3738 hebentmeliores

128 3761 259 3819 cessaria
281 3761 322 3821 ad
344 3762 479 3822 ordinem
501 3771 532 3822 et
552 3780 657 3841 pacem
679 3762 828 3822 humanae
876 3761 994 3822 codices
1008 3779 1076 3822 mes.
1115 3760 1182 3821 Nec
1204 3763 1294 3821 aliter
1314 3763 1397 3822 verti
1419 3764 1522 3843 potuit
1539 3780 1574 3825 ex

127 3849 375 3908 conversationis.
422 3845 509 3929 Quae
534 3857 672 3928 potestas
699 3868 765 3909 cum
788 3849 828 3908 sit
876 3847 1010 3922 Graeco,
1039 3848 1092 3908 ubi
1112 3848 1231 3927 plenius
1257 3850 1302 3908 sic
1324 3848 1452 3927 legitur:
1487 3843 1521 3909 αἱ
1542 3843 1574 3908 dl

127 3933 252 4016 duplex,
268 3935 431 3996 saecularis
447 3944 478 3996 et
493 3935 707 4008 ecclesiastica,
723 3952 827 3996 saecu·
875 3925 962 3994 οὖσαι
977 3926 1129 4009 ἐξουσίαι,
1153 3926 1211 3992 ὑπὸ
1226 3935 1281 3994 τοῦ
1301 3932 1375 3994 θεοῦ
1390 3929 1575 4016 eucarpium

125 4020 197 4081 laris
212 4020 334 4103 quidem
348 4030 483 4102 potestas
505 4022 634 4083 mediate
657 4028 704 4081 est
717 4041 736 4082 a
750 4022 827 4096 Deo,
874 4014 960 4082 sicis.
996 4021 1034 4082 Id
1056 4030 1122 4082 eet:
1153 4038 1235 4097 quoe
1259 4031 1367 4083 oeten
1388 4031 1487 4100 sant,
1513 4027 1574 4086 sive

124 4126 182 4189 per
195 4108 345 4182 homines,
368 4111 421 4192 qni
443 4111 587 4170 instinctu
610 4109 686 4188 legis
700 4116 828 4168 natoree
876 4112 1014 4170 existunt
1042 4115 1229 4185 potestates,
1255 4128 1278 4169 u
1303 4112 1373 4171 Deo
1402 4112 1573 4173 crematae

124 4195 184 4254 sibi
200 4197 384 4275 praeficiunt
397 4214 458 4271 eos,
475 4216 493 4256 a
508 4195 616 4276 quibus
626 4198 659 4256 in
670 4214 827 4256 commune
874 4202 956 4257 sunt.
979 4197 1044 4257 Nec
1058 4215 1146 4256 secus
1158 4195 1253 4256 habet
1265 4194 1392 4277 Syrisce
1407 4199 1573 4261 menslatio

125 4276 276 4361 reguntur.
306 4284 367 4344 Hic
382 4285 459 4344 enim
475 4285 633 4344 instinctus
649 4302 668 4342 s
682 4282 750 4342 Deo
765 4289 826 4357 est3
873 4283 988 4344 Sensus
1003 4284 1176 4363 igiturest:
1197 4282 1417 4364 Quaecumque
1439 4295 1511 4347 sunt
1524 4306 1573 4368 po

124 4378 160 4428 nt
170 4376 333 4448 propterea
342 4389 417 4431 vere
428 4379 460 4431 et
470 4369 593 4451 proprie
609 4368 733 4442 dicatur,
747 4369 826 4429 hanc
873 4377 1013 4445 testatos,
1028 4368 1135 4443 idest,
1153 4371 1337 4451 quicumque
1350 4379 1423 4431 sunt
1435 4371 1572 4435 mmioos

124 4463 304 4537 potestatem
325 4476 386 4518 non
409 4476 478 4519 esse
493 4458 551 4518 nisi
565 4475 584 4515 a
598 4456 683 4531 Deo,
706 4457 782 4516 sicut
796 4465 827 4515 et
872 4465 1024 4537 potestate
1045 4456 1192 4537 praediti,
1218 4465 1252 4517 ut
1275 4458 1427 4541 principes
1452 4478 1493 4522 ae
1507 4480 1570 4522 ma·

125 4542 163 4603 ab
175 4543 392 4607 Ecclesiastico
405 4543 518 4604 dictum
529 4551 577 4605 est
588 4562 654 4623 cap.
673 4543 731 4616 1⁷,
744 4543 827 4623 quod
874 4546 1030 4623 gistratum
1052 4545 1073 4603 ii
1089 4552 1160 4606 suut
1180 4543 1310 4606 ordinati
1323 4553 1418 4625 etque
1432 4547 1571 4621 mecam

123 4627 209 4692 Deus
224 4634 260 4692 in
272 4650 533 4709 unumquemque
546 4637 672 4706 aetutem
684 4646 826 4707 praepo·
873 4639 913 4704 et,
928 4637 963 4689 ut
976 4631 1085 4692 Petrus
1100 4624 1235 4711 loquitur
1250 4635 1277 4691 1.
1294 4633 1383 4712 epist.
1393 4624 1439 4708 ⁵2,
1451 4636 1571 4697 nictit

127 4716 359 4783 mamertem.
381 4717 681 4781 Eooleumcsvsro
691 4725 826 4799 potestas
873 4716 958 4794 Deo,
972 4717 1305 4800 duttspueemsuet
1315 4714 1570 4798 voluisseut&
