3254 5190
472 284 638 343 semrom
653 286 695 343 sn
711 285 864 343 nomos
897 286 985 342 ms.
999 287 1043 344 21.
1059 289 1103 343 22.
1439 294 1513 363 Μ

73 465 107 524 its
115 464 146 524 in
156 462 342 537 hominibus,
352 462 438 524 velut
448 464 582 544 pertibus
594 458 682 526 unius
692 482 770 526 mes·
816 465 1052 546 haudquaquam
1065 466 1173 526 merita
1183 465 1336 527 homiuum
1352 464 1514 528 excludere

73 569 116 611 sse
136 549 268 610 hnmani
287 551 417 629 generis,
439 568 499 612 nou
522 568 591 612 csso
611 554 769 627 rationem,
817 552 958 624 voluisse,
982 550 1037 612 sed
1052 553 1153 630 potius
1168 572 1206 612 ca
1221 571 1260 614 ex
1276 552 1370 614 thero
1385 555 1512 633 scriptu*

71 636 182 696 curcei
205 635 258 696 hie
272 635 412 717 eligetur,
436 637 487 699 vel
508 634 561 698 ille
583 639 768 718 reprobetur.
816 657 869 702 rae
885 639 952 699 loco
966 637 1163 717 intelligendo
1177 638 1342 720 neuquisse

104 721 174 783 lion
197 722 296 802 igitur
308 724 341 783 in
355 723 414 784 isse
436 724 640 804 disputetione
657 744 768 806 suppo·
862 724 982 804 Quibus
996 742 1173 804 responsum
1187 726 1236 799 sit,
1250 744 1290 786 ex
1305 725 1412 786 eadem
1427 743 1461 786 rc
1475 726 1513 786 si·

69 808 289 889 nitApostolus
302 811 767 890 mussameorruptsmuntdcm·
815 810 1013 873 militudinem
1035 811 1132 891 accipi
1154 811 1298 892 possead
1314 811 1433 873 diversa
1456 813 1514 892 sig

68 904 170 970 ustum,
192 895 271 956 iicet
292 897 382 956 etism
404 895 443 959 de
458 916 504 970 es,
526 897 691 959 secundum
704 899 766 960 Au·
816 896 982 972 militanda,
1004 917 1074 956 nam
1097 905 1128 957 et
1143 896 1288 971 Christus,
1312 907 1343 958 et
1365 896 1513 972 diabolus,

67 982 170 1061 gustini
198 983 440 1062 expositionem,
469 983 583 1044 habeat
606 987 767 1046 veritatem
815 984 897 1046 leoni
919 991 1128 1064 comparantur
1147 983 1178 1042 in
1197 986 1358 1066 scripturis.
1380 983 1447 1044 Nec
1461 1004 1514 1045 ve·

66 1068 200 1150 Apostoli
218 1070 386 1144 ”utentium
410 1066 465 1130 sed
479 1069 623 1150 iutelligit
636 1090 767 1132 messem
815 1091 879 1131 rom
894 1089 969 1144 esse,
993 1069 1074 1150 qnod
1093 1069 1133 1130 sd
1147 1069 1170 1130 J
1172 1072 1301 1131 eremias
1320 1071 1420 1131 locum
1434 1070 1513 1132 Psu·

67 1153 211 1229 sisoim
233 1153 338 1237 qnslis
358 1164 423 1216 erst
444 1156 535 1216 etism
557 1174 658 1217 meses
672 1176 766 1237 auge·
814 1158 861 1219 ius
882 1158 1005 1239 proprie
1026 1156 1186 1234 respiciat3
1209 1157 1285 1237 quin
1299 1158 1402 1236 potius
1420 1158 1513 1218 maui-

66 1241 162 1315 lorum,
186 1260 311 1322 exque
327 1241 379 1302 ulii
392 1242 484 1304 elseti
499 1251 577 1315 sunt,
596 1242 651 1303 alil
664 1264 765 1324 repro·
814 1242 894 1304 fests
910 1251 957 1303 est
970 1241 1130 1303 verborum
1146 1243 1212 1321 ejus
1233 1242 1344 1304 allusio
1359 1243 1399 1303 sd
1413 1244 1513 1304 locum

66 1327 128 1389 buti.
148 1327 238 1389 Nem
249 1328 399 1407 scripture
408 1328 520 1410 passim
532 1328 677 1391 sdhibens
689 1349 766 1392 com·
814 1329 838 1392 J
840 1331 942 1391 esaiae
961 1348 1028 1407 cap.
1052 1326 1120 1401 tt,
1143 1328 1196 1389 ubi
1217 1330 1260 1389 sic
1281 1329 1406 1409 legitur:
1436 1330 1512 1406 Vos,

66 1415 250 1495 pmstiomm
271 1413 337 1488 luti,
358 1412 439 1496 qnod
460 1434 514 1495 pro
537 1434 590 1476 suo
605 1414 692 1477 libito
707 1414 766 1476 ior·
814 1418 870 1493 qai
885 1415 1076 1477 contradicit
1097 1414 1202 1490 fictori
1216 1433 1285 1491 sao,
1310 1423 1389 1477 testo
1404 1417 1443 1476 dc
1457 1435 1513 1478 so-

67 1508 118 1560 nt
140 1499 278 1581 figulus,
306 1498 347 1561 de
373 1500 437 1562 luto
462 1500 595 1582 loquitur
620 1503 766 1578 absolute,
814 1501 1384 1577 miistsrcac.Namquiddicitlatum
1396 1503 1513 1580 figulo:

68 1587 174 1648 nulium
189 1588 264 1668 ejus
279 1586 387 1648 vitium
403 1604 583 1669 supponere,
599 1587 655 1651 sed
670 1589 767 1650 solem
815 1589 899 1668 Quid
911 1589 1018 1667 focis?
1040 1595 1089 1648 et:
1105 1589 1192 1663 opos
1206 1596 1298 1650 tuum
1312 1590 1426 1667 absque
1441 1611 1513 1650 mo·

69 1675 121 1752 slus
135 1682 284 1737 nstnrsm
307 1674 509 1749 considerans,
531 1694 594 1756 qus
607 1674 767 1738 formabile
815 1677 909 1736 aibas
930 1677 999 1736 est?
1021 1675 1110 1755 Quae
1130 1694 1204 1734 sune
1218 1678 1315 1738 verbs
1336 1678 1513 1756 significant,

25 1764 32 1833 ζ
69 1760 157 1822 stud
173 1780 271 1822 omns
286 1778 363 1840 opus
376 1761 541 1841 figulinum
815 1765 858 1823 ita
872 1762 972 1822 Deum
994 1782 1048 1842 pro
1070 1781 1153 1822 mero
1169 1781 1223 1822 suo
1245 1763 1437 1845 beneplacito
1452 1772 1513 1824 ets·

102 1846 195 1909 llnde
212 1866 275 1908 nec
288 1847 332 1906 ait
341 1845 515 1927 Apostolus,
528 1848 654 1928 figulum
666 1869 704 1910 ex
717 1867 766 1909 ca·
814 1858 899 1909 tuere
924 1848 964 1910 de
988 1848 1080 1909 rebus
1115 1847 1255 1909 humanis
1284 1851 1316 1911 iu
1341 1851 1514 1911 utrsmlibet

23 1932 30 1969 ³
69 1933 124 1993 dem
143 1950 254 1995 mussa
270 1932 354 1994 eliud
374 1934 477 1996 iacere
490 1954 545 1996 vas
568 1936 766 2008 inhonorem,
814 1941 943 2014 partem,
969 1932 1119 2015 quomodo
1146 1935 1258 2014 figulus
1285 1955 1324 1997 ex
1351 1937 1414 1997 luto
1440 1935 1514 1997 iacit

70 2019 138 2081 eliud
152 2022 188 2082 in
205 2021 375 2100 ignominie
387 2040 505 2083 memte
519 2023 696 2103 relinquere,
712 2020 766 2083 scd
816 2041 900 2101 opus,
916 2020 1124 2102 quodcumque
1134 2021 1274 2083 voluerit.
1297 2023 1367 2103 Quo
1382 2026 1513 2104 pertinet

70 2127 98 2167 cx
119 2106 234 2169 eudem
260 2124 362 2167 meses
383 2108 483 2169 fecere
508 2110 538 2170 iu
564 2110 765 2188 ignominiam.
815 2109 922 2180 etism,
948 2107 1030 2188 quod
1055 2109 1202 2186 sequitur:
1241 2111 1306 2169 Vae
1312 2156 1322 2186 ,
1354 2112 1409 2188 qui
1435 2111 1513 2172 dicit

69 2193 167 2274 iisque
182 2193 274 2268 dixit,
297 2193 473 2272 figmentum
489 2195 527 2269 ci,
548 2196 601 2276 qui
622 2215 656 2257 sc
670 2196 766 2269 linxit,
811 2197 920 2270 patri,
945 2195 1022 2273 qaid
1044 2197 1199 2270 cencres?
1221 2203 1251 2254 et
1272 2198 1410 2272 mulieri,
1433 2199 1512 2274 qaid

70 2300 116 2341 ron
134 2280 260 2341 dicere:
292 2278 355 2340 (iur
376 2300 426 2341 mc
446 2282 593 2364 reliquisti
615 2282 646 2342 in
668 2300 767 2342 masse
810 2282 979 2358 portioris?
1003 2280 1093 2362 Quod
1114 2283 1193 2342 enim
1214 2284 1350 2344 meritum
1375 2283 1512 2358 hominis,

71 2365 222 2448 corrupte?
253 2366 317 2427 Sed
326 2387 339 2430 ι,
364 2369 430 2429 Outr
450 2387 500 2429 mc
520 2368 626 2444 fecisti
644 2371 712 2429 sic?
734 2367 767 2428 id
813 2376 847 2428 ut
861 2376 1002 2447 parentes
1014 2387 1082 2428 cnm
1094 2368 1185 2428 talem
1197 2375 1249 2429 aut
1261 2370 1350 2430 talem
1361 2370 1511 2450 giguendi

70 2463 114 2526 at,
126 2472 187 2515 ess
203 2454 440 2534 ignominiosum
454 2463 487 2515 et
500 2455 669 2534 reprobum.
685 2455 766 2517 Setis
812 2455 909 2534 Igitur
931 2475 968 2514 co
984 2452 1173 2514 adducuntur
1191 2456 1249 2516 hue
1269 2459 1511 2537 comparationes

71 2541 149 2619 igitur
170 2549 287 2621 aperte
310 2558 349 2601 ex
370 2539 428 2602 lrsc
449 2540 652 2617 similitudine,
674 2561 765 2623 quam
813 2540 851 2600 ab
867 2540 972 2603 Jcsaie
993 2542 1148 2621 propheta,
1169 2548 1204 2601 ut
1217 2562 1271 2622 per
1294 2562 1347 2604 ees
1363 2543 1511 2620 ostendet,

71 2630 185 2708 sumpsit
200 2648 222 2687 s
236 2626 332 2706 figulo
355 2635 388 2688 et
401 2647 501 2690 messa
517 2626 607 2704 lutea,
629 2629 704 2690 iacit
719 2631 764 2689 in·
812 2628 913 2689 Deum
927 2629 1003 2688 filios
1018 2627 1116 2688 Israel
1129 2649 1190 2690 uon
1212 2649 1266 2710 pro
1285 2631 1417 2710 ipsorum
1432 2632 1510 2692 erbi-

71 2713 162 2793 telligi,
184 2723 251 2774 tum
267 2713 452 2788 electionem,
472 2734 564 2796 quam
579 2715 764 2796 reprobatio·
812 2717 884 2790 trio,
911 2715 965 2776 sed
989 2736 1043 2795 pro
1069 2734 1125 2775 sus
1150 2717 1306 2777 voluntate
1327 2717 1510 2798 dispensare,

70 2820 124 2860 usu
137 2822 180 2862 ex
194 2800 316 2862 meritis
330 2821 392 2861 uon
407 2820 483 2862 esse.
813 2800 1066 2880 quemadmodum
1092 2812 1212 2864 sanctus
1234 2805 1441 2885 Hieronymus
1467 2805 1510 2866 lo·

103 2887 161 2949 Sed
176 2888 240 2949 hoc
261 2896 473 2967 argumentum
494 2888 621 2950 cludere
642 2889 765 2971 quidam
812 2891 922 2969 quitur,
942 2909 1012 2949 eum
1027 2891 1124 2951 locum
1141 2891 1317 2970 explanans.

72 2983 218 3035 tonantur.
233 2974 348 3035 Dicunt
359 2976 440 3035 enim
451 2975 528 3037 hanc
539 2976 764 3037 similitudinem
854 2975 1008 3037 ieremias
1023 2996 1096 3037 vero
1112 2996 1150 3035 ex
1169 2976 1299 3038 adducta
1314 2976 1510 3040 similitudine

70 3060 182 3122 sPsuio
198 3061 330 3142 petitum
342 3079 410 3122 csse
421 3080 461 3123 ex
472 3062 496 3123 J
497 3064 610 3124 cremia
624 3084 691 3144 cap.
706 3064 764 3137 18,
811 3061 897 3141 figuli
915 3070 1033 3123 tentum
1055 3062 1088 3122 id
1109 3063 1219 3136 voluit,
1244 3062 1312 3125 Deo
1335 3073 1396 3124 tem
1418 3064 1510 3125 facilc

70 3146 119 3220 ubi,
139 3156 378 3209 commemorato
401 3150 538 3228 exemplo
555 3150 640 3228 figuli
654 3170 710 3211 vus
725 3170 764 3210 ex
812 3168 888 3224 esse,
903 3151 953 3211 vei
969 3152 1099 3211 adversa
1110 3150 1160 3210 vei
1172 3171 1316 3231 prospera
1327 3151 1467 3232 gentibus
1479 3158 1510 3212 et

69 3233 120 3295 luto
134 3233 290 3307 facientis,
307 3243 399 3315 atque
413 3235 444 3295 id
464 3237 563 3315 ipsum
578 3236 764 3318 dissipantis,
811 3238 913 3317 regnis
937 3239 1103 3308 immittere,
1123 3257 1215 3316 quum
1237 3238 1327 3298 facilc
1346 3244 1393 3297 est
1406 3238 1510 3317 figulo,
1554 3275 1561 3299 .

70 3340 99 3380 sc
110 3341 215 3384 rursus
230 3340 272 3381 ex
286 3340 324 3382 eo
338 3323 483 3401 fingentis
498 3324 589 3395 eliud,
605 3324 696 3404 quale
710 3344 762 3383 vo·
813 3343 886 3404 opus
900 3343 995 3397 suum,
1015 3323 1115 3384 adhue
1129 3323 1229 3396 molle,
1252 3345 1394 3406 quaesere
1416 3331 1448 3385 ct
1461 3346 1509 3386 re·

70 3406 124 3483 luit
132 3409 238 3469 Deum
247 3407 409 3469 introducit
417 3410 459 3469 ita
469 3410 762 3490 loquentemldccc,
811 3410 950 3471 formare.
974 3413 1033 3472 Hie
1053 3430 1125 3490 ergo
1147 3413 1295 3492 propheta
1318 3410 1453 3491 fingendi
1474 3434 1511 3474 ac

69 3498 139 3556 dest
159 3498 271 3556 latrem
289 3497 327 3555 ia
340 3514 444 3557 mena
465 3497 566 3574 tiocli,
591 3501 634 3559 sio
657 3516 713 3559 vos
727 3501 764 3559 irs
811 3497 978 3577 reiiugcndi
992 3497 1170 3557 facilitatem
1181 3502 1213 3560 in
1226 3500 1320 3578 figulo
1336 3498 1509 3561 considers·

70 3600 161 3644 mars
182 3582 547 3657 nueo,domos1srot'l.
581 3584 651 3664 Qua
676 3585 707 3644 in
728 3605 763 3646 re
811 3585 865 3657 vit,
887 3584 941 3646 ille
955 3583 1107 3665 quidlibet
1128 3586 1291 3665 effingendi
1312 3585 1397 3647 nullo
1421 3607 1508 3666 prue-

69 3676 158 3730 tsmeu
180 3667 224 3729 sd
245 3669 352 3729 meritc
372 3678 435 3730 tem
456 3671 544 3746 bona,
571 3691 661 3752 quam
684 3672 763 3733 mala
810 3680 933 3732 ventam
940 3670 1217 3732 meritovoluntatis
1225 3673 1400 3734 libertatem
1411 3673 1509 3754 Quem

68 3755 155 3818 Deum
169 3757 332 3837 respicere,
354 3755 463 3818 docent
483 3758 560 3819 haec
582 3759 648 3838 ejus
667 3759 762 3820 verba
810 3759 930 3840 quidem
968 3759 1057 3818 etiarn
1091 3757 1323 3821 Ecclesiasticus
1362 3762 1511 3841 spectavit

69 3843 240 3922 subjuncts:
274 3843 420 3920 Repente
448 3846 565 3922 loquor
591 3846 762 3908 adversam
811 3843 931 3926 quando
943 3843 1020 3906 dixit
1031 3865 1097 3924 cap.
1107 3848 1172 3908 33.:
1188 3850 1287 3924 Quasi
1299 3851 1403 3908 lutum
1418 3848 1509 3923 sicali

68 3938 195 4006 omui,
218 3937 252 3991 ct
265 3931 418 3991 adversm
432 3950 577 4008 regnam,
600 3940 639 3992 at
652 3934 761 3993 crodi-
808 3937 845 3993 ia
860 3951 961 3993 manu
983 3934 1094 4009 ipsius,
1118 3936 1161 3995 sic
1183 3936 1277 3996 homo
1299 3939 1335 3996 in
1350 3954 1453 3995 manu
1466 3936 1508 3994 il·

68 4034 134 4093 cem,
156 4022 191 4078 ct
212 4017 388 4092 mm,
403 4010 440 4077 'ct
462 4019 647 4096 disperdam
667 4021 760 4081 iliad.
809 4022 886 4094 lires,
911 4022 966 4096 qui
987 4038 1018 4079 sc
1037 4020 1131 4096 fccs't,
1159 4019 1411 4102 quemadmodum
1431 4020 1509 4082 bene

69 4104 345 4182 &poententiam
359 4108 547 4182 eocritoens
561 4108 621 4167 illo
635 4125 656 4166 a
675 4108 760 4168 molo
810 4106 898 4167 docet
921 4105 1090 4166 Jauseuiue
1117 4109 1147 4168 iu
1169 4110 1235 4188 ejus
1261 4109 1322 4168 loci
1345 4117 1505 4169 comment

68 4208 124 4267 ruo,
147 4192 238 4270 quod
259 4191 384 4252 locusms
406 4209 477 4253 sum
499 4195 652 4254 adversm
668 4212 758 4270 com3
808 4194 876 4254 Hoc
885 4196 982 4274 ipsum
990 4200 1091 4254 autem
1099 4193 1228 4255 Paulum
1236 4194 1418 4274 Apostolum
1426 4195 1508 4256 vello

70 4296 156 4353 soom
169 4286 202 4340 ct
215 4296 274 4355 spo
292 4282 526 4355 poeaitentiam
550 4298 645 4358 sapor
659 4282 758 4356 molo,
808 4281 839 4340 in
853 4278 985 4340 adducta
999 4279 1085 4359 figuli
1101 4278 1299 4357 similitudine,
1323 4290 1388 4342 tots
1411 4284 1506 4344 series

10 4416 12 4429 .
69 4367 309 4443 rsodcoottoot,
330 4368 527 4445 attererem
542 4371 581 4443 ci,
606 4375 636 4428 et
656 4368 759 4429 sabito
808 4368 1019 4447 disputationis
1040 4369 1105 4446 ejus
1120 4367 1263 4430 declarat

70 4451 231 4531 bwordc
250 4461 344 4530 pente
360 4453 443 4513 etde
458 4472 569 4530 reposo,
592 4463 630 4515 at
644 4454 759 4532 aediti·
851 4457 901 4515 22.
926 4455 1017 4534 Quod
1043 4458 1070 4515 si
1096 4458 1183 4517 Deus
1207 4458 1317 4518 colem
1343 4457 1507 4518 ostendere

71 4557 125 4601 tcto
139 4549 170 4602 ct
179 4542 329 4619 plantem
339 4538 434 4617 suad,
450 4549 570 4621 etquse
582 4551 757 4623 sequnntur.
806 4546 902 4618 iram,
918 4549 948 4601 ct
962 4550 1073 4602 notam
1085 4544 1197 4620 facere
1209 4548 1389 4622 potentium
1403 4564 1506 4607 mom.
1552 4546 1554 4551 ⁴

70 4623 148 4690 lluds
160 4642 353 4711 consequens
368 4646 435 4690 csse
449 4629 563 4703 volunt,
578 4630 668 4690 etiem
679 4628 758 4690 Psu-
805 4630 971 4710 Postquam
993 4627 1108 4704 docuit,
1130 4650 1191 4691 non
1213 4632 1305 4692 aliam
1327 4650 1394 4694 esse
1416 4633 1505 4692 ratio·

71 4710 136 4793 lu,
158 4714 265 4781 udum
287 4712 376 4798 dguii
395 4713 592 4780 similitudine
611 4723 758 4793 utentem,
805 4736 882 4793 nem,
902 4736 955 4777 cnr
969 4716 1059 4778 Deus
1080 4717 1112 4778 in
1131 4719 1308 4801 particulari
1327 4720 1382 4784 hos
1403 4719 1504 4802 eligat,
