3254 5190
90 260 164 330 504
494 238 498 259 ²
588 250 1020 308 comminuendum.
1069 256 1072 265 ·
1110 254 1113 259 ·

88 426 271 499 distinxisse,
286 432 319 488 et
329 425 546 491 interLatiuos
559 429 695 490 Ambros.
708 448 786 490 com·
834 428 1003 501 durature,
1018 447 1114 510 seque
1142 424 1345 490 consolentur
1369 446 1426 511 spe
1436 430 1530 493 “rius

88 522 252 586 mactator,
276 516 329 594 qni
345 516 388 576 si'c
402 515 491 595 legit:
521 518 659 592 Tempus
674 514 786 576 obbre·
834 518 963 577 futurae.
1347 536 1349 541 ·

88 604 214 662 victum
240 608 269 660 et
294 602 452 679 reliquum
481 611 539 665 est:
567 610 603 661 ut
626 609 787 682 utrumque
878 605 922 663 st
937 605 992 681 qni
1010 601 1168 677 pendent,
1191 608 1350 679 tunquam
1372 614 1443 665 ιιοιι
1457 622 1534 680 porr·

89 687 274 765 adjectivum
312 706 379 748 cum
417 695 551 770 tempore
581 696 787 751 construatur:
836 689 951 749 dentes.
980 688 1020 748 Id
1035 699 1096 748 est:
1125 686 1248 767 Quibus
1264 687 1348 749 laets
1363 690 1533 762 obveniunt,

89 772 172 854 quod
187 773 226 833 de
240 775 398 853 posteriori
409 774 527 836 Graeca
542 775 630 837 lectio
646 796 705 835 non
720 780 787 855 per·
836 790 916 856 quae
941 780 1010 834 sunt
1040 774 1195 853 gaudendi
1220 776 1362 850 materia,
1392 795 1455 836 uon
1482 779 1536 837 siut

89 860 188 919 mittit.
212 856 332 920 (laeteri
347 862 448 921 Latini
463 871 524 922 tem
540 870 669 936 veteres,
694 881 787 942 qnam
837 860 923 920 effusi
949 861 980 921 in
1007 860 1168 940 gaudium:
1194 859 1248 921 sod
1274 862 1444 942 reprimant
1465 880 1534 936 sese,

88 947 286 1020 recentiores,
307 948 484 1027 perticulam
507 950 666 1026 reliquum
690 956 735 1008 est
749 946 787 1007 ed
837 946 1080 1008 consideratione
1088 947 1245 1007 brevitatis
1256 969 1292 1008 uc
1303 950 1454 1009 vanitatis
1469 968 1532 1029 gau

88 1034 246 1112 sequentia
268 1024 415 1094 referunt:
442 1054 569 1119 quornm
589 1030 719 1095 Terthil.
735 1034 787 1094 lib.
837 1035 952 1095 diorum
969 1034 1183 1113 hujusmundi.
1330 1022 1332 1029 ¹

93 1124 120 1178 1.
135 1120 175 1181 ad
190 1138 316 1180 uxorem
331 1138 396 1198 cap.
413 1122 441 1180 5.
457 1130 550 1203 atque
566 1120 653 1193 aiibi,
669 1128 700 1180 et
713 1120 788 1180 His·-
880 1122 929 1181 Et·
945 1123 1002 1196 qni
1023 1124 1151 1196 emunt,
1172 1127 1330 1196 tcnqucm
1352 1134 1424 1182 ιιοιι
1436 1123 1534 1198 possi·

89 1224 152 1264 rou.
173 1207 205 1265 iu
219 1206 306 1284 epist.
331 1206 379 1266 ad.
395 1208 594 1287 Ageruehium
614 1207 719 1286 legunt
733 1210 801 1266 ses-'¹
838 1209 952 1267 dentes.
990 1204 1059 1266 Hoc
1074 1212 1136 1266 est:
1163 1204 1225 1286 Qui
1245 1224 1293 1266 res
1313 1205 1437 1286 aliquas
1450 1206 1535 1286 11an

87 1299 209 1368 perest,
240 1291 321 1373 quod
344 1291 424 1352 idem
443 1293 535 1354 valet.
572 1292 675 1353 Habet
689 1302 787 1353 autern
837 1291 952 1352 mundi·
969 1300 1086 1363 eninm,
1122 1290 1173 1352 rel
1201 1290 1282 1352 licite
1311 1292 1538 1372 quomodolibet

89 1378 151 1437 vim
166 1379 243 1458 signi
259 1377 374 1450 illativi,
390 1372 586 1458 quesidicat:
603 1381 683 1458 Ergo
696 1398 787 1461 agen·
838 1380 998 1462 acquirunt
1012 1375 1096 1454 (nam
1115 1376 1145 1437 lu
1168 1378 1268 1458 specie
1289 1396 1387 1457 genus
1402 1378 1534 1459 intelligi·

90 1463 176 1538 dnm,
196 1463 277 1547 quod
293 1464 434 1544 sequitur.
517 1544 520 1549 Ι
603 1480 605 1485 ·
728 1536 732 1541 ,
838 1463 909 1540 tur),
925 1484 983 1526 uon
1001 1465 1039 1524 iis
1055 1482 1204 1524 corsuum
1217 1470 1392 1544 apponant:
1409 1465 1464 1526 sed
1477 1474 1540 1526 tuu-¹

139 1550 179 1611 Ut
205 1557 235 1610 et
257 1554 312 1629 qui
334 1551 450 1613 babent
472 1569 606 1627 uxores,
632 1558 789 1629 tanquam
838 1562 902 1612 tum
918 1551 1053 1611 habeant
1066 1566 1119 1611 eas
1132 1548 1459 1613 udususuecessnrios‘
1474 1570 1535 1612 suos

89 1655 158 1698 non
173 1636 323 1697 babentes
338 1638 411 1697 sint.
433 1636 576 1706 Biterium
589 1637 645 1697 hoe
660 1636 803 1716 intelligi
839 1646 870 1699 et
884 1630 1095 1719 proximorum.
1133 1639 1266 1697 Annotat
1281 1634 1460 1716 Golgnaom
1478 1656 1535 1700 ver

89 1730 205 1803 potest:
227 1742 294 1784 ιιιιο
314 1722 427 1798 mode,
454 1734 488 1784 ιιι
514 1725 566 1805 qui
591 1726 621 1785 iu
648 1725 791 1805 conjugio
839 1720 1076 1786 bumilraecuru
1090 1714 1278 1801 κατέχοντες
1293 1742 1355 1783 non
1369 1725 1537 1805 significare

90 1818 160 1872 sunt
174 1829 234 1868 non
248 1810 371 1870 nimium
386 1812 431 1871 rei
446 1812 570 1872 uxoriae
585 1814 646 1871 siut
660 1810 790 1887 addicti3
840 1809 1118 1893 quomodocumque
1128 1809 1329 1890 possidentes,
1344 1808 1401 1871 sed
1414 1830 1475 1884 eos,
1489 1808 1535 1892 qui

89 1899 210 1978 parcius
226 1896 371 1957 uxoribus
387 1906 526 1958 utantur:
545 1897 637 1978 idque
648 1901 791 1978 temporis
839 1916 949 1977 magno
960 1895 1183 1979 studiquilqnid
1195 1904 1297 1958 teuent
1308 1914 1364 1957 seu
1376 1896 1535 1979 possident

91 1982 130 2042 ad
148 1982 216 2041 Deo
240 1982 432 2043 serviendum
455 1983 661 2046 lucrifaciendi
684 2004 790 2045 causa:
841 1994 872 2045 et
894 1983 933 2043 ad
951 1981 1148 2043 'renuendum
1173 1991 1239 2045 tota
1263 2002 1335 2043 euru
1354 1982 1535 2045 incumbunt

90 2067 342 2151 quemadmodum
370 2090 462 2150 snpra
489 2072 578 2143 dixit,
613 2078 651 2132 ut
669 2073 792 2151 'vacem
840 2071 935 2150 Atqui
946 2068 1255 2151 Graeciinterpre'tts'
1272 2069 1350 2130 nihii
1365 2080 1478 2151 urgent
1491 2070 1536 2130 hu·

92 2159 242 2216 crationi.
287 2157 408 2232 Altero,
432 2160 536 2243 utqui
555 2160 702 2219 uxoribus
729 2159 791 2239 suis
828 2216 831 2225 ,
837 2156 977 2236 jusmodi.
995 2158 1036 2216 Et
1044 2162 1171 2230 constat,
1180 2154 1326 2218 (lnecsm
1334 2174 1536 2237 vocemssepe

91 2242 320 2304 commiscentur
342 2241 387 2319 (id
410 2245 489 2304 enim
511 2242 661 2317 interdum
681 2244 791 2324 signiti-
841 2242 1024 2323 generaliter
1048 2243 1202 2323 ursurpuri
1228 2262 1282 2324 pro
1309 2262 1361 2317 eo,
1394 2242 1476 2325 quod
1497 2254 1537 2305 est

91 2328 275 2391 esthabere
297 2350 435 2403 uxorem,
462 2341 496 2392 ut
523 2351 614 2410 supra
634 2350 711 2392 vers.
741 2327 791 2405 2.),
842 2340 1002 2408 occupare,
1029 2322 1202 2408 possider03
1232 2329 1487 2411 quemadmodum
1513 2336 1538 2391 ei

91 2437 151 2477 ncn
166 2415 198 2477 id
212 2414 338 2490 iaciant,
361 2425 396 2476 ut
411 2417 616 2501 obsequantur
634 2438 708 2478 snae
722 2417 791 2478 lihi-
841 2416 958 2476 Paulus
973 2417 1090 2496 accepit
1103 2416 1134 2475 in
1151 2413 1226 2476 ded
1238 2416 1304 2477 Cor.
1321 2418 1412 2497 epist
1426 2437 1491 2497 cap.
1504 2420 1536 2487 s,

92 2501 172 2576 dini,
198 2500 252 2564 sed
269 2505 358 2583 quasi
377 2504 479 2577 inviti,
506 2510 622 2573 tantum
645 2504 682 2564 ob
699 2523 791 2583 geue·
841 2522 906 2562 cum
928 2505 983 2563 ait:
1015 2504 1187 2579 Tanquam
1209 2504 1294 2562 neec
1316 2504 1488 2579 babentes,
1514 2508 1538 2563 et

91 2590 213 2650 rationis
229 2598 281 2650 eut
296 2588 442 2651 reddendi
459 2590 551 2650 debiti
572 2593 790 2652 necessitatem.
841 2593 950 2649 «sennia
961 2589 1167 2666 possidentes.
1190 2589 1275 2649 Sicut
1290 2608 1362 2670 erge
1378 2589 1480 2651 medis
1493 2610 1538 2650 ro

92 2676 186 2735 Porro
203 2676 285 2758 quod
301 2676 339 2735 de
355 2678 429 2736 viris
442 2676 515 2736 dicit
529 2676 707 2738 habentibus
720 2696 791 2737 uxo·
841 2676 949 2736 eubule
964 2684 1035 2736 suut
1056 2678 1085 2736 in
1106 2675 1199 2735 trihus
1223 2676 1362 2736 memhris
1383 2670 1538 2758 superiori·

92 2782 155 2836 res,
182 2760 212 2823 id
236 2762 375 2822 similiter
397 2761 534 2842 intellige
559 2762 598 2823 de
616 2764 792 2824 mulieribus
841 2764 915 2833 bus,¹
928 2763 1085 2847 babentes,
1101 2762 1227 2841 flentes,
1248 2763 1539 2839 pertimuerint

92 2848 274 2911 habentibus
286 2852 377 2908 viros.
400 2848 443 2907 Et
454 2850 720 2911 observaPaulum
732 2870 791 2910 non
842 2851 871 2908 in
889 2846 945 2909 isto
960 2850 1169 2925 possidentes.-
1192 2849 1246 2909 sed
1269 2851 1316 2909 vis
1331 2853 1481 2911 sermonis
1496 2854 1539 2910 eat

92 2936 207 2999 dicere:
233 2934 335 3015 utqui
355 2954 463 2997 uxores
486 2956 546 2996 uon
561 2937 688 3010 hubent,
716 2939 793 2997 ecci·
842 2938 872 2995 in
887 2935 1029 2996 adverbio
1046 2943 1210 3013 tanquam.

92 3024 180 3103 piant
203 3031 233 3081 et
251 3021 408 3082 moderate
430 3030 564 3083 utantur:
588 3023 657 3097 sed,
680 3031 716 3085 ct
738 3027 793 3101 qest
886 3023 936 3082 31.
961 3025 1004 3083 Ει
1019 3026 1227 3099 quictamus·
1245 3024 1302 3082 boc
1316 3025 1454 3099 munde,
1469 3030 1539 3082 tnu-

89 3111 153 3189 jam
168 3109 302 3184 habent,
325 3130 360 3169 ac
375 3109 556 3171 solutionem
572 3129 718 3191 quaerere
733 3131 792 3170 nou
844 3126 940 3186 quom
956 3128 1023 3170 non
1042 3116 1186 3169 utantur.
1210 3110 1336 3183 Graece,
1363 3103 1414 3178 ὡς
1428 3103 1473 3187 μὴ
1487 3124 1540 3167 ιιι·

95 3195 221 3269 debent,
237 3204 393 3274 tanquam
408 3196 635 3258 conlabentes
649 3201 720 3257 sint.
744 3198 793 3257 bix
843 3190 1052 3273 ταχρώμενιι,
1084 3204 1241 3272 tunquam
1272 3215 1340 3255 ιιοιι
1370 3199 1539 3258 adeuntes.

95 3302 155 3365 quo
171 3283 371 3363 colligendum
394 3283 538 3366 relinquit
559 3286 631 3356 hoo,
653 3283 734 3364 quod
749 3287 792 3343 in·
843 3284 884 3343 lit
908 3284 952 3342 ite
976 3284 1050 3362 legit
1076 3283 1284 3343 Tertullianus
1310 3282 1362 3342 lib.
1392 3285 1433 3344 de
1463 3283 1541 3344 cuitu

94 3369 203 3441 tendit,
228 3370 371 3451 quodque
400 3371 427 3430 ei
450 3372 636 3452 prepositum
653 3380 733 3430 erat:
760 3380 794 3431 ut
843 3369 1018 3430 seminarum
1035 3390 1100 3450 cap.
1116 3374 1145 3431 9.
1170 3371 1238 3430 Hoc
1254 3376 1356 3430 sutem
1372 3373 1470 3431 verbo
1484 3380 1539 3430 tun

95 3456 148 3535 qni
163 3478 223 3516 non
246 3457 373 3530 hahent,
399 3465 539 3519 maneant
560 3477 620 3519 non
637 3457 792 3519 habentes.
844 3456 968 3517 Graecis
981 3476 1071 3536 qnam
1087 3457 1205 3517 Latinis
1220 3474 1293 3516 usus
1308 3458 1442 3518 vitiosus
1457 3457 1541 3537 signi·

95 3542 170 3605 Cum
186 3552 287 3604 autem
298 3542 466 3625 'Apostolus
481 3545 556 3607 velit
569 3545 713 3606 hebentes
729 3564 794 3605 esse
843 3545 928 3604 ficari
952 3543 1043 3617 solet,
1070 3551 1103 3604 nt
1125 3551 1271 3623 appareat
1294 3543 1372 3603 huuc
1395 3564 1463 3605 esse
1481 3564 1539 3604 seu

94 3639 238 3711 tanquam
252 3652 311 3691 uon
324 3630 486 3706 habentes3
508 3631 587 3692 bene
607 3644 637 3693 et
653 3632 793 3692 acritere
843 3650 925 3689 surn:
947 3631 987 3690 idt
1001 3632 1136 3702 omnino,
1160 3633 1212 3709 qui
1226 3629 1318 3689 rebus
1334 3630 1428 3708 hujus
1444 3628 1540 3693 nundi

94 3718 242 3777 contrarie
257 3718 286 3778 S.
304 3716 432 3778 Basilius
455 3720 487 3778 in
509 3716 561 3778 lib.
586 3718 624 3779 de
646 3738 718 3778 vere
732 3719 792 3777 vir·
842 3726 981 3790 utuntur,
1008 3736 1068 3778 ucn
1095 3717 1293 3778 immoderate
1318 3734 1376 3777 nec
1402 3732 1541 3799 perverse

93 3804 221 3881 ginitate
236 3812 322 3864 notet
337 3825 397 3876 eos,
414 3806 541 3885 quinon
556 3804 791 3875 hebentessunt,
841 3810 980 3877 utantur3
1012 3803 1090 3886 quod
1107 3813 1187 3864 esset
1201 3803 1291 3863 ebuti.
1330 3803 1384 3863 Sic
1400 3807 1479 3865 euim
1494 3821 1541 3862 ex·

93 3899 238 3970 tanquam
254 3890 409 3952 hebentes.
444 3894 521 3970 Qui,
538 3893 650 3973 inquit,
667 3908 739 3952 cem
755 3911 793 3951 ec
841 3898 955 3971 ponunt
981 3890 1206 3963 Theodoretus,
1236 3889 1492 3970 'Pheopbylactus
1515 3894 1542 3949 et

93 3978 291 4055 vispinitctis
313 3986 387 4039 voto
409 3979 563 4039 ιιιονιὸιιι
578 3986 725 4055 careant,
753 3997 793 4038 ne
842 3976 1049 4038 Oecurnenius.
1073 3977 1440 4059 lnqnemsensumetiam
1450 3979 1540 4058 syrus

92 4067 119 4122 ιι·
142 4083 193 4123 eas
215 4065 355 4125 babeant
379 4084 409 4124 ee
435 4074 578 4141 epentes,
610 4068 793 4141 vispinitati
840 4066 1055 4143 interpretetus
1081 4071 1142 4124 est:
1166 4066 1208 4125 et
1229 4064 1296 4137 titi,
1314 4066 1378 4139 qui
1404 4070 1541 4125 utuntur

93 4152 318 4211 contumeliam
333 4154 470 4228 socium.
840 4152 962 4211 mundo
977 4152 1043 4225 boe,
1060 4169 1128 4211 non
1141 4153 1441 4227 praeterjnstitscm
1455 4166 1536 4223 ιιιιιι,

136 4237 186 4296 30.
209 4239 252 4298 Ει
267 4240 322 4314 qui
335 4240 430 4316 flent,
454 4246 610 4315 tunquam
626 4255 694 4298 uon
709 4240 792 4317 tlen-
840 4238 956 4297 scilicet
967 4245 1105 4312 utantur3
1121 4255 1201 4318 quse
1213 4244 1261 4297 est
1271 4238 1458 4317 periphrasis
1468 4238 1536 4297 ubu-

93 4330 144 4383 tes.
168 4322 237 4382 Hoc
251 4334 308 4383 est:
324 4324 441 4404 Quibus
453 4326 550 4384 tristia
562 4324 701 4384 soeidnnt
711 4342 792 4404 quee
840 4325 941 4383 sionis.

92 4421 161 4469 sunt
185 4408 277 4470 flendi
302 4412 441 4486 materie,
467 4410 635 4490 eujusmodi
662 4412 791 4490 plurima
883 4410 1045 4471 Sciendum
1061 4419 1167 4479 tamen,
1183 4409 1380 4488 compositum
1404 4410 1461 4471 hoc
1477 4428 1540 4470 rer·

92 4505 251 4556 oeoununt
265 4498 298 4556 in
320 4498 521 4566 matrimonio,
547 4517 607 4558 nou
631 4498 667 4558 iis
688 4497 790 4558 admo·
839 4498 910 4557 burn
925 4500 957 4558 in
973 4506 1103 4577 utraque
1118 4494 1473 4576 linguarumiiuterdnru
1488 4514 1537 4577 pre

93 4582 163 4643 dnm
194 4592 454 4644 commoveantur:
491 4584 544 4644 sod
580 4584 730 4665 patienter
759 4593 791 4645 et
839 4584 983 4663 simplici3
1006 4584 1157 4663 quomodo
1180 4591 1211 4645 et
1233 4583 1282 4644 hie
1300 4594 1386 4643 recte
1403 4586 1535 4653 sumitur,

92 4671 312 4749 aequanimiter
348 4671 460 4744 ierant,
501 4679 607 4750 utpote
642 4690 701 4732 non
739 4671 790 4732 din
839 4672 928 4731 etiarn
949 4672 1079 4732 Erasmo
1102 4670 1301 4751 suffragante,
1331 4671 1385 4752 qui
1409 4680 1536 4731 neruum
