3254 5190
99 291 173 363 400
525 259 540 341 ᾗ
605 281 1030 340 comummosucrrm
1086 326 1088 331 .

98 469 206 540 queret
215 463 243 521 1.
252 459 289 520 ml
302 459 477 532 Dulcitium,
488 465 519 520 et
530 459 562 521 in
572 476 669 521 encrr.
677 458 791 521 Psalm.
840 457 963 523 Christo
976 466 1078 523 tunm
1090 478 1153 524 uon
1165 465 1400 539 prosperentur.
1426 457 1477 518 ltu
1491 455 1542 519 de

99 548 149 607 80.
172 547 254 607 Hinc
268 555 357 607 urtee
371 544 483 607 multee
503 545 658 605 severine
674 547 790 625 exposi-
839 552 888 607 cet
902 547 1090 626 Augustinus
1106 545 1312 626 compluribus
1327 545 1418 619 lecim
1443 552 1476 604 nt
1492 543 1542 605 lib.

98 635 193 693 tiones
208 642 268 692 tem
283 633 340 692 loci
351 633 454 703 totius,
465 651 557 712 quem
567 633 696 710 portium
709 633 790 710 ejus:
839 631 951 695 deiide
969 641 1004 693 et
1027 632 1167 711 operibus
1189 651 1255 712 cop.
1280 635 1329 695 16.
1353 630 1468 695 euchiu
1493 631 1541 690 68.

96 721 191 794 velut,
206 719 399 800 quidicentur
410 717 790 798 eupmeedidoentes,quid
837 718 1307 785 inemn.Psr1m.et.ct80.
1344 719 1395 780 Ite
1417 735 1543 797 quoque

96 822 292 887 periurum,
315 811 688 884 urgentumeccsetere,
713 825 792 883 quse
839 804 1002 885 Gregorius
1021 804 1097 871 ¹loco·
1120 824 1211 884 supre
1242 807 1353 880 citum
1384 821 1463 886 quos
1491 802 1541 863 elii

97 894 147 954 hic
160 901 366 965 recensentur,
387 890 613 970 intelligendum
627 893 672 954 sit
702 893 792 956 Etiu
838 893 924 954 multi
938 900 1115 974 sequuntur.
1138 891 1204 953 Nec
1217 892 1314 964 bene,
1336 888 1542 969 meojrrticiu

97 978 354 1061 consequentibus,
382 979 449 1059 quis
475 977 541 1038 dies
562 978 694 1051 Domini,
721 981 791 1058 quis
839 978 961 1058 quidum
983 979 1154 1057 Augustini
1168 980 1344 1040 sententium
1364 999 1385 1039 e
1400 976 1542 1055 Gregorii

96 1069 187 1147 ignis,
207 1066 279 1147 qnid
298 1065 417 1127 salvum
430 1065 496 1126 fieri
510 1067 597 1144 qussi
612 1086 666 1144 per
682 1066 790 1143 ignem
839 1063 991 1128 diversum
1009 1085 1076 1126 esse
1098 1064 1217 1138 volunt,
1242 1068 1286 1126 itt
1307 1064 1542 1144 distinguentes,

96 1156 137 1217 Et
165 1151 286 1232 quidem
305 1150 589 1231 superaedificantes
609 1171 686 1231 qnos
712 1151 793 1213 dicet
840 1150 927 1232 qnod·
937 1152 1102 1232 Gregorius
1117 1170 1172 1230 per
1183 1154 1307 1224 ‘eurum
1334 1157 1542 1231 argentumn

96 1239 272 1320 Apostolus,
278 1240 418 1318 superine
424 1237 606 1317 explicetnm
615 1247 674 1314 eet3
683 1258 792 1318 nempe
839 1238 954 1318 lapides
976 1240 1124 1319 pretiosos
1139 1239 1326 1301 intellexerit
1340 1239 1424 1300 bone
1439 1254 1541 1317 opert,

97 1327 237 1389 doctores·
254 1334 286 1389 et
310 1324 535 1404 praedicatores
552 1324 663 1404 populi
685 1324 791 1398 fidelis,
840 1335 871 1385 et
885 1345 938 1404 per
952 1327 1049 1405 ligus,
1072 1325 1212 1399 toeuum,
1232 1325 1391 1405 stipulum,
1414 1330 1542 1404 peocete

96 1415 149 1495 qni
163 1413 357 1475 tundcmenro
371 1410 443 1472 fidei
455 1417 669 1488 superstrnuut
684 1411 791 1473 doctri-
840 1411 989 1474 venialis:
1010 1413 1198 1492 Augustinus
1220 1421 1323 1475 entem
1347 1410 1403 1475 ille
1417 1408 1542 1491 quidem

97 1522 167 1563 nrm
182 1499 221 1561 ed
236 1500 328 1560 vitem
343 1516 505 1578 moresque
522 1499 738 1576 pertinentem,
761 1507 793 1559 et
840 1501 1050 1579 interpretetur
1065 1518 1157 1579 opere
1173 1497 1459 1579 supererogetionis,
1465 1497 1540 1559 heec

96 1590 163 1668 ipss
187 1605 305 1667 quoque
331 1585 399 1645 fidei
424 1586 569 1663 mysterio
593 1584 713 1664 plenius
739 1603 793 1646 ex·
840 1605 912 1647 vero
928 1587 1120 1652 omissionem
1135 1586 1340 1659 consiliorum,
1355 1593 1388 1647 et
1398 1584 1542 1649 effectum

98 1683 222 1755 ponunt.
841 1672 991 1753 quendem
1007 1672 1157 1734 cernelem
1169 1672 1210 1733 ed
1225 1673 1305 1735 bom
1318 1672 1414 1751 hujus
1427 1669 1544 1741 mnudi,

139 1762 233 1820 Porro
247 1778 366 1830 eurum,
381 1764 536 1836 argentum
552 1764 583 1817 et
596 1757 712 1837 lapides
725 1777 793 1838 pre·
840 1759 952 1821 licitum
967 1760 1115 1841 utujunt,
1139 1758 1194 1821 sed
1215 1761 1269 1840 qui
1283 1758 1420 1821 dolorem
1434 1756 1543 1828 refert.

98 1849 208 1921 tiosos,
233 1845 311 1906 bone
333 1863 423 1924 opere
446 1845 678 1924 interpretentur
696 1844 792 1924 Ghry·
841 1864 908 1907 curn
928 1847 981 1907 ille
1002 1847 1083 1907 bour.
1104 1847 1288 1909 enrittuutnr.
1329 1845 1445 1924 Neque
1465 1843 1544 1904 enirn

97 1943 255 2005 metemus,
271 1931 491 2002 Theodoretus,
505 1951 541 1993 eo
551 1933 661 1992 caeteri
675 1931 792 2006 Graeci,
841 1934 1028 2012 Augustinus
1044 1934 1094 1993 vel
1110 1952 1233 2011 operum
1255 1932 1544 2013 supererogationis,

98 2023 190 2083 etiem
203 2021 400 2098 posteriores:
422 2036 548 2095 quorum
570 2026 670 2079 exstet
684 2018 722 2079 de
736 2019 794 2079 hec
841 2018 890 2080 vel
913 2021 1082 2081 omissionis
1105 2020 1297 2081 consiliorum
1318 2037 1466 2098 expresse
1480 2035 1542 2081 rue·

96 2107 296 2169 reuertentis
312 2108 344 2168 in
356 2104 487 2166 eonciliu
495 2105 677 2166 Florentino.
693 2105 793 2184 Ligus
840 2107 940 2167 minit:
960 2106 1018 2168 sed
1033 2108 1065 2166 in
1078 2108 1173 2185 priori
1192 2107 1271 2168 serie
1293 2107 1381 2185 pouit
1394 2124 1468 2177 eos,
1489 2104 1543 2183 qni

96 2214 176 2266 vero,
191 2192 312 2255 menum
326 2202 357 2254 et
366 2193 507 2272 stipulum
518 2191 689 2270 intelligunt
701 2191 792 2253 iidem
841 2194 976 2273 cogitent
990 2212 1075 2273 quse.
1084 2193 1145 2255 Dei
1166 2201 1251 2265 eunt,
1273 2195 1406 2255 aninum
1429 2190 1543 2252 esten-

96 2280 180 2342 mele
194 2286 286 2360 opere
300 2288 424 2341 aeterno
439 2281 510 2358 igne
525 2279 685 2359 punienda.
783 2324 785 2331 .
840 2288 886 2340 tes
895 2279 1328 2358 liberumeoupiditcterernm
1335 2288 1542 2341 terrenerumr

139 2367 200 2429 see
215 2367 314 2428 obstet
324 2368 398 2428 huic
408 2364 583 2436 intellectui,
594 2364 677 2446 qnod
686 2374 793 2446 postes
841 2385 920 2444 ques
934 2369 1171 2429 etsiooucessee
1193 2368 1253 2428 sint
1274 2373 1314 2430 et.
1328 2387 1391 2431 non
1404 2365 1542 2438 illicitus,

95 2456 247 2537 seqnitur,
266 2455 366 2533 iprum
389 2452 687 2531 supemedificsntem
702 2453 793 2532 ligne,
821 2450 992 2532 'cupiditus
1014 2461 1117 2514 minen
1138 2453 1220 2532 ipss,
1242 2472 1304 2532 que
1326 2454 1370 2514 ric
1392 2461 1542 2524 ementur,

95 2542 217 2603 foenum
238 2549 270 2600 et
292 2539 449 2621 stipulum,
479 2538 597 2600 selvum
618 2539 683 2602 lore
705 2540 793 2621 qussi
838 2549 873 2599 ut
887 2540 950 2601 eine
965 2539 1069 2601 delere
1082 2559 1145 2600 non
1158 2541 1349 2614 emittentur,
1366 2539 1479 2599 vitiose
1494 2546 1543 2601 ert

96 2631 273 2709 perignem.
294 2625 559 2705 Deindepeccute
574 2626 696 2704 mrjors,
711 2644 792 2706 quoe
840 2635 870 2689 et
892 2627 1015 2688 illicite:
1041 2627 1073 2687 in
1094 2625 1163 2690 eliie
1189 2625 1311 2706 quidum
1333 2625 1488 2698 morulis,
1511 2626 1543 2685 in

94 2722 219 2776 mortem
234 2722 384 2775 merentur
408 2719 575 2785 ueternum,
597 2708 791 2791 sptius‘oum·
839 2712 907 2774 eliis
922 2714 1065 2777 venistis:
1089 2711 1341 2792 quemadmodum
1357 2713 1390 2773 id
1404 2711 1543 2793 explicet

94 2802 246 2880 paraveris
277 2818 344 2860 cnm
371 2799 465 2871 ferro,
498 2817 570 2859 ecre
599 2807 632 2859 et
659 2799 791 2879 plumbo,
840 2801 906 2879 ipse
921 2801 1117 2880 Augustinus.

95 2908 184 2968 quem
201 2907 270 2947 cnm
284 2886 479 2965 lignis,lueno
495 2895 527 2944 et
541 2885 670 2963 stipula,
686 2906 790 2966 quem·
883 2886 975 2949 Certe
989 2888 1141 2949 carnelum
1157 2886 1241 2950 illum
1252 2885 1393 2949 effectum
1403 2885 1445 2947 ed
1463 2885 1543 2947 boue

94 2973 254 3034 admodum
270 2973 358 3034 docet
372 2972 537 3050 Gregorius
552 2970 618 3032 libr.
634 2977 663 3034 4.
678 2973 789 3051 dialog.
838 2974 929 3051 hujus
948 2973 1053 3036 muudi
1073 2973 1225 3049 renielem
1248 2991 1331 3045 esse,
1357 2981 1392 3034 et
1413 2971 1544 3053 proinde

94 3081 159 3141 cep.
175 3062 225 3123 39.
248 3059 336 3121 Adde
351 3058 447 3138 quod,
471 3059 524 3136 qui
546 3058 698 3120 mortifere
720 3079 788 3140 peo-
838 3061 989 3133 illicitum,
1016 3059 1143 3122 effinnet
1168 3059 1303 3121 Thomas
1330 3061 1363 3119 iu
1390 3078 1542 3121 commen-

94 3159 163 3208 cete
174 3148 371 3218 committunt,
383 3146 519 3228 quemvis
530 3144 621 3205 fidem
631 3147 789 3220 retineant,
838 3149 931 3208 terior
954 3166 1011 3208 nec
1025 3147 1130 3217 video,
1143 3148 1198 3228 qui
1213 3147 1319 3225 negnri
1332 3148 1448 3227 possit,
1472 3165 1543 3207 oure

93 3255 152 3296 non
166 3242 266 3295 temen
282 3232 442 3294 sedificsut
456 3251 546 3312 snper
556 3230 789 3308 fundumentum,
837 3236 877 3294 sit
893 3232 1088 3295 inordinatus.
1111 3233 1179 3295 Neo
1201 3232 1317 3295 diceret
1335 3232 1541 3312 Augustinus,

93 3320 176 3401 qnod
198 3330 246 3382 est
271 3318 421 3393 Christus,
441 3319 472 3379 id
493 3328 541 3379 est
559 3338 651 3399 super
665 3327 789 3400 petrem,
837 3341 971 3383 ersurorn
987 3320 1136 3398 ejusmodi
1155 3320 1297 3381 effectum
1319 3321 1385 3382 sire
1398 3339 1542 3390 umorem,

93 3408 147 3468 sed
161 3427 251 3487 snper
266 3427 402 3480 menum,
425 3405 533 3467 March.
551 3408 588 3478 7.,
610 3407 681 3487 quie
696 3416 787 3468 terre·
836 3408 863 3467 si
877 3406 993 3466 nullum
1018 3415 1099 3466 esset
1117 3416 1281 3487 peccatum.
1320 3400 1420 3487 Igitur
1435 3408 1539 3492 Augu·

92 3514 163 3555 unm
186 3493 307 3575 aliquid
327 3492 447 3554 Christo
474 3501 689 3573 praeponunt,¹
706 3493 788 3554 ideo·
836 3495 909 3554 stini
922 3503 953 3554 et
968 3493 1106 3572 Gregorii
1120 3514 1181 3555 uus
1196 3494 1345 3557 sententie
1359 3502 1421 3568 eet,
1451 3512 1540 3573 quem

92 3601 151 3661 que
162 3587 227 3642 tots
237 3580 340 3641 domus
348 3601 449 3641 eornm
462 3588 589 3641 corruet
612 3581 636 3642 J
637 3601 683 3643 ern
695 3579 788 3642 multo
836 3579 983 3641 diximus:
998 3580 1072 3643 licet
1080 3581 1121 3641 eb
1132 3582 1303 3659 Augustino
1315 3581 1538 3660 sapientissimo

90 3670 187 3730 minus
202 3668 262 3729 dici
276 3674 392 3748 potest,
415 3667 447 3728 id
469 3666 552 3747 quod
565 3668 787 3728 Ambrosiuster
836 3664 957 3728 doctore
976 3669 1120 3745 penitius,
1150 3666 1269 3730 velute
1289 3665 1461 3742 reditibus,
1491 3686 1538 3730 ex·

91 3755 255 3835 significet,
277 3773 330 3833 per
344 3774 464 3828 eurum,
480 3763 654 3834 argentum,
671 3753 787 3834 lapidee
835 3760 973 3834 promptu
987 3761 1019 3814 et
1034 3754 1182 3834 exposite.

89 3844 253 3923 pretiosos,
268 3840 399 3921 intelligi
413 3840 577 3902 doctr-inem
592 3841 785 3917 catholicum
886 3840 1097 3901 Verumtamen
1134 3841 1217 3920 quis
1252 3839 1538 3920 supersedificeutes

90 3949 145 4007 per
159 3930 253 4011 ligne,
273 3926 394 3988 foenum
410 3935 442 3988 et
462 3929 622 4008 stipulum,
645 3948 740 4008 preve
755 3936 788 3987 et
837 3927 1020 3988 ostendimus
1035 3947 1074 3988 ex
1086 3927 1230 4006 Apostoli
1244 3935 1344 3987 mente
1357 3946 1419 3988 uon
1435 3946 1536 3994 omues

90 4015 241 4079 heeretics
257 4014 406 4096 dogmrte.
428 4015 508 4076 Nem
530 4016 562 4074 in
583 4015 630 4075 his
652 4034 691 4076 ne
711 4013 786 4076 fides
825 4013 941 4095 'fideles
956 4014 1084 4093 intelligi
1096 4014 1215 4087 debere,
1231 4011 1285 4073 sed
1297 4013 1379 4073 solos
1391 4014 1539 4085 doctores,

90 4103 212 4182 quidem
227 4104 310 4183 ipso,
332 4104 471 4183 quemuis
485 4109 617 4176 mortue,
639 4110 741 4163 munet
755 4103 786 4161 in
834 4100 947 4162 idcirco
963 4103 1053 4161 etiem
1069 4102 1217 4181 expositio
1235 4099 1301 4178 jem
1321 4099 1404 4161 dicte
1419 4112 1536 4165 contre·

89 4189 293 4251 fundamento.
443 4224 446 4229 ·
833 4187 934 4250 hende
949 4186 1329 4266 estrddoctriusmqnee
1338 4185 1537 4251 mmmmm

131 4277 257 4337 Rectius
279 4275 466 4354 Augustinus
488 4294 607 4348 eurum,
628 4281 785 4354 argentum
832 4284 936 4334 rectae
951 4295 987 4335 sc
1002 4294 1096 4336 sense
1110 4274 1182 4336 fidei
1192 4275 1433 4352 superstruitur,
1447 4283 1484 4338 ut
1495 4276 1536 4337 ri·

90 4371 122 4423 et
142 4362 259 4443 lapides
280 4363 433 4441 pretiosos
462 4363 672 4440 interpreatur
693 4381 786 4441 opere
832 4360 942 4423 delicet
955 4381 1010 4441 per
1026 4377 1144 4432 surum,
1170 4367 1346 4441 argentum,
1369 4362 1535 4444 etlepides

88 4449 185 4510 bose:
204 4450 300 4530 ligne,
315 4448 437 4510 foenum
452 4458 484 4509 et
499 4447 654 4527 stipulum,
676 4447 785 4510 incrdi-
831 4449 980 4528 pretiosus
998 4448 1186 4525 intelligetur
1205 4447 1344 4509 doctrine
1359 4467 1456 4527 pure,
1477 4449 1534 4512 m·

89 4544 174 4596 netes
188 4537 313 4600 effectus
329 4535 369 4597 ed
389 4555 437 4595 res
454 4543 604 4608 terrenus,
628 4542 659 4595 et
672 4537 704 4597 in
718 4536 784 4596 mri-
832 4555 915 4610 cere,
937 4535 1049 4610 solide,
1076 4534 1246 4597 conducens
1261 4532 1303 4593 ed
1317 4534 1486 4613 pietstern,
1507 4542 1535 4596 et

88 4642 210 4689 versum
223 4623 359 4685 venialis
379 4629 523 4701 peccem,
545 4629 576 4683 et
597 4629 632 4682 ut
652 4622 720 4701 ipse
740 4621 783 4683 lo·
829 4624 981 4702 pertinens
997 4622 1036 4684 ed
1058 4629 1263 4683 crumentum
1284 4620 1454 4699 ecclesium
1477 4641 1531 4704 per

89 4711 199 4790 quitur,
215 4728 345 4774 emerem
359 4728 458 4773 rerum
473 4708 688 4793 tempursllum,
703 4726 792 4791 qussi
829 4708 912 4792 ligor
923 4709 1168 4793 rerostfcennm
1174 4717 1213 4773 -et
1221 4707 1376 4789 stipulum,
1389 4707 1530 4779 ductrice
