3254 5190
163 270 234 337 m
655 262 1102 321 commensuratus

158 439 335 511 humentem,
351 440 479 511 anxiem,
495 447 532 513 et,
547 446 581 499 ut
592 438 740 499 Erasmus
755 441 853 513 vertit,
903 439 1002 519 Quem
1029 439 1067 501 ob
1089 459 1212 503 causam
1238 437 1376 501 diabolus
1398 450 1432 501 et
1449 443 1602 516 prinupr

158 525 315 586 sollicitem
323 526 576 605 exspectationem
585 524 733 602 (Hilarius
742 526 792 586 lib.
805 529 853 587 12.
901 528 1016 587 mundi
1030 528 1124 601 bajus
1137 535 1265 587 vocetur
1280 526 1304 589 J
1304 547 1372 589 oen.
1386 531 1436 591 14.
1448 533 1485 588 et
1497 527 1558 600 16,
1571 535 1603 589 et

160 613 198 672 de
213 613 298 672 Trin.
317 612 513 691 longinquam
537 614 795 692 exspectationem
809 614 852 675 le·
904 615 991 675 Deus
1006 615 1099 688 brejas
1113 614 1230 674 succedi
1252 612 1356 675 scor.
1371 617 1401 689 4.

159 696 232 777 git);
254 700 312 758 imo
327 701 428 779 potins
444 698 685 759 observationem
704 707 734 759 et
749 720 853 779 specu·
947 702 1020 761 Nori
1036 702 1152 762 colcos.
1176 699 1293 760 Graece
1313 691 1370 778 οὐχ
1384 695 1513 776 ἑκοῦσα,
1535 718 1604 761 noe

160 785 320 861 lationem,
336 784 415 860 dum,
430 783 646 847 velutexserto
662 788 769 865 rapite,
785 788 853 866 quis
903 788 1070 862 elucere,
1102 786 1311 848 conlabens
1341 786 1471 849 Tertull
1495 789 1602 848 iovite.

159 871 316 945 observet,
342 871 425 951 quod
450 871 670 952 speculatorum
694 880 748 932 est
783 873 854 933 Non
903 873 974 949 Alii,
992 893 1060 935 reon
1076 882 1197 950 sponte.

159 960 237 1019 enim
252 958 413 1038 respondet
427 960 521 1019 verbo
536 960 586 1019 hic
601 961 697 1038 posito
719 950 854 1017 ἀπεκδέ-
947 962 1009 1022 Sed
1021 968 1157 1037 propter
1171 979 1253 1035 mm,
1269 963 1325 1036 qui
1335 958 1467 1035 meree
1483 978 1556 1021 com
1567 962 1602 1020 ia

159 1061 258 1122 χεται,
275 1053 442 1121 exspectat,
458 1046 536 1106 sieut
551 1048 582 1106 iu
594 1045 721 1120 Latin03
737 1045 792 1106 sed
804 1046 853 1106 de·
903 1067 964 1124 spe.
988 1049 1073 1108 Eam
1095 1067 1155 1107 nou
1177 1056 1225 1107 est
1247 1048 1279 1107 iu
1294 1045 1421 1121 Graeco,
1443 1045 1503 1109 aad
1517 1045 1601 1107 irtel·

156 1133 287 1191 rivatum
300 1142 345 1192 est
356 1132 476 1192 averbo
490 1123 749 1208 ἀποκαραδοκεῐν,
773 1130 855 1212 quod
904 1133 1012 1213 ligitur.
1036 1135 1078 1193 Ic
1092 1153 1158 1216 spe,
1181 1131 1300 1193 Graece
1315 1120 1365 1190 ἐπ’
1380 1124 1497 1210 ἐλπίδι,
1522 1131 1602 1214 quod

158 1239 217 1278 nou
229 1238 249 1277 a
259 1217 358 1292 eorde,
373 1227 406 1278 ut
419 1227 528 1299 putant
543 1218 692 1292 nonnulli,
702 1217 757 1279 sed
772 1240 790 1279 a
805 1240 853 1280 ca·
904 1221 959 1281 alii
968 1229 1104 1281 venunt:
1119 1221 1175 1282 tub
1187 1239 1252 1296 spe,
1268 1238 1360 1280 suren
1370 1229 1475 1281 umen
1485 1219 1600 1281 eodem.

157 1309 220 1385 pite
235 1304 352 1376 dicitur,
369 1326 405 1365 ac
421 1307 447 1365 si
460 1304 552 1375 dieas,
576 1306 641 1384 ipso
657 1307 756 1384 eapite
771 1326 854 1386 spec·
903 1307 1043 1368 Persiatit
1059 1306 1221 1387 Apostolus
1238 1308 1269 1366 iu
1283 1308 1509 1387 prosopopoeia
1523 1326 1599 1369 mo·

158 1402 229 1465 tare,
251 1391 335 1471 quod
357 1401 402 1454 est
422 1400 625 1471 prospectare.
649 1391 803 1453 Consonat
824 1401 856 1452 et
904 1401 997 1464 turae,
1013 1414 1100 1475 quam
1111 1394 1185 1455 dicit
1199 1394 1325 1455 vanitati
1337 1394 1514 1473 subjectem
1527 1412 1599 1469 esee,

158 1478 315 1558 Syriacum
340 1478 479 1554 verbum,
506 1478 588 1558 quod
611 1479 854 1557 interpretantur,
904 1500 964 1541 uon
979 1479 1115 1553 libenter,
1137 1500 1193 1543 nec
1208 1489 1316 1560 sponte
1331 1500 1395 1555 sua
1418 1479 1449 1543 id
1466 1489 1525 1554 est,
1545 1499 1598 1547 a·

159 1565 262 1626 oculos
277 1565 436 1639 intendere,
457 1574 488 1626 et
502 1567 594 1646 qussi
617 1567 648 1627 in
663 1565 787 1645 specula
802 1586 854 1627 ex·
904 1586 944 1626 ex
967 1568 1160 1629 inclinatione
1182 1585 1256 1627 suec
1278 1574 1414 1640 murrae,
1437 1586 1510 1628 cnm
1531 1584 1597 1629 un·

160 1660 305 1733 spectare.
904 1673 1041 1735 quaeque
1052 1674 1102 1713 res
1114 1652 1290 1715 naturaliter
1300 1673 1387 1714 suam
1400 1661 1531 1734 appetet
1539 1672 1600 1735 per·

201 1740 314 1801 Sensus
330 1741 496 1818 igiturest:
520 1740 603 1801 'Pota
617 1739 693 1799 haec
708 1746 853 1811 ereatura,
903 1739 1075 1807 lectionem.
1097 1741 1320 1821 corruptionem
1335 1749 1440 1805 auten
1456 1750 1491 1801 et
1504 1738 1599 1803 deiec-

160 1847 238 1907 qnae
252 1825 403 1886 hominnm
419 1826 523 1887 usibus
537 1826 697 1897 subservit
720 1828 854 1886 attentis
903 1835 965 1887 tum
979 1827 1090 1907 fugiat,
1106 1827 1161 1888 sed
1173 1847 1212 1889 ex
1228 1825 1428 1902 ordinatione,
1442 1827 1600 1907 velutique

160 1917 236 1974 sima
246 1913 455 1974 observatione
467 1922 586 1993 tempus
598 1911 673 1972 illud
690 1920 853 1993 exspectat,
903 1921 1066 1994 praecepto
1081 1914 1150 1986 Dei,
1173 1916 1227 1995 qui
1247 1914 1338 1988 illam,
1360 1915 1494 1977 hominia
1513 1913 1600 1995 culpe

160 2018 219 2080 que
245 2000 340 2080 gloria
366 1999 494 2060 filiorum
518 2000 579 2061 Dei
604 2000 854 2072 manifestabitur,
904 2001 1118 2079 sieexigente,
1139 2000 1271 2079 subJ'ecit
1292 2001 1599 2072 humanitatum

160 2087 192 2148 id
212 2095 270 2161 est,
293 2106 353 2168 quo
372 2087 426 2148 lilii
441 2088 500 2146 Dei
522 2087 643 2165 gloriosi
658 2085 853 2167 apparebunt.
902 2088 933 2145 in
949 2096 1125 2166 perpetuum
1135 2098 1245 2158 nmen,
1260 2087 1313 2147 sed
1325 2086 1364 2147 ad
1376 2097 1508 2169 tempus,
1522 2084 1599 2149 facta

160 2175 253 2236 Nm
268 2178 354 2235 enisu
363 2175 509 2235 noudum
521 2176 685 2251 apparuit,
701 2172 779 2250 quid
790 2175 853 2232 eri·
904 2175 933 2233 ei
947 2193 1002 2253 spe
1017 2173 1210 2246 liberationis,
1230 2173 1269 2233 de
1284 2193 1347 2253 que
1362 2176 1516 2255 sequitur:

159 2280 239 2337 mue,
265 2259 280 2321 1
298 2263 322 2323 J
324 2279 389 2321 oen.
406 2261 435 2320 3.
458 2261 547 2321 Ratio
564 2269 626 2321 tem
641 2260 788 2320 sollicitae
803 2279 854 2318 ex·
946 2262 996 2320 21.
1020 2263 1103 2341 Quia
1118 2269 1148 2321 et
1162 2263 1234 2337 ipsu
1250 2268 1399 2322 creature
1414 2261 1597 2329 libes-obiise

161 2349 353 2428 spectationis
374 2347 523 2428 seqnitur:
903 2364 924 2405 a
939 2349 1088 2408 servitute
1103 2350 1327 2424 corruptionis.
1350 2346 1468 2409 Haeret
1480 2368 1546 2408 cum
1556 2365 1597 2419 eo,

204 2436 254 2495 20.
284 2436 428 2496 Vanitati
449 2437 532 2493 enim
553 2441 702 2493 creatura
717 2431 856 2505 nebjecta
902 2431 984 2513 quod
999 2435 1134 2513 proxime
1150 2433 1234 2506 dixit,
1256 2437 1292 2494 irs
1306 2452 1371 2510 epe,
1395 2443 1429 2495 et
1448 2438 1528 2512 quia
1547 2451 1597 2513 pro

161 2529 212 2582 est.
235 2521 405 2582 Veniteteur
427 2519 567 2598 iutelligit
585 2538 644 2578 non
663 2518 854 2590 eam'solum,
902 2519 987 2595 quod
1001 2521 1141 2599 positum,
1156 2519 1275 2581 Graece
1291 2511 1349 2595 ὅτι,
1374 2530 1409 2581 ut
1424 2521 1466 2581 sit
1481 2538 1597 2587 seuam

161 2626 240 2686 quae
255 2609 392 2669 consistit
413 2609 444 2666 in
465 2605 662 2666 instabilitate
683 2615 714 2665 et
728 2604 854 2663 mutabi·
903 2605 1042 2682 Subjecit
1057 2626 1123 2667 eam
1137 2607 1264 2667 vanitati
1280 2626 1348 2666 oum
1362 2606 1423 2667 hnc
1437 2626 1503 2688 spe,
1522 2602 1599 2687 quod

159 2694 247 2754 litete
268 2713 366 2753 rerum
388 2694 476 2771 hujus
497 2690 610 2763 mundi,
635 2692 673 2750 de
695 2711 757 2770 qua
777 2688 855 2750 dixit
904 2693 970 2770 ipsa
985 2712 1105 2772 quoque
1118 2692 1282 2773 aliquando
1297 2692 1597 2763 vinclieubitnreeee·=

160 2778 376 2840 Ecclesiastes:
400 2780 517 2840 Omnia
533 2781 671 2851 vanitas,
687 2777 801 2837 scilieet
816 2777 853 2837 ob
903 2779 999 2837 vitute
1025 2779 1223 2858 corruptionis
1248 2789 1278 2841 et
1303 2779 1517 2840 mutabilitatis
1537 2779 1597 2859 jem

159 2864 383 2926 vicissitudines
405 2865 631 2944 generationum
646 2871 677 2922 et
691 2863 854 2941 corruptio·
903 2864 1012 2937 dictae,
1026 2866 1289 2927 cuinuncinterim
1301 2866 1465 2943 subjacere
1476 2868 1597 2946 cogitur.

159 2971 246 3022 num,
268 2969 348 3030 quae
371 2951 473 3012 varias
498 2958 722 3029 consequuntur
747 2948 853 3009 altera·
902 2950 1115 3030 Hieronymus,
1137 2971 1291 3031 exponens
1305 2952 1488 3032 prophetam
1501 2951 1595 3015 Hebe·

159 3040 269 3113 tionea3
282 3037 337 3098 sed
345 3058 413 3098 eam
424 3056 542 3118 quoque
554 3033 785 3116 comprehendit,
793 3056 853 3116 qua
902 3056 956 3096 cuc
972 3058 1028 3116 cap
1054 3043 1092 3109 3.,
1116 3038 1195 3098 hano
1210 3045 1364 3099 creaturae
1377 3040 1557 3100 servitutem
1569 3044 1597 3099 et

157 3123 285 3184 mundus
296 3125 327 3184 iu
339 3123 517 3184 deteriorem
527 3132 639 3183 statum
650 3130 851 3182 commutatus
902 3122 1106 3184 liberationem
1116 3123 1250 3185 extendit
1258 3123 1297 3185 ad
1309 3124 1597 3204 corporaooelesu's,

159 3219 215 3283 eet,
237 3229 315 3292 quae
329 3208 466 3270 nimirum
478 3212 599 3270 invecta
613 3219 659 3269 est
674 3208 783 3270 mundo
799 3229 853 3288 per
902 3208 996 3269 solem
1008 3219 1040 3269 et
1048 3210 1159 3282 lunam,
1170 3210 1324 3272 adducens
1336 3210 1526 3273 illudIsaiee
1534 3209 1597 3272 et:

158 3306 315 3377 peecatum
330 3297 467 3369 hominis,
483 3296 732 3356 cuidictumest:
752 3297 853 3356 Terra
902 3298 975 3357 Erit
996 3296 1052 3358 lus
1073 3298 1171 3357 lunae
1197 3299 1278 3359 sieut
1304 3298 1362 3359 lus
1383 3299 1470 3374 rote,
1494 3305 1526 3359 et
1544 3296 1597 3358 las

159 3384 328 3444 maledicta
342 3387 378 3444 irs
393 3401 486 3458 opere
501 3390 568 3459 tuo,
592 3372 720 3444 (lenosis
737 3387 765 3444 3.
901 3383 976 3444 solis
1002 3383 1252 3459 septempliciter.
1285 3383 1373 3462 Quae
1400 3385 1510 3447 eadem
1531 3383 1596 3445 Am·

201 3469 251 3530 Ad
273 3489 363 3550 quam
385 3471 547 3530 vanitatem
568 3470 625 3530 hoc
648 3488 771 3550 quoque
786 3489 852 3548 per·
902 3470 994 3530 brosii
1009 3471 1156 3531 sententie
1173 3478 1220 3530 est
1234 3471 1265 3530 iu
1280 3469 1378 3549 Epist
1392 3475 1444 3533 21.
1459 3481 1492 3532 et
1508 3474 1557 3533 tt
1570 3476 1599 3529 et

159 3557 242 3629 tinet,
257 3556 338 3637 quod
352 3564 496 3629 creatura,
517 3576 595 3637 quse
609 3559 642 3616 in
656 3575 743 3616 usum
758 3555 851 3619 homi·
903 3555 1056 3634 chrysost
1074 3557 1105 3616 in
1120 3565 1275 3616 comment.
1299 3556 1341 3616 Et
1355 3566 1430 3618 nota
1445 3566 1493 3619 est
1503 3556 1595 3619 Theo

159 3662 230 3703 num
244 3645 336 3715 venit,
352 3663 461 3722 magna
477 3654 565 3720 parte
579 3644 725 3721 permissa
741 3651 786 3702 est
800 3660 852 3720 po·
904 3642 1040 3722 logorum
1055 3640 1199 3713 doctrina,
1221 3643 1253 3703 in
1274 3644 1501 3705 resurrectione
1515 3642 1599 3705 boni·

160 3730 265 3789 testati
290 3731 433 3810 principis
464 3728 553 3808 hujus
578 3727 688 3789 muudi.
726 3731 854 3807 Propter
903 3750 974 3790 num
990 3729 1120 3789 futuram
1134 3729 1361 3790 renovationem
1377 3731 1471 3790 totius
1488 3739 1599 3792 erute·

160 3814 242 3895 quod
263 3823 294 3876 et
315 3816 429 3875 multae
456 3825 614 3877 creaturae
636 3814 854 3877 consuetudine
903 3836 964 3885 rae,
987 3835 1079 3895 quam
1094 3816 1243 3894 significat
1264 3816 1414 3896 scriptura
1429 3818 1449 3876 ἓ
1466 3816 1599 3887 Perit,

159 3901 291 3962 fidelium
313 3902 542 3972 benedicuntur,
566 3910 598 3963 et
614 3903 707 3981 juxte
727 3906 854 3980 Aposto-
903 3903 998 3981 Apoc.
1017 3906 1075 3973 21,
1099 3912 1130 3962 et
1145 3902 1244 3962 isaiae
1260 3902 1319 3972 65,
1339 3921 1437 3963 novoe
1459 3903 1600 3965 coelos«

158 3989 221 4049 lum
239 3995 252 4048 l
272 3989 352 4050 tim„
367 3993 397 4050 4.
413 3989 636 4050 sanctificentur
648 4008 709 4064 per
723 3987 855 4050 verbum
904 4010 1014 4050 novem
1030 3997 1138 4049 terram
1152 3988 1336 4068 promittens.

159 4078 221 4137 Dei
243 4083 272 4136 et
295 4079 488 4152 orationem,
512 4084 546 4136 ut
570 4083 707 4155 potestas
731 4072 854 4146 diaboli,
947 4076 1059 4136 Verum
1076 4072 1106 4133 id
1120 4074 1179 4136 boc
1193 4074 1437 4154 locosigniticari
1451 4074 1599 4139 nouarbi‘

158 4182 214 4242 per
224 4183 277 4223 eas
289 4182 399 4245 nouere
414 4164 522 4242 parati,
539 4163 719 4223 cohibeatur.
734 4161 783 4223 De
794 4180 855 4242 qua
904 4169 981 4237 tror3
1005 4182 1066 4222 non
1082 4161 1160 4221 enim
1176 4160 1229 4221 illa
1244 4180 1370 4241 corpora
1388 4163 1524 4225 vanitati
1536 4162 1601 4224 sub-

159 4251 293 4310 venitate
309 4251 401 4311 etiam
411 4248 594 4310 Prudentius
608 4248 798 4309 hunelocum
810 4250 853 4307 iu·
900 4249 984 4327 jecta
997 4248 1136 4309 dicimus.
1159 4246 1249 4327 Quod
1271 4267 1344 4308 vero
1365 4247 1544 4313 Ambrosias
1562 4248 1600 4311 ib·

159 4344 341 4416 terpretatur
356 4337 387 4396 in
402 4337 642 4416 Hemartigenia,
665 4333 770 4396 dicens
784 4350 854 4394 om·
904 4334 981 4395 idem
991 4336 1079 4396 etiam
1090 4333 1129 4394 ed
1139 4333 1275 4413 angelos,
1285 4334 1442 4397 homiuum
1454 4335 1601 4409 mstodee

160 4440 233 4483 neu
255 4423 763 4499 cummutationem
787 4439 855 4481 oen
904 4421 981 4482 hanc
1010 4421 1185 4482 servitutem
1212 4419 1301 4481 simul
1331 4427 1363 4481 et
1392 4420 1602 4493 liberationem

161 4517 271 4585 sponte
298 4510 475 4585 laboribus,
500 4512 634 4587 perjuro
660 4511 779 4568 servire
804 4508 855 4567 la·
904 4506 1068 4567 extendere
1084 4506 1212 4580 videtur,
1232 4507 1291 4569 niei
1311 4507 1445 4587 benigue
1460 4509 1602 4590 iuterpre-

160 4599 258 4670 troni,
273 4597 305 4658 id
320 4606 377 4671 est,
391 4595 519 4657 diabolo
542 4594 580 4655 Id
596 4595 766 4675 expressius
780 4592 855 4655 alibi
904 4597 983 4666 teris,
997 4594 1092 4673 recipi
1103 4614 1163 4655 uon
1175 4601 1283 4674 potest
1306 4592 1602 4675 Seddebujusmdi

160 4680 249 4745 docet
266 4682 451 4764 ¹Apostolus,
471 4690 511 4744 >ut
530 4680 572 4742 ad
589 4681 705 4762 llpbes.
728 4684 755 4742 2.
774 4688 809 4742 st
825 4681 853 4742 t.
905 4681 1119 4754 commentario
1134 4679 1425 4761 paulofpostplurs.
1535 4714 1538 4721 ·
