3254 5190
510 295 673 349 epistolas
691 295 730 348 Ab
750 295 902 350 1101111108.
919 295 1003 348 111115.
1025 296 1064 348 12.
1084 295 1124 347 lt.
1489 299 1536 367 45

91 470 206 554 quidem
231 471 329 531 sacris
347 471 443 532 literis
465 471 624 550 peculiaris
641 468 709 548 est),
732 492 792 531 ma·
840 479 1025 551 acceperunt,
1049 469 1101 530 sed
1117 471 1181 530 sola
1196 470 1264 550 lege
1279 481 1411 542 naturae,
1434 479 1537 530 contra

91 579 172 618 nasse
196 558 238 617 ab
263 558 426 631 Hebraeis,
450 557 559 638 quibus
582 559 719 638 accipere
741 559 791 618 vel
841 579 929 639 quam
951 567 1159 637 peceaverunt.
1183 559 1243 638 Qui
1259 578 1330 619 vero
1354 559 1422 637 lege
1437 578 1455 616 a
1471 558 1536 616 Deo

92 665 203 704 6616666
228 644 359 719 faciem,
386 645 437 703 vel
460 644 608 724 respicere
632 644 792 704 infaciem
841 645 897 703 sibi
913 644 1023 704 tradita
1046 653 1149 703 contra
1172 664 1236 703 earn
1255 652 1462 724 peccaverunt,
1483 663 1539 723 per

92 732 215 791 bominis
227 730 379 804 dicuntur,
392 732 444 810 qui
455 751 521 790 eum
530 739 652 811 propter
663 731 792 811 aliquam
842 751 908 790 eam
925 733 1018 811 ipsam
1030 731 1128 809 legem
1145 731 1426 790 condemnabuntur.
1450 731 1538 790 Prius

92 818 277 899 qualitatem,
301 838 391 898 quam
414 819 444 876 in
460 817 512 876 illo
536 818 720 897 conspiciunt
742 825 793 876 aut
840 818 1004 877 membrum
1029 818 1168 897 competit
1187 819 1217 877 in
1233 818 1367 897 gentiles,
1390 818 1538 897 posterius

92 913 246 977 noverunt,
274 916 309 964 nt
331 913 455 984 propter
476 904 646 985 potentiam,
670 903 792 984 opulen-
841 904 872 963 in
887 904 1034 963 Judaeos.

93 994 173 1063 dam,
206 991 414 1064 nobilitatem,
445 991 729 1069 consanguinitatem
752 992 793 1049 116
883 989 949 1049 Nec
970 992 1065 1049 minus
1093 998 1139 1049 est
1160 990 1289 1068 judicari
1312 1011 1399 1071 quarn
1420 992 1537 1071 perire:

93 1087 269 1139 reverentur
286 1088 340 1137 aut
354 1086 463 1151 amant,
479 1088 511 1138 61
521 1086 680 1157 propterea
696 1077 733 1136 ab
747 1097 791 1151 eo,
841 1075 1088 1156 quemadmodum
1105 1079 1235 1136 sensisse
1251 1078 1369 1137 videtur
1386 1078 1536 1156 Hierony·

93 1164 166 1246 qnod
178 1186 300 1239 verum,
308 1166 431 1243 justum,
443 1172 554 1223 rectum
567 1173 619 1236 est,
628 1163 791 1243 judicando
841 1183 905 1222 mus
927 1162 978 1222 lib.
997 1169 1022 1222 1.
1039 1162 1149 1243 dialog.
1173 1173 1274 1223 contra
1296 1164 1400 1243 Pelag.
1425 1184 1490 1242 cap.
1508 1165 1536 1222 9.

94 1251 264 1311 deflectant
288 1252 369 1311 Hinc
384 1250 438 1309 illa
453 1259 499 1310 est
514 1249 550 1309 ad
563 1249 681 1328 judices
696 1253 790 1310 incre·
841 1270 955 1328 negans
973 1269 1024 1310 eos
1039 1251 1196 1329 perituros,
1220 1253 1270 1332 qui
1290 1251 1319 1309 in
1342 1252 1409 1329 lege
1430 1269 1537 1330 pecca·

94 1341 168 1418 patio
195 1338 251 1396 Ps.
270 1342 337 1398 81.:
366 1338 531 1415 Usquequu
551 1338 704 1410 iudicatis
727 1340 792 1396 ini·
841 1346 958 1411 verunt,
981 1337 1034 1396 sed
1050 1345 1163 1395 tentum
1183 1336 1378 1415 judicandos:
1402 1358 1469 1396 nam
1489 1338 1537 1414 jn·

95 1429 259 1502 quitatem,
276 1432 306 1483 et
319 1426 420 1501 facies
432 1432 636 1500 pcccatorum
648 1424 791 1484 curratis?
842 1422 950 1483 dicium
966 1425 1177 1504 interpretatur
1188 1423 1226 1484 de
1237 1444 1337 1504 poena
1351 1425 1536 1503 temporaria,

95 1511 177 1572 l'nde
190 1520 222 1570 et
234 1511 395 1571 Pharisaei
407 1530 473 1570 cum
482 1509 661 1571 Herodiania
674 1509 791 1570 Christo
841 1510 1039 1590 perditionem
1056 1510 1092 1569 de
1108 1520 1246 1585 aeterna;
1268 1512 1387 1570 tametsi
1405 1511 1537 1569 declarat

95 1600 239 1658 fallaciter
252 1605 444 1657 assentantes
456 1596 609 1657 dicebant:
627 1600 689 1657 Nec
706 1601 792 1658 caim
842 1618 875 1656 se
893 1597 974 1677 loqui
990 1597 1028 1656 de
1045 1596 1235 1656 credentibus
1251 1599 1281 1657 in
1293 1598 1399 1657 Deum.
1424 1597 1537 1657 Verum

96 1687 177 1746 vides
192 1690 231 1744 in
250 1686 371 1762 [aciem
386 1686 563 1759 hominum,
586 1684 639 1743 scd
655 1687 792 1745 166661·
840 1683 918 1744 hanc
933 1684 1025 1763 ipsius
1039 1683 1217 1764 Hieronymi
1232 1686 1322 1743 tacito
1339 1685 1456 1743 nomine
1472 1705 1536 1745 sen·

96 1776 263 1832 luteciam
279 1773 341 1831 Dei
357 1771 457 1846 doces,
473 1771 570 1830 Marci
587 1775 634 1832 12.
657 1771 716 1831 Pro
733 1793 791 1853 quo
841 1771 977 1844 tentiam,
999 1769 1083 1829 velut
1105 1790 1122 1829 a
1144 1771 1272 1830 veritate
1294 1772 1437 1844 alienam,
1469 1779 1497 1830 et
1519 1792 1538 1830 a

96 1858 169 1939 apud
184 1858 378 1919 Matthaeum
400 1867 502 1918 noster
522 1860 622 1932 vertit,
643 1860 792 1939 respicere
842 1866 939 1918 mente
964 1855 1052 1916 Pauli
1075 1856 1295 1917 dissentaneum
1319 1859 1395 1917 bene
1418 1861 1539 1937 corrigit

95 1947 354 2026 personamque
370 1947 507 2047 pertinet,
523 1945 627 2047 quodJ
620 1947 731 2005 'ustitia
747 1965 792 2005 66·
842 1945 1026 2024 Augustinus
1044 1945 1073 2002 in
1090 1942 1300 2024 explanatione
1315 1945 1364 2003 Ps.
1380 1947 1449 2004 118.
1467 1966 1535 2005 con·

96 2032 132 2093 let
145 2053 240 2093 coeca
260 2033 360 2112 pingi:
383 2032 454 2111 quia
475 2033 611 2091 nimirum
634 2031 728 2092 facies
743 2033 793 2091 ho·
843 2033 927 2091 cione
944 2031 972 2089 5.
990 2051 1025 2090 66
1040 2031 1159 2110 plenius
1174 2032 1225 2109 huj
1226 2030 1342 2091 asmodi
1358 2043 1536 2092 commenta·

96 2123 202 2180 ninum
218 2139 280 2178 non
274 2119 414 2215 aspicit.
439 2118 587 2197 Quoniam
610 2127 708 2178 eutem
731 2138 793 2177 vox
842 2121 916 2178 rium
933 2117 1084 2196 redarguit
1098 2116 1148 2176 lib.
1166 2052 1278 2178 11611116
1294 2127 1324 2177 et
1339 2138 1386 2198 op.
1403 2137 1468 2199 cap.
1486 2120 1536 2180 23.

96 2206 210 2267 Graeca
222 2196 399 2283 apricantur,
417 2225 505 2285 aqua
517 2206 711 2284 compositum
722 2220 792 2282 προ·
842 2205 921 2264 Nam
932 2202 1077 2282 judicium
1091 2210 1207 2263 constat
1218 2205 1362 2283 intelligi
1355 2226 1384 2264 m
1398 2205 1536 2265 condem-

96 2287 276 2372 ωητοληψία
288 2293 631 2371 personarumacceptio,
644 2291 793 2371 significat
841 2293 991 2352 nationem
1015 2298 1044 2349 et
1065 2291 1223 2350 interitum
1248 2291 1292 2350 116
1310 2292 1411 2371 potius
1427 2293 1536 2371 signifi-

97 2392 122 2440 ct
143 2379 254 2438 faciem
278 2387 309 2438 61
331 2397 504 2458 personam3
527 2377 597 2437 inde
619 2377 737 2450 iactum,
760 2387 794 2437 ut
842 2387 924 2437 catur
940 2377 1091 2436 deterioris
1114 2396 1180 2436 esse
1204 2378 1382 2437 conditionis
1403 2397 1462 2451 eos,
1486 2381 1537 2460 qui

96 2465 381 2545 interpretesLatini
395 2463 483 2524 modo
499 2463 613 2537 facicm,
628 2464 715 2524 modo
726 2484 792 2544 per·
841 2485 895 2544 per·
910 2463 1007 2542 legem
1026 2462 1248 2540 judicabuntur,
1272 2466 1425 2545 quoniam,
1448 2473 1481 2524 ut
1495 2468 1538 2525 ait

96 2572 195 2612 sonam
208 2553 355 2631 accipere,
370 2551 432 2610 sint
440 2551 636 2630 interpretati,
653 2572 719 2611 cum
730 2551 791 2610 He·
841 2553 929 2630 Aug,
946 2551 1076 2613 scientes
1087 2561 1302 2629 peccaverunt:
1319 2559 1432 2610 tantum
1444 2552 1536 2626 abest,

96 2639 193 2698 braica
205 2637 297 2698 dictio
313 2644 416 2714 0³25
438 2638 557 2718 proprie
573 2645 685 2697 tantum
702 2639 791 2716 signi·
840 2646 873 2696 ut
888 2636 1073 2716 profuturum
1089 2637 1127 2695 sit
1143 2638 1194 2709 eis,
1218 2636 1316 2716 legem
1332 2636 1492 2699 audivisse.

96 2726 160 2784 icet
185 2722 290 2784 iacies.
315 2721 404 2783 Unde
420 2732 450 2782 et
463 2723 558 2804 Syrus
581 2725 793 2803 interpretatur
886 2724 934 2782 13.
958 2726 1031 2784 Noa
1058 2725 1143 2782 caim
1170 2726 1332 2783 auditores
1359 2726 1434 2800 lepis
1456 2727 1536 2799 justi

97 2811 300 2890 acceptionem
317 2808 469 2883 iaciemm,
492 2810 540 2868 hic
556 2819 586 2868 et
601 2810 708 2870 Jacob.
726 2812 754 2869 2.
839 2819 914 2871 tuat
929 2810 1018 2886 apud
1033 2811 1149 2885 Deum,
1172 2811 1226 2870 sed
1239 2812 1377 2887 factores
1393 2812 1535 2886 1691616-

137 2902 187 2958 12.
212 2900 409 2975 Quicumque
422 2899 506 2956 euim
518 2900 584 2956 sinc
600 2898 664 2971 lepc
677 2915 790 2972 pccca-
838 2896 1070 2973 stificabuatur.
1104 2897 1186 2957 Sunt
1211 2917 1271 2958 non
1302 2899 1476 2978 exprimitur
1505 2899 1536 2958 in

97 2990 227 3058 cerum,
252 2985 320 3041 sinc
344 2982 409 3057 leuc
428 2981 589 3059 peribunt.
621 2982 738 3042 Graece
761 2991 790 3041 61
840 2982 966 3055 Graeco,
990 2992 1020 3041 et
1035 2982 1169 3061 suppleri
1190 2992 1290 3063 potest
1313 2993 1417 3060 cruat,
1441 2994 1534 3043 utre-

95 3069 170 3149 Syre
194 3089 262 3128 cnm
289 3067 409 3145 adjecta
436 3068 543 3149 copula
571 3077 600 3129 et
625 3070 788 3145 peribunt,
839 3069 986 3149 spondeat
1018 3069 1104 3127 alteri
1137 3070 1229 3129 verbo
1262 3071 1535 3147 justificabuntur.

94 3175 180 3235 quam
205 3163 238 3214 et
256 3154 368 3214 habent
389 3155 498 3214 161166
521 3155 667 3234 quaedam
689 3175 790 3214 manu·
838 3157 973 3216 Pressius
988 3175 1096 3235 urgere
1111 3176 1190 3215 6666
1207 3158 1310 3236 incipit
1324 3157 1468 3230 Judaeos,
1485 3157 1536 3237 qui

93 3245 200 3321 scripta
214 3250 398 3342 pervetusta.
421 3241 487 3301 Nec
502 3243 596 3301 otiosa
612 3250 657 3301 est
673 3241 788 3322 copula.
838 3242 937 3320 legem
959 3253 1138 3322 acceperant
1160 3245 1240 3302 etin
1264 3263 1301 3302 ea
1323 3244 1535 3322 gloriabantur,

93 3328 168 3387 liam
178 3327 363 3407 qnasidicit:
377 3328 437 3407 Qui
447 3318 789 3407 duo'purcpeccaverunt,
839 3348 895 3388 nec
911 3337 1008 3389 tamen
1024 3348 1089 3387 eam
1101 3328 1316 3388 observabant:
1340 3332 1441 3410 sicque
1455 3350 1522 3389 au
1486 3332 1534 3409 ju·

93 3403 218 3491 ἀνόμως
240 3433 362 3515 qnoque
384 3413 530 3494 peribunt.
840 3417 919 3474 stitia
940 3422 1070 3474 remotos
1098 3424 1128 3474 et
1149 3425 1273 3494 peccato
1295 3415 1445 3494 subjectos
1468 3436 1535 3477 esse

132 3502 177 3561 Et
204 3504 393 3577 quicumque
415 3503 451 3560 ia
477 3501 542 3575 lcpe
565 3509 788 3576 peccaverunt,
840 3501 976 3561 ostendit.
1001 3501 1087 3560 Prior
1101 3521 1170 3579 pars
1186 3502 1274 3580 hujus
1291 3505 1458 3563 sententiae
1473 3523 1534 3562 ma·

91 3605 147 3662 per
162 3588 262 3662 leuem
273 3586 517 3660 iudicairuntur.
541 3589 582 3647 In
599 3588 674 3663 lepc,
691 3588 789 3662 idest,
839 3587 979 3647 nifestum
995 3586 1086 3645 habet
1108 3607 1226 3646 sensum
1246 3590 1339 3648 hunc:
1363 3588 1423 3667 Qui
1439 3589 1535 3668 legem

94 3673 243 3752 sublege,
266 3681 390 3752 accepta
412 3673 488 3752 lege.
518 3674 631 3752 Legem
648 3675 790 3754 intelligit
840 3681 1028 3752 acceperunt,
1045 3682 1169 3752 eamque
1177 3685 1324 3736 noverunt
1335 3696 1370 3734 ac
1378 3676 1536 3755 diligenter

92 3780 147 3819 non
163 3778 392 3841 quamcumque,
415 3759 469 3818 sed
485 3760 625 3839 scriptam
642 3781 696 3820 666
711 3764 788 3842 posi·
840 3760 972 3831 audiunt,
995 3780 1055 3818 non
1072 3778 1107 3817 eo
1125 3760 1189 3838 ipso
1202 3760 1276 3837 justi
1291 3772 1367 3835 sunt,
1383 3772 1434 3822 aut
1449 3769 1536 3822 erunt

93 3847 184 3906 tiram
199 3844 303 3905 aDeo
319 3845 468 3905 traditam.
491 3846 613 3927 Alioqui
635 3848 699 3906 sine
722 3847 789 3928 lege
841 3847 929 3922 apud
945 3848 1060 3919 Deum,
1084 3844 1114 3902 id
1131 3848 1216 3918 ost,
1209 3867 1238 3906 m
1256 3847 1371 3925 judicio
1387 3850 1455 3910 Dei.
1478 3848 1536 3907 Vel

91 3952 218 4012 peccare
234 3951 295 3991 non
311 3933 466 4011 contingit,
483 3952 548 3991 cum
559 3941 714 4035 peccatum
730 3956 789 3995 non
840 3932 974 4012 intellige
991 3953 1056 3991 cum
1073 3931 1252 4006 exclusione,
1272 3936 1323 4013 qui
1337 3943 1451 3995 tantum
1468 3944 1536 3994 sunt

92 4020 127 4078 rit
141 4017 225 4079 aliud
241 4038 330 4098 qnam
347 4017 424 4096 legis
440 4018 566 4097 alicujus
582 4008 788 4098 transgressio.
838 4018 998 4079 auditores.
1020 4016 1104 4077 Nihil
1128 4020 1206 4077 enim
1227 4021 1351 4098 prodest
1372 4022 1476 4081 andire
1492 4021 1534 4081 le·

92 4105 278 4185 Quamquam
311 4112 342 4163 et
371 4104 501 4164 humana
531 4105 679 4184 legislatio
710 4107 789 4186 apud
838 4104 1534 4184 366661666611666611661666666116

93 4188 223 4252 Graecos
235 4213 298 4252 non
308 4190 469 4251 admodum
481 4193 602 4273 antiqua
617 4191 681 4251 fuit.
700 4193 788 4272 Quod
839 4191 981 4251 dientiam
996 4191 1149 4271 significat,
1172 4199 1204 4250 ut
1219 4190 1366 4251 interdum
1383 4194 1463 4269 alibi,
1481 4195 1534 4256 sed

93 4277 159 4338 inde
170 4278 333 4357 colligitur,
345 4277 416 4358 quia
428 4268 522 4354 νόμος
533 4277 612 4358 apud
625 4279 788 4339 Homerum
839 4277 1018 4338 audientiam
1041 4277 1142 4337 solam.

92 4383 231 4445 uusqmm
242 4365 364 4444 legitur.
386 4363 600 4424 Verumtamen
611 4365 659 4425 hic
671 4364 789 4445 delego
882 4365 1034 4425 Posterior
1048 4385 1117 4443 pars
1140 4364 1292 4424 obscurior
1307 4375 1353 4424 est
1368 4374 1397 4425 et
1412 4364 1533 4425 difficul-

93 4448 189 4511 diviua
204 4469 373 4512 sermonem
397 4469 464 4511 esse
479 4459 612 4528 constat,
634 4460 787 4511 61666666
837 4458 927 4510 tatem
950 4451 1055 4523 habet,
1077 4452 1115 4511 ob
1139 4450 1169 4510 id
1191 4453 1332 4525 maxime,
1356 4454 1426 4532 quia
1447 4453 1534 4512 Pauli

94 4537 143 4596 sit:
166 4540 359 4619 Quicumque
373 4545 573 4616 peccaverunt
588 4559 646 4597 non
663 4547 786 4618 accepta
838 4534 974 4597 doctrina
988 4549 1030 4598 est
1043 4540 1073 4597 16
1084 4539 1140 4596 hac
1152 4537 1285 4618 epistola,
1303 4540 1455 4618 speciatim
1468 4559 1533 4619 cap.

95 4621 155 4703 lege
175 4626 287 4706 scripta
302 4645 322 4684 a
338 4623 416 4697 Deo,
437 4623 585 4703 peribunt,
609 4643 668 4684 non
690 4633 789 4684 tamen
838 4627 981 4704 sequenti,
1005 4644 1043 4684 ex
1066 4624 1206 4703 operibus
1229 4625 1302 4704 legis
1318 4627 1465 4685 neminem
1485 4627 1532 4704 ju·

95 4710 306 4773 condemnante
322 4728 376 4770 eos
395 4709 464 4789 lege
479 4710 597 4788 scripta,
620 4730 709 4790 quam
729 4731 790 4770 non
838 4711 967 4771 stificari
988 4712 1085 4791 Igitur
1095 4731 1150 4791 pro
1163 4711 1251 4790 hujus
1261 4713 1355 4792 partis
1366 4711 1533 4792 intelligen-
