3254 5190
134 247 182 314 48
652 237 885 291 conmortuus
903 239 934 291 n
953 239 1018 293 cnr.
1032 239 1059 292 u.

132 414 171 474 ad
182 433 334 494 personas,
344 414 458 473 scilicet
466 413 601 493 gentiles.
611 413 726 474 Graece
738 406 828 489 οὗτοι,
876 415 1080 497 sequentibus,
1095 414 1146 474 lib.
1161 420 1187 474 1.
1205 423 1309 475 contra
1324 415 1485 476 Juliauum
1509 434 1570 496 cap

132 504 165 562 hi
186 503 284 577 tepens
306 519 374 561 nott
397 501 558 577 habentes,
582 501 640 560 sibi
665 504 728 577 ipsi
754 510 829 561 aurit
877 508 904 565 3.
922 513 953 563 et
969 502 1020 560 lib.
1034 506 1062 562 4.
1079 522 1143 582 cap.
1157 506 1185 564 3.
1203 510 1234 560 et
1248 501 1328 561 alibi.
1351 503 1429 562 Item
1443 502 1574 581 Prosper

134 590 192 649 tex.
215 589 307 647 Porro
323 588 412 666 hujus
434 588 493 646 loci
507 597 568 648 tres
591 588 723 648 feruntur
739 608 828 667 expo·
876 599 980 649 contra
996 587 1175 648 Cassianum
1191 608 1256 667 cap.
1274 590 1325 649 22.
1344 589 1525 667 Fulgentius
1540 587 1575 649 de

133 676 270 746 sitiones,
294 693 417 753 querum
444 694 504 732 una
530 695 652 734 erronea
679 684 739 746 est,
770 677 827 734 imo
875 679 970 755 gratia
986 674 1107 747 Christi,
1124 695 1189 755 cap.
1204 679 1253 736 25.
1267 677 1357 736 etat.
1380 676 1424 734 Et
1439 674 1573 734 antehos

134 762 301 821 haeretica:
317 761 452 840 reliquae
468 759 545 819 duae
559 780 661 819 sanum
674 763 829 820 continent
876 783 977 823 omnes
994 769 1210 821 commentator
1222 762 1407 822 Ambrosius.
1431 762 1573 841 Denique

134 867 260 908 sensnm.
273 847 414 925 Pelagius
427 849 456 905 in
466 848 682 919 commentario,
699 856 729 906 et
741 868 827 926 aper-
874 850 974 910 Latini
1007 849 1202 927 posteriores:
1237 848 1347 927 Hugo,
1376 846 1573 920 Lombardus,

134 937 193 994 tius
220 935 249 992 in
276 934 400 1012 epistola
422 932 459 991 ed
482 932 718 1004 Demetriadem,
742 936 827 1012 cujus
875 937 1045 1005 Hervaens,
1060 936 1207 1014 Aquinas,
1221 933 1449 1008 Carthasianus,
1460 933 1574 1014 aliique

134 1023 260 1080 initium:
285 1022 319 1080 Si
334 1039 456 1079 summo
471 1023 611 1093 impertio,
629 1021 759 1100 itemque
775 1021 827 1080 Jo-
875 1023 1052 1101 complures.
1086 1023 1125 1080 Et
1140 1029 1173 1080 ut
1198 1020 1237 1079 ad
1253 1020 1384 1081 Graecos
1414 1028 1572 1093 transeam,

134 1127 225 1168 annes
241 1107 405 1167 Cassianus
421 1107 451 1164 in
464 1106 562 1165 collat.
576 1107 614 1166 de
625 1115 748 1185 protect.
761 1109 827 1182 Dei,
875 1111 1003 1189 primum
1020 1106 1165 1185 Origenes
1190 1108 1228 1167 de
1251 1106 1355 1168 iisdem
1378 1108 1511 1167 sensisse
1532 1106 1573 1166 vi·

134 1202 258 1254 censent
268 1193 407 1273 Apostoli
418 1192 506 1251 Pauli
523 1195 553 1251 in
568 1194 624 1252 hoc
640 1193 705 1252 loco
721 1193 827 1254 doctri·
876 1196 972 1254 detur.
989 1195 1071 1253 Dicit
1082 1195 1161 1252 enim
1172 1195 1270 1273 legem
1278 1195 1419 1274 scriptam
1430 1195 1462 1253 in
1475 1212 1574 1252 eorum

132 1300 200 1340 uam
217 1299 291 1352 esse,
314 1279 395 1358 quod
411 1279 605 1358 exgentibus
627 1279 747 1358 quidam
763 1281 828 1340 sine
875 1282 1014 1342 cordibus
1030 1282 1136 1358 spiritu
1151 1281 1210 1340 Dei
1225 1281 1297 1353 vivi,
1311 1280 1476 1360 respiciens
1492 1280 1573 1339 nimi·

132 1367 191 1425 fide
218 1375 248 1425 et
271 1367 367 1445 gratia
389 1365 499 1425 Christi
522 1384 576 1446 per
599 1366 678 1425 solas
700 1376 826 1426 naturae
874 1390 940 1428 rum
963 1367 1001 1427 ad
1024 1366 1121 1425 locum
1145 1371 1163 1426 2
1186 1366 1254 1426 Cor.
1271 1367 1309 1440 3,
1331 1368 1384 1446 qni
1407 1365 1447 1426 ad
1469 1364 1574 1425 fideles

133 1455 212 1513 vires
227 1452 355 1514 fecerint
369 1473 414 1526 ea,
437 1471 514 1531 quae
534 1452 611 1531 legis
627 1460 705 1526 sunt,
728 1453 758 1512 id
774 1462 826 1525 est,
875 1456 1036 1515 certissime
1048 1455 1186 1532 pertinet.
1203 1451 1437 1531 Chrysostomus
1450 1472 1573 1533 quoque

133 1539 358 1601 observaverint
379 1548 408 1598 et
428 1539 617 1617 impleverint
641 1539 739 1618 legem
758 1539 826 1599 Dei.
875 1551 906 1602 et
922 1562 987 1602 eum
1004 1549 1126 1600 secutus
1139 1539 1391 1619 Theophylactus
1404 1560 1460 1620 pro
1475 1558 1573 1599 exem·

132 1627 174 1685 Et
187 1627 242 1686 hos
258 1628 431 1685 naturaliter
449 1627 550 1704 justos
573 1634 661 1686 vocat
675 1626 825 1705 Pelagius.
874 1629 932 1708 plis
954 1628 1014 1687 huc
1037 1625 1175 1686 adferunt
1199 1646 1250 1686 eos
1273 1626 1411 1705 gentiles,
1434 1627 1491 1706 qui
1506 1625 1574 1685 Deo

133 1715 221 1798 Quae
248 1713 382 1773 doctrina
407 1713 547 1772 damnata
573 1721 619 1771 est
644 1714 674 1771 in
701 1713 826 1772 concilio
874 1735 928 1795 per
936 1714 1023 1773 fidem
1031 1711 1493 1793 placueruntzutMelchisedec,
1501 1712 1525 1774 J
1527 1712 1575 1784 ob,

132 1802 258 1862 Milevit
272 1821 336 1860 can.
349 1803 377 1861 5.
401 1801 535 1878 Fuitque
545 1799 621 1858 baec
632 1800 697 1878 ipsa
709 1799 827 1877 Pelagii
874 1802 1033 1874 Ninivitas,
1058 1799 1238 1860 Comebum.
1262 1801 1341 1861 Satis
1364 1800 1394 1859 id
1416 1801 1516 1879 ipsum
1531 1800 1575 1859 in·

132 1889 272 1959 haeresis,
294 1887 353 1947 Dei
375 1894 539 1966 praecepta
562 1888 625 1946 sinc
649 1887 715 1963 ejus
731 1888 828 1964 gratia
875 1888 956 1947 dicct
976 1889 1065 1946 etiam
1081 1885 1291 1961 Oecnmenius,
1315 1906 1408 1967 quum
1428 1885 1507 1946 illud
1523 1907 1574 1948 ex·

133 1976 245 2037 servari
260 1993 357 2054 posse,
380 1981 415 2031 ut
437 1981 554 2033 constat
570 1993 608 2032 ex
622 1973 731 2045 multis,
747 1991 826 2052 quae
874 1994 997 2053 ponens,
1014 1971 1095 2053 quod
1112 1975 1292 2052 praecessit:
1306 1993 1376 2049 poe
1391 1977 1481 2035 omni
1497 1992 1574 2050 ope·

132 2062 277 2122 adversus
299 2079 364 2120 eam
386 2061 532 2119 haeresim
554 2059 671 2138 scripsit
685 2059 826 2138 Angusti—
874 2061 1101 2133 raucisonam,
1112 2061 1241 2121 Judaeo
1250 2063 1431 2136 primumet
1442 2061 1574 2137 Graeco,

132 2169 204 2209 nus:
227 2168 315 2228 quam
331 2155 360 2205 et
376 2147 487 2206 diserte
503 2147 643 2224 exprimit
655 2147 685 2205 in
697 2145 773 2204 libro
791 2144 828 2204 de
875 2147 948 2206 dicit
959 2146 1107 2206 Graecum
1123 2147 1163 2205 ibi
1179 2146 1305 2226 intelligi
1319 2165 1424 2206 verum
1436 2147 1497 2207 Dei
1512 2147 1576 2207 cul·

132 2235 314 2296 haeresibus.
875 2243 969 2293 torem
984 2253 1020 2291 ac
1035 2231 1164 2291 fidelem.

176 2323 236 2381 Alii
252 2320 394 2392 nonnulli,
410 2320 487 2378 inter
503 2337 578 2398 quos
590 2317 761 2397 Cajetanns‚
778 2337 827 2376 ex·
918 2322 1006 2380 Hunc
1022 2329 1120 2378 autem
1137 2321 1383 2379 commentarium
1399 2318 1491 2381 valde
1505 2342 1574 2401 pro·

133 2417 248 2492 ponunt
262 2407 384 2488 quidem
399 2407 477 2466 hunc
500 2404 598 2465 locum
614 2403 827 2483 degentilibus
874 2407 1003 2467 babilam
1019 2426 1055 2464 ac
1069 2425 1146 2484 pene
1162 2414 1276 2464 certum
1292 2404 1423 2465 faciunt:
1445 2409 1576 2487 primum

132 2518 151 2556 a
165 2496 224 2556 fide
246 2494 360 2554 Christi
379 2493 493 2563 alienis,
516 2511 575 2551 non
599 2499 698 2550 temen
721 2491 827 2564 omnia,
875 2512 984 2572 scopus
1000 2491 1147 2571 Apostoli,
1170 2492 1219 2550 cni
1242 2494 1426 2572 propositum
1448 2502 1515 2553 erat
1530 2515 1576 2555 os·

134 2602 212 2663 quae
235 2581 310 2659 legis
331 2588 408 2651 sunt,
430 2577 616 2650 facientibus,
639 2577 691 2635 sed
712 2579 828 2657 aliqua:
876 2579 1001 2640 tendere
1017 2581 1081 2637 sine
1104 2577 1163 2637 fide
1180 2576 1292 2637 Christi
1316 2599 1419 2640 omnes
1435 2599 1503 2641 esse
1518 2580 1577 2641 sub

134 2667 301 2749 cujusmodi
310 2674 380 2725 sunt
388 2665 534 2724 honorare
542 2672 690 2743 parentes,
702 2663 828 2724 reddere
876 2674 1009 2746 peccato,
1021 2673 1082 2723 tam
1094 2664 1221 2743 gentiles
1230 2683 1320 2744 quam
1327 2665 1479 2726 Judaeos:
1492 2665 1576 2747 quod

134 2755 310 2835 depositum,
322 2754 435 2831 justam
448 2751 527 2809 ferre
537 2751 722 2810 sententiam.
740 2751 828 2830 Quae
877 2761 907 2813 et
922 2752 1067 2831 superiori
1091 2752 1190 2829 capite
1211 2749 1249 2810 de
1271 2751 1430 2829 gentilibus
1446 2752 1509 2815 late
1525 2774 1574 2815 ex·

134 2841 281 2922 expositio
296 2839 369 2898 nihil
382 2836 574 2896 habetsanae
589 2835 742 2896 doctrinae
758 2856 827 2895 con·
876 2848 995 2899 secutus
1017 2846 1070 2898 est.
1103 2837 1169 2897 Nec
1192 2846 1272 2896 certe
1293 2858 1419 2919 usquam
1440 2838 1515 2900 alibi
1537 2839 1577 2900 de

133 2931 261 2989 trarium.
284 2925 362 2986 Nam
374 2923 510 2983 infideles
522 2942 613 3003 posse
624 2922 724 2983 facere
736 2942 827 3001 quae·
876 2924 1015 3004 gentibus
1031 2944 1049 2983 a
1064 2923 1122 2983 fide
1144 2923 1316 2982 mediatoris
1340 2925 1447 2985 alienis
1471 2927 1514 2985 ita
1534 2926 1577 2987 lo·

134 3014 203 3075 dam
219 3032 310 3091 opera
329 3011 481 3070 moraliter
496 3010 582 3082 bona,
605 3011 766 3068 communis
782 3018 829 3067 est
876 3014 982 3093 quitur,
998 3019 1033 3069 ut
1046 3012 1159 3070 tribnat
1175 3009 1218 3070 eis
1230 3010 1364 3090 aliquam
1379 3031 1482 3071 veram
1497 3011 1578 3092 legis

135 3110 165 3162 et
186 3119 258 3161 vera
280 3097 503 3175 Theologorum
533 3097 686 3156 sententia.
731 3095 829 3155 Juxta
877 3098 1122 3169 observationem,
1146 3095 1199 3156 sed
1222 3097 1336 3176 ubique
1357 3098 1442 3157 varia
1466 3099 1510 3157 eis
1526 3098 1578 3159 ad·

134 3208 225 3269 quam
240 3186 446 3263 Hieronymus
469 3201 592 3262 quoque
615 3181 829 3261 intelligendus
878 3184 980 3244 scribit
995 3184 1125 3256 crimina,
1144 3189 1178 3242 nt
1192 3183 1305 3260 Ephes.
1324 3187 1351 3243 2.
1369 3193 1398 3244 et
1413 3187 1442 3245 4.
1459 3182 1577 3245 Colose.

135 3283 189 3347 est,
201 3273 332 3332 scribens
343 3273 373 3330 in
386 3270 496 3328 Euecb.
509 3271 568 3342 29,
579 3268 632 3327 ubi
643 3267 739 3328 locum
752 3269 829 3327 hunc
878 3272 906 3330 3.
926 3275 942 3330 1
961 3270 1069 3331 Thess.
1087 3271 1115 3327 4.
1139 3270 1188 3328 De
1205 3269 1317 3347 quibus
1332 3278 1362 3329 et
1377 3271 1407 3330 in
1423 3269 1482 3330 hac
1498 3273 1577 3350 epis-

134 3360 221 3421 Pauli
236 3358 328 3418 refert
343 3356 382 3416 ad
398 3356 532 3415 ethnicos
548 3354 692 3414 infideles.
878 3357 941 3416 tola
956 3376 1020 3435 cap.
1044 3356 1185 3434 sequenti
1207 3358 1384 3435 pronunciat
1407 3356 1485 3417 illud
1507 3377 1578 3419 cum

178 3446 339 3506 Caeterum
355 3443 393 3503 de
406 3442 577 3519 hujusmodi
588 3440 759 3520 gentilibus,
776 3438 827 3499 de·
879 3444 902 3505 J
904 3442 1008 3502 udaeis
1017 3461 1184 3502 commune:
1199 3443 1312 3502 Omnes
1320 3443 1578 3519 declinaverunt,

135 3554 193 3615 que
221 3530 361 3611 operibns
388 3548 425 3587 ex
452 3528 517 3587 sola
539 3528 683 3588 facultate
703 3537 829 3587 naturae
879 3529 973 3590 amul
993 3530 1123 3588 inutiles
1142 3530 1225 3605 fecti
1246 3536 1336 3588 sunt:
1359 3549 1426 3589 non
1442 3537 1497 3605 est,
1522 3535 1579 3609 qai

134 3620 274 3702 profectis
289 3615 469 3695 Apostolum
486 3613 578 3693 loqui,
594 3634 632 3673 ex
645 3635 681 3674 eo
693 3613 829 3694 probant,
878 3618 981 3695 faciat
998 3615 1126 3690 honum,
1150 3634 1218 3675 vion
1234 3623 1277 3674 est
1291 3634 1388 3691 usque
1405 3617 1449 3675 ad
1463 3636 1578 3677 unum.

156 3709 207 3766 nia
228 3703 301 3763 dicit
324 3722 375 3762 eas
398 3710 503 3780 gentes
526 3700 707 3774 naturaliter,
730 3699 761 3759 id
784 3707 831 3758 est
921 3702 1042 3762 Deinde
1072 3702 1180 3780 probat
1205 3703 1298 3761 totius
1324 3702 1380 3761 loci
1407 3711 1580 3779 contextus,

135 3729 183 3871 brt
197 3791 241 3852 illi
257 3784 511 3868 interpretantur),
527 3807 564 3849 ex
580 3796 703 3847 naturae
718 3786 830 3846 viribus
880 3808 971 3867 quem
992 3787 1153 3867 diligenter
1176 3787 1319 3867 expendit
1333 3789 1525 3867 Augustinus
1549 3791 1580 3851 iu

136 3901 180 3954 ea,
204 3895 283 3959 quae
298 3876 375 3954 legis
391 3883 466 3946 sunt,
489 3874 597 3934 facere.
622 3874 684 3934 Sed
706 3873 761 3931 hoc
783 3893 829 3930 ar·
881 3874 930 3934 lib.
947 3874 985 3934 de
1001 3876 1070 3954 spir.
1088 3882 1118 3934 et
1132 3875 1174 3934 lit.
1198 3873 1276 3933 Nam
1291 3876 1426 3954 proxime
1440 3895 1580 3954 praeces·

135 3972 305 4047 gementum
318 3962 407 4021 facile
419 3968 580 4020 evanescet
593 3960 698 4019 andita
713 3961 830 4018 veriore
881 3962 927 4035 sit,
942 3961 1070 4020 factores
1086 3961 1160 4039 legis
1170 3960 1337 4039 justificari,
1352 3959 1498 4021 videlicet
1513 3965 1580 4023 sive

135 4049 393 4131 interpretatione.
880 4047 1027 4120 Judaeos,
1050 4048 1116 4107 sive
1131 4046 1267 4126 gentilos,
1291 4048 1355 4107 sive
1372 4046 1470 4127 legem
1486 4052 1579 4130 scrip

178 4140 234 4198 Est
248 4137 339 4215 igitur
355 4135 461 4194 tertius
477 4134 704 4193 commentarius
719 4152 830 4204 eorum,
880 4141 940 4192 tam
955 4135 1150 4214 accepissent,
1174 4133 1238 4194 sive
1253 4153 1320 4192 nou.
1344 4134 1386 4192 Et
1402 4136 1475 4213 quia
1491 4134 1579 4197 dubi·

136 4228 190 4308 qui
217 4225 254 4285 de
277 4222 419 4300 gentibus
444 4219 503 4280 fide
525 4218 639 4279 Christi
661 4218 831 4279 mediatoris
879 4222 936 4279 tari
951 4228 1071 4299 poterat
1082 4219 1120 4279 de
1133 4218 1303 4298 gentilibus,
1319 4220 1468 4300 quomodo
1481 4221 1581 4303 legem

135 4314 266 4382 imbutis,
289 4315 320 4367 et
334 4327 389 4388 per
405 4308 470 4384 ejus
486 4307 613 4385 gratiam
629 4326 673 4377 ea,
696 4325 775 4386 quae
790 4307 830 4364 le·
879 4305 1017 4367 faciendo
1029 4307 1273 4385 justificarentur,
1295 4325 1389 4384 quum
1404 4307 1504 4386 legem
1519 4331 1580 4369 non

136 4403 181 4481 gis
205 4405 281 4469 snut,
304 4392 500 4463 facientibus,
523 4393 587 4452 sive
611 4391 722 4452 Christi
745 4412 830 4471 prae·
881 4395 1076 4473 accepissent,
1092 4392 1200 4452 idcirco
1216 4391 1337 4453 modum
1353 4394 1409 4453 bac
1424 4404 1513 4473 parte
1529 4395 1580 4456 de·

136 4487 278 4548 cesserint
294 4480 466 4552 adventum,
482 4479 548 4537 sive
560 4480 654 4537 sconti
667 4480 733 4550 sint,
749 4480 831 4558 Apo·
881 4478 991 4554 clarat,
1015 4479 1134 4539 dicens:
1159 4481 1238 4541 Cum
1266 4481 1351 4538 enim
1372 4489 1497 4556 pentes,
1522 4490 1578 4543 cto

135 4574 243 4633 stolum
260 4574 428 4647 exponunt3
444 4564 527 4625 velut
542 4565 675 4643 inprimis
687 4567 832 4642 Augusti·
882 4563 1004 4626 Certum
1019 4575 1066 4626 est
1080 4574 1183 4624 autem
1194 4565 1356 4625 secuudum
1371 4564 1460 4627 fidem
1477 4568 1580 4629 catho-

135 4679 193 4723 nus
208 4657 259 4720 lib.
276 4653 315 4714 de
330 4653 401 4731 spir.
417 4658 449 4711 et
464 4648 508 4709 lit.
524 4669 588 4730 cap.
602 4653 652 4711 26.
669 4659 700 4711 et
715 4649 833 4731 aliquot
882 4652 986 4728 haam,
1008 4653 1106 4713 nullos
1129 4651 1263 4713 infideles
1286 4650 1378 4711 fuisse
1396 4653 1580 4730 justificatos
