3254 5190
96 280 142 374 qq
605 280 838 351 commanus
855 296 889 352 ru
907 297 972 352 cur.
983 278 1028 353 'iu

135 474 222 534 Haec
243 474 398 553 responsio
421 472 525 555 colligi
546 482 647 554 potest
671 492 710 532 ex
731 472 791 532 fine
839 497 900 556 qua
927 485 1027 536 tamen
1051 477 1254 535 contineretur
1283 473 1360 534 fides

94 562 216 641 capitia,
244 560 296 621 ubi
326 560 437 621 Paulus
461 561 629 639 exemplum
649 559 791 618 Abrahae
840 561 921 642 quod
947 563 1165 641 inquirentibus
1192 582 1225 620 se
1251 580 1386 620 remuner

93 647 241 707 credentis
250 667 303 706 suo
312 647 468 727 applicans
476 649 619 720 instituto,
632 646 725 706 solum
735 646 791 705 hoc
839 647 965 729 proinde
980 658 1011 707 et
1025 647 1101 708 fides
1116 648 1303 718 mediatoris,
1327 666 1364 706 ea
1379 667 1386 704 1

94 733 181 793 dicit:
205 734 279 794 Nea
302 740 345 794 cst
368 741 474 793 autem
496 736 648 809 scriptam
664 738 790 792 tantum
840 754 943 807 sensu,
959 737 1009 815 qui
1025 755 1077 795 suo
1093 736 1160 794 loco
1177 733 1378 794 declarabitur

91 826 227 897 propter
240 824 355 897 ipsam,
372 822 449 897 qaia
465 827 650 896 reputatum
665 819 792 878 catilli:
839 830 901 881 turn
918 831 964 903 est
979 820 1016 880 de
1033 820 1093 880 fide
1108 820 1177 880 Nee
1193 829 1221 880 et
1238 820 1386 879 Abrabam

91 907 145 966 scd
160 913 189 966 ct
201 915 336 984 propter
351 925 409 966 aaa
417 951 427 982 ,
446 906 560 984 quibua
576 906 790 982 reputabitur,
885 912 913 968 4.
938 910 980 968 Et
995 917 1101 968 autem
1110 953 1119 982 ,
1147 911 1202 984 qui
1226 913 1380 982 operatur

91 993 288 1053 credentibus
299 996 334 1053 in
343 1013 426 1069 eum,
443 998 497 1069 qai
508 995 672 1053 suscitavit
679 997 792 1055 Jesum
841 1014 908 1054 noa
924 998 1104 1070 imputatur
1118 995 1291 1053 secuudum
1305 1000 1386 1067 prati

93 1081 250 1140 Christum
263 1087 319 1139 etc.
337 1078 454 1159 Quibus
466 1078 715 1140 verbisAbrahae
729 1080 791 1160 qui·
840 1082 1013 1142 secuudum
1036 1082 1184 1141 debitum.
1212 1080 1247 1139 In
1271 1100 1322 1152 eo,
1353 1100 1386 1160 qu

90 1165 156 1226 dem
173 1167 339 1226 uenalium
354 1166 489 1227 attribuit
510 1165 616 1240 fidem,
644 1186 732 1246 quam
754 1164 792 1224 de
840 1167 928 1228 fidem
937 1168 1076 1228 Abrahae
1086 1168 1180 1226 fuisse
1189 1169 1216 1227 ei
1228 1175 1386 1246 reputatan

90 1273 149 1333 qua
164 1262 269 1333 egerat
283 1255 314 1312 iu
331 1253 549 1332 superioribus:
573 1261 603 1311 et
620 1260 720 1312 tumen
734 1252 792 1311 hoc
840 1257 920 1327 tiam,
934 1264 1018 1313 sonat
1030 1256 1142 1334 gratia:
1158 1255 1228 1334 quia
1240 1252 1317 1311 fides
1329 1272 1386 1332 pro}

90 1341 232 1419 scriptum
248 1358 314 1398 esse
329 1339 401 1399 dicit
417 1352 538 1421 propter
548 1359 611 1411 nos,
626 1358 680 1419 per
690 1338 791 1415 fidem,
840 1343 898 1402 Dei
910 1342 1023 1420 gratiae
1035 1342 1178 1401 innititur.
1193 1339 1261 1418 Quo
1271 1359 1386 1417 argum<

89 1446 149 1506 qua
164 1428 194 1485 iu
204 1424 354 1486 Christum
363 1426 558 1499 crederemus,
567 1424 791 1506 justificandos:
841 1429 946 1501 docet,
962 1428 1114 1488 Abraham
1128 1448 1188 1487 uou
1205 1446 1244 1486 cx
1268 1426 1386 1506 operibu

90 1533 128 1573 ue
144 1511 286 1573 videlicet
308 1511 482 1573 incredibile
497 1512 625 1574 Judaeis
647 1514 791 1580 videatur,
840 1523 937 1574 catum
948 1515 1050 1575 fuisse.
1069 1515 1211 1592 Pugnant
1231 1514 1324 1583 enim,
1342 1533 1381 1571 ex

88 1599 240 1660 hominem
251 1599 410 1677 justificari
433 1619 471 1660 ex
487 1594 551 1659 ¹{ide
573 1599 596 1659 J
598 1620 652 1660 esu
672 1599 791 1672 Christi,
840 1611 870 1661 et
881 1604 993 1680 gratia,
1009 1600 1170 1662 secundum
1186 1598 1260 1659 illud
1275 1599 1353 1658 inira
1365 1620 1386 1658 ca

89 1706 177 1766 quum
192 1694 222 1746 ct
236 1686 389 1745 Abraham
404 1695 519 1765 patrem
536 1707 619 1746 suum
633 1687 736 1766 legant
752 1707 791 1745 ex
839 1692 963 1764 pratia,
984 1692 1053 1762 jam
1068 1708 1137 1747 aea
1153 1704 1190 1746 er
1207 1687 1368 1762 aperitur.-

88 1771 149 1831 fide
161 1773 362 1850 justificatum.
372 1772 442 1832 Huc
454 1772 535 1844 facit,
551 1773 631 1852 quod
646 1774 726 1834 Heb.
741 1779 789 1833 11.
838 1779 945 1852 qratia
957 1781 1027 1850 jam
1044 1795 1110 1834 aaa.
1127 1782 1169 1834 est
1184 1777 1299 1848 pratia.
1322 1773 1386 1831 Por

88 1859 196 1919 dicitur
209 1859 276 1919 Noe
292 1859 356 1936 ejus
369 1859 521 1937 justitiae,
537 1880 615 1940 quae
629 1881 684 1942 per
700 1860 790 1920 fidem
839 1864 879 1921 tio
896 1862 1046 1941 generalis
1062 1869 1108 1921 est
1123 1861 1160 1919 de
1178 1860 1315 1941 quolibet
1326 1879 1386 1938 ope

88 1955 149 2017 est,
173 1946 279 2005 haeres
296 1945 387 2004 luisse
409 1948 570 2021 institutus,
597 1946 628 2006 id
649 1957 709 2023 est,
736 1968 790 2028 per
839 1969 930 2029 opere
947 1970 999 2009 suo
1015 1946 1183 2008 mercedem
1199 1949 1342 2027 acquirit,
1360 1953 1386 2003 ut

87 2032 175 2092 fidem
187 2032 379 2111 justificatus.
394 2032 482 2093 Hauc
499 2035 576 2093 euim
592 2033 683 2095 fidem
696 2055 788 2113 expo·
838 2035 976 2106 texendo,
986 2033 1170 2094 aedificanda
1180 2057 1187 2107 3
1197 2031 1386 2112 quemadmct'

88 2119 132 2178 nit
148 2122 183 2178 'co
199 2119 266 2178 loco
293 2118 417 2193 Paulus,
443 2142 503 2179 nou
525 2139 585 2199 qua
609 2120 736 2181 credidit
758 2121 788 2179 in
838 2129 991 2201 exponunt
1016 2122 1207 2199 Augustinus
1233 2124 1264 2181 iu
1286 2138 1386 2199 propos

88 2204 253 2279 Christum,
275 2205 328 2265 sed
352 2227 412 2287 qna
435 2208 502 2265 Deo
526 2207 655 2267 credidit
672 2206 788 2287 praedi·
837 2209 926 2286 liujus
941 2208 1015 2280 leci,
1032 2215 1061 2267 et
1078 2206 1187 2266 Graeci
1203 2215 1382 2266 tractatores

88 2292 168 2351 ce'uti
175 2292 307 2351 futurum
315 2292 416 2353 mundi
430 2293 572 2353 diluvium
582 2316 590 2368 ς
602 2297 645 2353 ita
657 2303 690 2352 ut
701 2314 787 2373 prop·
837 2315 886 2354 sus
903 2296 957 2353 sit:
974 2292 1066 2372 Operi
1082 2292 1243 2372 respondet
1254 2311 1377 2362 merces,

88 2384 134 2438 ter
150 2378 227 2438 hanc
239 2378 327 2437 fldem
341 2381 429 2438 etiam
443 2379 481 2439 de
494 2381 559 2458 ipso
572 2379 631 2440 dici
642 2381 788 2461 potuerit:
837 2400 875 2440 ex
891 2381 1106 2454 conventione3
1128 2398 1240 2438 merces
1255 2387 1356 2438 autem
1371 2399 1386 2436 u

90 2465 233 2525 Credidit
249 2467 417 2540 Noe‘Dea,
441 2473 469 2525 et
492 2474 675 2543 reputatum
701 2473 744 2525 est
761 2469 788 2524 ci
837 2475 933 2526 uratur
955 2475 988 2525 ut
1009 2467 1158 2545 gratuita,
1187 2465 1239 2525 s‘ed
1265 2475 1296 2524 ut
1318 2464 1386 2524 debi

88 2551 313 2627 adjustitiam.
837 2573 951 2613 merces
967 2552 1119 2631 siguificat
1133 2551 1178 2624 id,
1202 2552 1283 2631 quod
1306 2572 1359 2630 pro
1382 2576 1386 2605 ι

126 2632 292 2697 'Sciendum
306 2642 422 2710 tamen,
438 2647 497 2696 tam
522 2640 551 2697 in
567 2639 624 2698 hac
640 2639 698 2698 fide
713 2639 788 2707 Noe,
837 2641 931 2699 betur.
955 2639 1037 2698 Hinc
1060 2636 1260 2717 colligendum
1275 2639 1386 2717 relinqu

88 2741 176 2803 quam
190 2723 221 2782 iu
236 2723 288 2782 illa
302 2721 451 2796 Abrahae,
469 2726 613 2784 contineri
627 2723 717 2784 fidem
729 2725 788 2783 Dei
837 2727 861 2784 si
878 2725 1029 2785 Abraham
1057 2745 1096 2784 ex
1113 2724 1254 2804 operibus
1266 2724 1386 2803 justifica

87 2809 331 2881 remuneratoris,
359 2807 396 2868 de
418 2829 476 2890 qua
499 2810 608 2870 dicitur
630 2813 661 2870 in
681 2810 788 2869 eodem
837 2833 896 2871 non
912 2813 1006 2890 igitur
1017 2814 1109 2889 gratis
1118 2810 1315 2890 justificatum
1327 2812 1385 2870 furis

88 2893 170 2954 loco:
187 2894 269 2975 quod
285 2895 406 2955 credere
422 2905 541 2975 oportet
554 2899 651 2958 Deum
668 2915 743 2969 esse,
759 2904 789 2954 et
838 2897 958 2977 quidem
983 2900 1190 2979 consequentis
1212 2897 1373 2956 falsitatem

89 2981 310 3060 inquirentibus
325 3000 357 3042 se
373 3000 440 3042 esse
455 2993 717 3043 remuneratorem.
742 2984 788 3042 Ac
837 2994 904 3044 tura
915 2985 979 3061 jam
996 2984 1088 3043 allata
1104 2982 1235 3044 ostendit
1249 3004 1305 3062 per
1320 3003 1371 3052 ea,

88 3086 193 3127 rursus
209 3069 239 3127 iu
255 3066 316 3128 fide
330 3066 390 3128 Dei
405 3071 633 3129 remuneratoris
649 3077 729 3128 recte
745 3071 788 3127 iu·
837 3078 979 3151 quantur.
1004 3070 1135 3150 Quidam
1160 3079 1325 3130 extremam
1340 3090 1386 3148 pau

88 3153 202 3213 clusam
218 3152 345 3232 intelligi
359 3154 448 3214 fidem
471 3154 658 3229 mediatoria3
686 3160 787 3235 quem·
837 3158 949 3216 tentiae
972 3156 1112 3236 supplent
1135 3156 1192 3216 hoc
1213 3155 1315 3215 modo:
1339 3158 1386 3216 Se<

88 3237 248 3299 admodum
263 3240 325 3301 illic
342 3241 523 3301 ostendetur.
551 3242 642 3304 Unde
663 3242 720 3301 hac
742 3260 788 3299 ra·
838 3243 916 3303 dum
938 3243 1078 3302 debitum
1101 3241 1282 3321 rependitur.
1313 3242 1386 3321 Negt

88 3328 169 3386 tione
192 3326 253 3386 dici
277 3334 392 3407 potest,
418 3329 537 3388 tacitam
562 3348 629 3389 csse
649 3327 789 3407 Apostoli
839 3330 1052 3389 convenienter
1062 3329 1258 3388 dicizmerces
1267 3330 1386 3407 imputat

87 3420 225 3484 mentem,
241 3412 322 3493 quod
334 3413 484 3474 Abrabam
500 3424 530 3476 et
544 3414 612 3476 Noe·
631 3413 789 3494 perfidem
838 3416 909 3475 durn
925 3414 1067 3487 debitum,
1085 3436 1120 3475 eo
1137 3415 1217 3495 quod
1231 3416 1386 3494 imputatio

89 3498 261 3559 mediatoris
280 3502 355 3579 justi
368 3501 489 3560 fuerunt
504 3500 656 3574 declarati,
679 3501 788 3585 justiti·
838 3501 953 3581 aliquid
968 3503 1138 3580 gratuitum.
1162 3500 1274 3561 Verum
1298 3502 1385 3560 sibe

88 3604 185 3666 aeque
208 3586 372 3665 profectum
403 3595 433 3646 et
449 3589 663 3648 incrementum
676 3586 787 3665 adepti.
839 3587 960 3648 deretur
974 3589 1151 3667 significatio
1167 3587 1252 3647 verbi
1264 3589 1386 3667 imputar

88 3670 214 3752 Exque
231 3683 447 3753 cousequenter
461 3676 686 3754 intelligendum
699 3673 788 3733 relin·
840 3668 1036 3750 λογίζεσθαι,
1055 3684 1144 3754 prout
1163 3677 1303 3753 superius
1317 3694 1335 3732 a
1351 3696 1386 3733 nn

89 3765 213 3839 quatur,
239 3758 344 3819 iisdem
365 3762 488 3839 prImam
512 3780 632 3840 quoque
641 3761 788 3839 justifica·
839 3762 896 3821 sita
904 3770 956 3832 est,
969 3760 1057 3821 facile
1066 3761 1260 3841 intelligetur,
1272 3762 1386 3820 uoninr

88 3845 199 3904 tionem
221 3864 261 3906 ex
283 3846 344 3905 fide
365 3846 538 3906 mediatoris
561 3846 674 3908 Christi
696 3847 788 3907 couti·
840 3867 942 3925 neque
965 3848 1121 3907 abusivam
1152 3867 1218 3908 esse
1244 3848 1322 3907 hanc
1347 3848 1386 3906 lou

88 3931 178 4010 gisae.
200 3932 278 3992 Nam
295 3934 320 3994 ai
336 3952 512 4011 progressus
524 3935 662 4013 justitiae
678 3953 716 3994 ex
730 3933 790 3993 fide
840 3932 1035 4012 significatur
1057 3936 1150 4003 enirn,
1166 3933 1334 3994 mercedem
1352 3953 1386 3993 vc

91 4019 216 4092 est,·ubi
229 4027 332 4079 tamen
347 4039 439 4099 opera
454 4021 661 4095 inueniuntur3
678 4027 788 4101 quanto
839 4022 969 4080 matioue
983 4020 1386 4099 judicaridebitametnong

89 4106 185 4184 magis
200 4106 315 4165 initium
334 4106 572 4184 justificationis,
595 4106 675 4188 quod
698 4127 790 4188 opera
884 4108 912 4166 ὅ.
938 4108 978 4167 Εἰ
994 4126 1088 4181 cera,
1112 4112 1167 4184 qui
1190 4127 1258 4167 aaa
1275 4115 1386 4184 eperat

89 4193 263 4269 praevenit,
279 4212 317 4252 ex
333 4191 394 4254 fide
409 4192 488 4253 erit?
514 4194 672 4255 Pertiueut
687 4194 744 4253 huc
761 4204 791 4252 et
841 4197 929 4254 dcati
945 4202 1051 4254 aetam
1066 4198 1102 4255 ia
1119 4212 1207 4269 eum,
1232 4198 1287 4271 qai
1304 4197 1386 4269 justi

90 4286 274 4338 caeteromm
286 4282 475 4361 antiquorum
488 4280 634 4360 exempla,
651 4301 726 4360 qnos
737 4300 791 4360 per
839 4284 941 4358 piam,
959 4288 1129 4358 reputatur
1144 4281 1220 4357 fides
1236 4286 1302 4356 ajars
1314 4281 1357 4339 ad
1367 4285 1386 4355 j

91 4362 181 4425 fldem
197 4367 265 4425 Deo
282 4367 439 4445 placuisse,
462 4388 498 4427 ac
509 4367 645 4445 justitiae
659 4368 790 4427 testimo·
842 4367 990 4429 Credeata'
1006 4376 1112 4427 uatem
1128 4371 1162 4427 iu
1180 4387 1259 4429 eam.
1275 4370 1349 4428 Erat
1365 4387 1386 4426 e⁴

88 4452 171 4511 nium
187 4462 361 4514 consecutos
378 4451 480 4527 fuisse,
496 4454 587 4533 longo
600 4452 702 4515 ordine
714 4454 790 4514 Pau·
841 4457 976 4535 ticipium
991 4449 1173 4529 πιστεύοντι,
1191 4456 1278 4514 sicuti
1294 4459 1386 4533 piaco

89 4536 136 4597 lus
152 4537 255 4599 eodem
271 4538 336 4600 loco
359 4551 512 4601 recenset:
540 4561 599 4600 uon
623 4541 726 4619 utique
748 4539 791 4599 lo·
841 4533 1047 4618 ἐργαζομένῳ,
1065 4559 1132 4602 nea
1150 4545 1309 4618 operanti,
1325 4558 1386 4602 rest

91 4643 187 4703 queue
203 4625 241 4685 de
256 4625 317 4686 fide
332 4626 520 4702 mediatoris,
537 4627 590 4687 sed
610 4626 647 4687 de
659 4626 719 4687 fide
731 4626 790 4686 dic·
841 4629 871 4686 in
886 4628 1025 4700 verbum,
1040 4628 1097 4688 hoc
1112 4627 1215 4687 medo:
1239 4630 1281 4689 m·
1296 4645 1384 4704 vara,

89 4718 186 4772 loram
202 4720 235 4772 et
252 4714 461 4792 promissorum
476 4714 536 4774 Dei
559 4715 590 4774 iu
609 4732 734 4793 genere,
761 4715 793 4773 iu
842 4723 1011 4791 operatur,
1036 4717 1090 4774 scd
1113 4716 1215 4775 credit
1235 4719 1271 4774 ia
1294 4733 1367 4775 eum
