3254 5190
385 282 606 336 murenam
624 283 779 339 sermm.
815 280 899 334 vass.
918 282 943 333 a.
961 282 985 334 r.
1356 286 1406 357 ω

73 456 206 515 ominata
232 453 401 534 pleniorem
431 456 661 518 declarationem
708 458 759 518 lib.
777 462 805 520 3.
822 454 935 516 dedda
950 455 988 515 ad
1004 453 1087 515 Grat
1104 474 1168 534 cap.
1184 455 1214 514 3.
1233 454 1359 515 Hieron.
1375 456 1406 515 in

73 562 89 599 o
105 561 257 601 servasse.
285 541 373 620 Quod
395 542 471 603 ferte
493 545 660 623 significare
708 550 861 604 comment.
878 542 1024 620 epistolae
1039 541 1078 601 ad
1093 540 1195 600 Titum
1210 560 1274 620 cap.
1294 545 1320 600 1.
1336 540 1404 600 Est-

73 627 214 699 licendo,
234 633 381 703 primam
402 630 538 705 quidem.
565 633 611 690 Ac
634 631 660 690 si
708 651 765 712 que
782 648 899 689 sensus:
916 627 963 687 Sit
977 628 1062 687 Dens
1074 646 1185 704 verax3
1200 628 1324 701 hocest,
1341 629 1405 688 sine

73 734 128 774 ron
145 714 204 773 hoc
220 714 315 774 solum
332 724 391 788 est,
405 714 459 776 sed
476 724 543 776 sunt
558 727 587 777 et
602 717 660 777 alia
707 715 902 794 ambiguitate
927 713 1066 773 eredatm
1092 733 1186 773 verax
1211 714 1242 772 in
1270 715 1406 774 omnibus

73 799 212 860 ferenda
708 804 769 863 suis
786 801 871 861 dictis
888 809 919 861 at
932 801 1092 880 promissis.
1104 800 1218 859 Putant
1229 799 1350 879 quidam
1362 802 1405 861 in-

73 907 103 946 re
114 897 149 946 et
160 886 200 946 de
215 907 259 959 eo,
275 887 357 967 qnod
369 887 426 946 hoc
437 887 503 948 loco
512 899 659 968 quaerunt
706 896 866 968 terpretem
881 889 1007 947 vertisse
1021 894 1091 947 csta.

73 975 104 1046 b,
117 973 250 1032 fueritne
267 974 412 1053 signaculi
429 976 658 1035 circumcisionis
749 976 859 1036 Omnis
881 980 987 1033 autc-m
1003 973 1096 1033 homo
1112 973 1260 1034 mendas.
1284 969 1406 1032 Scilicet

73 1059 191 1119 ndaeos
208 1059 319 1120 utilitas
334 1060 442 1138 aliqua,
459 1062 524 1121 sive
536 1063 657 1122 effectus
706 1082 744 1121 ex
756 1061 917 1138 semetipso
927 1068 957 1118 et
969 1078 1007 1118 ex
1020 1059 1210 1119 inclinatione
1220 1058 1403 1135 depravatae

73 1145 118 1205 tis
133 1147 340 1219 aesalutaris,
357 1164 394 1205 ex
410 1147 445 1205 iis
461 1168 537 1227 quae
552 1149 601 1207 hie
614 1148 656 1207 di·
706 1166 778 1206 suae
797 1155 936 1206 naturae:
960 1153 1107 1224 sumptmn
1130 1165 1168 1204 ex
1192 1144 1311 1203 Psalmo
1331 1143 1400 1203 115.

101 1233 196 1290 statui
219 1233 292 1291 nihil
315 1241 428 1312 potest:
456 1241 517 1291 tum
533 1234 657 1313 quiade
704 1234 861 1311 Excipitur
871 1240 971 1291 autem
983 1231 1034 1289 ille
1044 1231 1138 1303 homo,
1154 1232 1206 1310 qui
1218 1231 1307 1289 etiam
1317 1229 1402 1289 Deus

73 1319 180 1377 isione
197 1318 326 1378 nondum
343 1319 391 1377 hic
405 1319 565 1398 respondet
576 1323 656 1399 Apo
705 1327 758 1379 est
785 1319 854 1379 Non
877 1318 924 1376 bic
949 1316 1141 1395 repetendum
1168 1306 1315 1393 γινέσθω,
1348 1314 1401 1375 sed

77 1415 145 1463 tum
161 1406 235 1484 quia
252 1413 408 1464 contentus
423 1424 512 1464 unam
529 1426 655 1486 exposu-
705 1405 903 1484 supplendum
918 1395 993 1462 ἐστὶ.
1021 1403 1089 1463 Nisi
1110 1403 1186 1463 illud
1201 1421 1335 1481 exponas
1349 1402 1401 1461 ha·

73 1489 212 1550 lacerum
223 1493 472 1570 praerogativam,
485 1491 522 1550 de
530 1495 656 1552 caeteris
704 1491 817 1564 beatur,
831 1498 992 1570 reputetur.

73 1577 135 1636 aris
160 1587 260 1636 autem
284 1586 492 1657 opportunum,
519 1588 552 1637 ut
567 1579 605 1638 de
620 1598 656 1636 ea
736 1574 1402 1657 SicatscriptamcstReferriposeetbaecei-

73 1683 129 1722 one
139 1661 257 1742 aliquid
270 1662 402 1723 dicemus
411 1663 449 1722 ad
463 1664 535 1724 illud
548 1667 655 1743 cepitis
704 1665 776 1724 tatio
784 1663 822 1723 ed
829 1665 1005 1724 sententiam
1012 1662 1099 1722 modo
1106 1662 1222 1723 dictam.
1228 1660 1290 1720 Sed
1296 1661 1402 1720 melius

73 1750 125 1808 is:
151 1751 195 1808 Et
210 1752 339 1824 nonam
354 1753 474 1824 accepit
488 1754 655 1810 circamei-
705 1759 735 1811 et
750 1750 869 1831 quidem
885 1751 1052 1810 necessario
1069 1749 1199 1810 refertur
1214 1746 1253 1806 ed
1270 1748 1402 1807 testimo·

73 1845 120 1895 ee
703 1840 785 1896 nium
797 1856 934 1916 sequens,
947 1835 1225 1915 quodalioquinon
1235 1834 1409 1916 anseres,

73 1923 133 1982 aid
147 1925 244 1996 caim,
262 1942 287 1982 se
282 1922 433 1998 quidam
446 1924 576 1982 illoram
588 1943 656 1984 stoa
753 1925 792 1983 Ut
802 1923 1010 1999 justificeris
999 1942 1035 1981 m
1050 1923 1246 1982 sermonibus
1268 1923 1331 1981 tate
1339 1964 1349 1994 ,
1372 1927 1402 1979 et

73 2011 183 2068 nent?
211 2008 328 2068 Graeca
355 1999 544 2085 ἠπίστησαν,
571 2013 656 2090 qnasi
703 2013 814 2069 vineas
829 2010 1078 2082 samjadiearis.
1100 2008 1233 2069 Adducit
1248 2007 1305 2066 hoc
1320 2006 1400 2066 testi·

73 2114 152 2155 rere(
150 2093 651 2169 liderunt,crederenoluemntsci·
704 2097 834 2156 monium
850 2116 887 2156 ex
902 2095 982 2155 Psal
999 2097 1059 2167 50,
1075 2116 1133 2176 qno
1150 2091 1288 2155 ostendat
1302 2092 1401 2153 Deum

75 2179 433 2261 qniisDeisibicreditis.
447 2181 656 2242 Hecest:non
704 2202 819 2259 semper
842 2183 873 2243 iu
895 2183 1046 2259 promissis
1073 2201 1139 2243 esse
1161 2198 1316 2252 veracem,
1340 2200 1400 2240 non

73 2275 119 2326 nrt
147 2267 239 2326 fidem
254 2267 406 2346 promissis
429 2266 553 2341 divinis,
578 2289 655 2348 qnae
703 2267 888 2329 obstantibus
900 2269 990 2326 etiam
1001 2267 1152 2327 hominum
1165 2268 1311 2344 peccetis,
1324 2265 1400 2326 adeo

73 2362 142 2412 onir
159 2354 189 2413 in
205 2355 361 2433 scriptura.
378 2353 526 2428 illoram,
539 2363 656 2414 nonest
703 2363 737 2414 ut
752 2375 792 2415 ex
806 2363 910 2415 nestra
924 2354 1078 2434 iniquitate
1092 2356 1187 2432 magis
1202 2353 1291 2412 etiam
1310 2370 1401 2432 appa·

73 2458 114 2511 eo,
124 2439 387 2499 tametsiadditum
396 2440 466 2498 facit
477 2439 516 2498 ad
528 2461 654 2500 sensum.
702 2451 766 2500 reat
793 2448 883 2520 atque
909 2440 1057 2500 illustrior
1072 2441 1124 2499 liat
1136 2440 1230 2518 ipsius
1245 2442 1354 2498 veritas
1371 2447 1401 2498 et

73 2527 160 2600 quial
184 2527 394 2585 incredulitas
409 2527 539 2586 illoram
559 2528 654 2603 fidem
697 2528 823 2605 justitia.
847 2527 938 2606 Quod
960 2525 1111 2587 luculente
1131 2525 1220 2586 docet
1235 2523 1316 2584 Psal.
1333 2525 1400 2600 88.,

73 2613 227 2671 mabit?
250 2613 355 2673 Futuri
375 2614 514 2691 temporis
529 2613 654 2673 verbnm
702 2615 733 2673 in
754 2635 814 2694 quo
836 2622 906 2692 post
931 2620 1175 2674 commemoratas
1190 2613 1401 2693 promissiones

73 2698 118 2757 bit
146 2695 213 2778 (pro
237 2718 297 2777 quo
318 2701 350 2760 in
371 2700 471 2758 multis
498 2699 654 2777 legebatur
701 2700 813 2760 Davidi
824 2710 854 2760 et
866 2702 971 2760 semini
983 2701 1047 2777 ejus
1058 2700 1162 2772 factas,
1173 2698 1298 2758 affirmat
1307 2700 1400 2771 Deus,

73 2795 142 2844 tum
166 2783 349 2861 evacuavit)
380 2787 499 2845 omnino
524 2787 652 2845 retinen·
702 2788 818 2847 etiamsi
833 2789 945 2867 posteri
968 2789 1064 2865 legem
1087 2806 1169 2846 snam
1186 2785 1341 2858 deserant,
1365 2806 1401 2845 ac

75 2873 278 2950 castigatione
286 2873 430 2932 Romana.
441 2872 477 2932 In
486 2872 564 2930 hanc
576 2874 653 2932 enim
697 2875 829 2952 justitias
838 2894 908 2934 snas
919 2873 1094 2954 profanent,
1106 2881 1206 2933 tamen
1221 2874 1399 2933 inconcusse

73 2978 105 3016 nr
127 2959 324 3036 manuscripti
346 2957 466 3018 codices
490 2958 651 3017 emendati·
701 2968 884 3021 servaturum
901 2981 934 3020 se
950 2980 1000 3035 ea,
1028 2981 1107 3040 qnae
1129 2960 1320 3039 premiserat,
1344 2978 1399 3018 nec

73 3065 98 3103 m
113 3043 245 3103 Graecis
262 3047 442 3124 conspirant.
471 3046 652 3104 E'vaeaabit
701 3048 816 3106 irritum
831 3047 1152 3127 factnmmqnicquam
1175 3066 1293 3113 eorum,
1321 3064 1399 3124 qnae

91 3129 123 3190 id
153 3140 199 3189 est
225 3130 373 3202 abolebit,
406 3132 518 3190 irritam
544 3131 650 3205 faciet,
701 3132 738 3192 dc
753 3133 840 3193 labiis
856 3135 916 3193 suis
932 3141 1149 3211 processerant

78 3212 282 3294 καταργήσει.
295 3220 337 3277 Et
352 3227 400 3278 est
414 3236 540 3278 sensus:
555 3219 649 3277 Num·
743 3219 786 3279 Ut
798 3220 982 3298 intelligatur
995 3221 1050 3279 bec
1064 3220 1190 3280 Paulum
1203 3220 1290 3291 velle,
1307 3239 1399 3299 expo·

73 3323 158 3363 orum
180 3303 374 3364 incredulitas
400 3305 517 3364 efficere
532 3307 650 3384 poterit,
700 3306 815 3367 nendns
839 3316 885 3366 est
910 3307 1023 3365 Psalmi
1045 3305 1220 3367 versiculus.
1249 3307 1318 3367 Tibi
1339 3307 1399 3366 soli

73 3411 76 3444 t
91 3392 242 3470 promissa
254 3410 310 3449 sua
321 3412 381 3451 non
394 3399 533 3470 praestet,
549 3391 649 3453 fidem·
696 3396 836 3467 peccaui,
853 3393 949 3472 inquit
964 3392 1073 3463 David,
1102 3400 1131 3451 et
1154 3394 1279 3452 erratum.
1290 3411 1398 3452 cora-m

73 3496 190 3536 amnon
200 3477 323 3537 servet?
338 3477 432 3537 Fides
441 3478 490 3536 bic
497 3479 649 3557 accipitur,
699 3487 728 3538 te
741 3479 813 3556 feci.
839 3482 887 3539 Ex
903 3499 963 3558 qna
977 3498 1044 3537 urea
1067 3479 1224 3557 iniquitate
1247 3479 1279 3538 id
1295 3498 1397 3539 conse·

73 3584 83 3623 t
108 3565 286 3642 saepissime
311 3567 344 3624 iu
370 3566 516 3644 scriptura
538 3567 650 3626 veteris
699 3568 815 3644 quitur,
836 3574 873 3626 at
895 3574 929 3623 ta
948 3565 1131 3640 justificeris
1150 3568 1188 3623 a'rt
1201 3567 1398 3625 sermonibus

73 3651 126 3721 nti,
141 3652 372 3729 proceritatem
384 3649 648 3730 praestandispro·
699 3655 761 3711 tais
774 3659 837 3723 etc,
852 3652 946 3724 idest,
960 3651 1397 3753 ntomnescumlandeagnos·

699 3746 781 3809 eant,
805 3698 880 3797 adeo
904 3747 933 3798 te
945 3739 1056 3838 justum
1080 3758 1115 3796 ac
1129 3755 1265 3820 veracem
1282 3757 1348 3798 esse
1363 3740 1398 3799 in

73 3829 98 3896 t,
115 3820 235 3882 Graece
251 3816 294 3899 μὴ
316 3815 440 3898 γένοιτο.
465 3825 583 3897 ltesit,
608 3844 648 3884 ne
698 3825 799 3884 verbis
816 3827 874 3883 tuis
891 3845 927 3884 ae
943 3825 1103 3904 promissis,
1118 3832 1205 3883 utne
1220 3822 1342 3897 quidem
1358 3825 1397 3884 ob

72 3865 156 3969 ilicet
167 3909 361 3968 athominum
368 3910 483 3968 malitia
490 3909 548 3968 Der
560 3868 648 3969 ddem
699 3922 827 3989 peccota
835 3912 986 3971 bominum
995 3911 1204 3992 promissiones
1212 3917 1279 3968 tuas
1288 3918 1397 3970 retrac-

73 4039 81 4052 .
120 3995 226 4055 Serme
259 4006 304 4055 est
325 3996 540 4067 abominantis,
565 3997 648 4056 solut
698 4005 758 4057 tes:
786 3996 1027 4077 quandoquidem
1052 3997 1134 4067 mihi,
1160 3995 1234 4056 nihil
1259 3996 1396 4057 obstante

73 4080 192 4153 nrdam,
219 4090 310 4161 atque
325 4082 403 4141 adeo
419 4083 647 4160 impossibilem:
698 4083 754 4142 hac
767 4104 842 4155 mee,
857 4102 947 4162 quam
964 4084 1114 4154 confiteor,
1130 4083 1295 4163 iniquitate,
1311 4102 1395 4163 prae·

73 4188 90 4227 n
117 4169 303 4246 impossibile
327 4177 373 4227 cst
404 4171 505 4228 Deum
528 4173 647 4230 mentiri
698 4170 788 4229 stabis
815 4190 1021 4250 quaecumque
1047 4170 1086 4229 de
1115 4171 1200 4249 regni
1222 4168 1395 4243 stabilitate,

73 4274 97 4313 m
113 4253 232 4314 tallere.
250 4255 339 4315 Unde
351 4257 500 4334 sequitur:
698 4275 882 4328 successore,
904 4266 933 4316 et
955 4267 1059 4317 sancto
1075 4258 1187 4316 semine
1210 4275 1248 4314 ex
1268 4274 1315 4314 me
1328 4275 1395 4315 nas·

73 4348 221 4401 dautem
237 4343 325 4401 Deus
339 4361 443 4401 ecrite.
460 4343 497 4401 In
511 4343 646 4403 omnibus
698 4344 791 4402 citnro
807 4342 891 4402 fuisti
907 4344 1071 4421 pollicitus:
1096 4345 1194 4423 itaque
1214 4343 1255 4416 fit,
1270 4348 1304 4399 ut
1319 4361 1394 4401 sem·

73 4428 276 4507 tpromissis‚
305 4428 381 4487 adeo
404 4438 438 4488 ut
460 4429 564 4488 fallere
585 4451 646 4490 non
697 4433 877 4507 pervincas
900 4449 971 4489 eam
989 4433 1166 4505 judicaris,
1191 4428 1307 4500 idest,
1332 4431 1394 4489 vic·

73 4513 128 4574 ast
143 4517 224 4574 enim
242 4517 309 4592 ipsa
330 4518 449 4576 veritas.
473 4515 645 4576 Notandum
696 4524 743 4575 tor
758 4524 787 4576 et
803 4519 938 4596 superior
953 4519 1083 4576 ineauea
1093 4516 1306 4597 pronuncieris,
1322 4534 1394 4593 quo·

73 4602 105 4661 to
120 4609 166 4661 est
182 4603 215 4661 in
231 4600 350 4661 Graeco
368 4602 428 4680 legi
446 4595 589 4677 ssiteta,
618 4603 648 4663 id
697 4605 754 4662 ties
770 4605 836 4683 quis
852 4612 934 4664 reeta
948 4605 1061 4663 ratione
1073 4604 1203 4664 voluerit
1215 4603 1253 4663 de
1269 4604 1326 4661 tuis
1335 4602 1394 4661 iac·

73 4688 137 4749 ‚Er
152 4690 195 4749 ita
217 4690 315 4749 citant
336 4688 414 4751 hune
438 4690 533 4749 locum
560 4690 647 4750 Amb.
697 4692 735 4750 tis
747 4689 1253 4767 judiciumaatexameniastituere.
1270 4687 1395 4753 Inbunc
