3254 5190
89 300 138 368 30
607 287 1017 345 cosmarraamsncsrm

88 466 206 527 modum
233 468 357 546 exponit
379 466 560 546 Euthymios
583 475 787 545 congruenter
836 467 1040 546 quaestionem
1063 463 1140 523 hanc
1161 462 1297 541 subjicit,
1322 463 1480 543 inquiens:
1503 461 1534 522 si

88 552 247 613 admodum
263 574 328 613 cum
344 561 443 612 mente
458 554 547 612 Pauli
561 554 616 611 hoc
632 553 706 612 loco.
836 559 937 612 mostra
947 552 1090 630 iniquitas
1102 551 1165 608 sive
1177 549 1324 628 injustitia
1337 547 1532 621 commendat,

130 640 178 698 Ex
195 659 255 718 que
270 641 359 698 etiam
375 640 564 718 expositione
587 639 696 718 liquet,
721 659 786 718 par·
836 639 866 698 id
882 648 928 697 est
943 656 1091 716 apparere
1107 636 1192 707 facit,
1215 643 1245 695 et
1260 635 1453 696 illustriorem
1468 632 1532 694 red·

89 725 208 784 tioulam
223 734 260 784 ut
275 747 336 784 non
351 726 471 784 finalem
494 745 576 796 esse,
604 726 656 784 sed
672 734 786 784 tanturn
835 725 891 798 dit,
921 723 1060 804 adeoque
1083 724 1238 782 confirmet
1260 723 1320 782 Dei
1338 722 1487 799 justitiam
1505 728 1534 780 et

11 846 14 851 ‹
89 813 330 871 consecutionem
347 812 505 870 denotare:
532 810 613 889 qnod
640 820 670 869 et
686 813 783 871 Theo·
835 810 924 870 fidem
941 830 1012 888 erga
1028 810 1175 879 homines,
1188 809 1265 885 quid
1277 807 1442 868 dicemus?
1458 806 1531 866 scili·

88 898 247 977 phylootus
264 898 310 956 hic
326 899 490 956 annotavit.
519 897 665 977 Loquitur
687 908 785 957 autem
836 905 884 957 cet
898 897 937 956 ad
953 896 1160 975 quaestionem
1176 914 1213 954 ex
1228 895 1288 954 illis
1303 894 1391 954 dictis
1408 892 1531 968 obviam,

88 983 786 1063 ApostolusdepromissisDeialisolutisqquale
836 1003 914 1062 quae
934 984 1076 1061 sequitur.

88 1070 144 1128 tuit
157 1068 230 1128 illud
245 1069 358 1128 Psalmi
370 1071 431 1139 88,
444 1091 503 1129 non
520 1069 557 1130 de
574 1071 608 1129 iis
625 1091 703 1151 quae
718 1091 786 1130 con·
879 1070 1034 1143 Numquid
1049 1071 1180 1144 iniquus
1195 1076 1238 1128 est
1251 1071 1349 1142 Deus,
1367 1067 1533 1144 quitassent

88 1155 230 1215 ditionem
246 1155 358 1214 habent
373 1176 529 1214 annexam.
546 1157 622 1215 Nam
639 1177 716 1236 quae
732 1157 785 1214 lm·
835 1156 942 1214 irem?
959 1156 1000 1214 Et
1015 1155 1062 1213 bic
1076 1154 1211 1214 mallem:
1227 1154 1384 1230 Nonquia
1398 1156 1533 1225 injustas

84 1241 216 1320 jusmodi
232 1250 313 1313 sunt,
331 1261 375 1312 ea,
391 1260 450 1300 non
466 1252 586 1300 servata
609 1243 786 1313 conditione,
836 1249 879 1300 est
897 1245 998 1302 Deras:
1013 1249 1047 1299 nt
1062 1241 1137 1299 siout
1151 1243 1183 1300 in
1191 1240 1318 1312 Graeco,
1334 1241 1378 1299 sic
1390 1241 1420 1297 in
1430 1239 1532 1298 Latino

88 1329 227 1387 evacuari
243 1334 273 1385 et
287 1328 369 1385 irrita
383 1327 449 1386 fieri
460 1347 549 1406 posse
563 1337 686 1401 constat,
703 1329 786 1389 salva
836 1321 1047 1403 παρονομασία
1062 1326 1210 1406 quaedam
1225 1333 1379 1406 appareat
1404 1325 1532 1385 Sensus:

88 1413 147 1473 fide
164 1421 195 1471 et
210 1414 338 1472 veritate
353 1415 559 1492 promittentis.
836 1415 884 1473 An
901 1413 938 1473 ob
951 1414 981 1473 id
993 1412 1182 1473 censebimus
1194 1414 1290 1472 Deum
1303 1414 1447 1490 injustum
1459 1428 1532 1481 esse,

132 1499 276 1558 Nonnulli
299 1518 417 1558 versum
436 1500 529 1571 lmno,
549 1509 585 1560 ut
604 1501 786 1576 justificeris
836 1502 888 1579 qui
900 1499 987 1560 infert
999 1501 1080 1572 iram,
1096 1497 1126 1557 id
1139 1507 1185 1558 est
1196 1500 1399 1578 punitionem,
1416 1499 1469 1577 qui
1480 1516 1532 1576 pu·

90 1596 146 1646 etc.
164 1586 194 1644 in
216 1583 338 1645 Psalmo
362 1605 416 1664 per
437 1586 631 1665 hyperbaton
653 1586 786 1647 refemnt
835 1589 879 1647 uit
901 1597 933 1647 et
947 1585 1079 1645 vindicat
1101 1597 1242 1663 peccata,
1270 1605 1309 1644 ex
1332 1584 1446 1664 quibus
1471 1584 1533 1662 ejus

89 1670 128 1730 ad
143 1691 247 1751 preces
262 1673 440 1750 superiores,
456 1675 602 1733 raiaerere
618 1677 688 1733 mei.
708 1676 786 1734 Dete
831 1674 948 1752 justitia
963 1669 1210 1731 commendetur?

87 1760 292 1834 iniqu-itatem
314 1777 426 1817 meam.
457 1760 550 1818 Loco
576 1780 632 1821 rna.
660 1761 786 1821 Mundo
879 1763 907 1818 6.
932 1756 1126 1832 (Secundum
1141 1759 1300 1816 bominem
1316 1753 1412 1833 dico.)
1428 1754 1466 1815 Id
1481 1763 1534 1830 est,

87 1864 146 1906 me.
162 1843 208 1904 Ac
223 1846 248 1903 si
265 1844 377 1903 diceret
390 1845 505 1903 David:
529 1847 555 1904 si
576 1847 785 1907 meimisertus
835 1844 996 1905 secundum
1012 1845 1170 1903 humanum
1187 1863 1305 1902 sensum
1325 1842 1450 1921 loquor:
1484 1841 1534 1902 ob·

89 1929 195 2001 fueris,
219 1930 242 1989 si
258 1929 406 1990 deleveris
421 1930 606 2010 iniquitatem
628 1953 737 2006 meam,
761 1934 785 1992 si
831 1932 993 2008 jectionem
1006 1930 1084 1990 banc
1095 1949 1201 1989 moveo
1213 1950 1252 1989 ex
1262 1948 1392 2008 persona
1405 1928 1533 1988 hominis

89 2017 198 2076 laveris
215 2024 243 2074 et
258 2015 448 2077 mundaveris
458 2038 522 2092 me3
539 2038 634 2078 verax
648 2021 786 2097 etjustns
835 2017 937 2078 divina
952 2015 1081 2076 nondum
1097 2017 1259 2096 capientis3
1280 2015 1327 2076 cni
1342 2013 1441 2086 facile,
1457 2016 1535 2074 sicut

90 2103 250 2163 invenieris
267 2103 296 2161 in
312 2104 497 2163 sermonibus
513 2106 586 2177 tuis,
612 2105 719 2187 quibus
734 2126 784 2165 ve·
835 2105 1020 2184 experientia
1035 2102 1136 2176 docet,
1152 2101 1321 2181 hujusmodi
1341 2102 1534 2182 quaestiones

89 2191 169 2248 niam
185 2197 214 2247 et
228 2188 354 2267 gratiam
371 2191 533 2268 promisisti
553 2192 784 2271 poenitentibus.
835 2199 998 2252 occurrant.

89 2274 260 2334 Probabilis
271 2273 390 2355 quidem
407 2277 497 2335 etiam
518 2277 567 2337 hic
590 2297 710 2338 sensus:
734 2298 785 2338 ve·
879 2273 1100 2337 sosinosiros
1109 2274 1246 2335 credatur
1256 2276 1342 2334 Deus
1357 2275 1535 2351 injustumnt

89 2380 155 2421 rum
171 2362 316 2441 expositio
341 2362 423 2440 prius
439 2362 510 2421 data
534 2364 651 2443 plenius
674 2365 788 2424 servire
836 2365 903 2444 quis
912 2362 1025 2422 deDeo
1033 2368 1092 2419 tam
1101 2361 1230 2421 absurde
1239 2370 1269 2420 et
1281 2359 1405 2438 indigne
1413 2361 1534 2420 eonfiat

90 2447 207 2507 videtur
222 2447 684 2526 explicandaementiPanlinae.
891 2451 1044 2524 Alioquin
1074 2448 1232 2523 quomodo
1256 2447 1417 2520 judicabit
1447 2449 1536 2507 Deus

132 2532 292 2594 Caeterum
308 2534 436 2593 observa
451 2534 578 2595 Paulum
593 2537 786 2596 inhoctesti·
836 2539 919 2596 buno
955 2534 1137 2595 meadum?
1167 2534 1285 2594 Graece
1319 2525 1371 2590 τὸν
1406 2523 1533 2610 κόσμον,

89 2621 188 2679 monio
204 2619 322 2679 citando
339 2621 425 2699 sequi
440 2624 610 2681 versionem
630 2623 727 2682 LXX.
745 2625 786 2682 in·
835 2624 1004 2695 mundum,
1022 2622 1087 2679 sine
1098 2621 1274 2698 pronomine
1289 2618 1536 2692 demonstrativo,

88 2715 264 2785 terpretum:
281 2705 360 2784 qnod
372 2706 437 2765 fere
449 2706 533 2780 solet,
544 2709 595 2768 ubi
607 2728 707 2767 eornm
719 2729 785 2769 ver·
835 2706 1088 2769 consentientibus
1104 2707 1194 2765 etiam
1204 2726 1273 2766 mss.
1287 2704 1465 2786 quibusdam
1478 2707 1534 2766 La·

69 2794 133 2861 ,sio
150 2812 253 2872 parum
265 2800 316 2851 aut
327 2791 403 2851 nihil
414 2792 451 2852 ab
463 2793 605 2854 Hebraeo
617 2793 785 2873 discrepat3
835 2797 904 2855 tinis
930 2804 961 2854 et
980 2794 1058 2872 Syro
1079 2793 1252 2872 exemplari.
1280 2790 1473 2851 Deductione
1496 2790 1536 2852 ed

90 2881 135 2938 uti
149 2879 297 2957 contingit
311 2879 341 2937 in
356 2878 414 2938 lroc
428 2880 588 2955 versiculo,
604 2901 695 2960 quem
711 2883 784 2942 Hie·
835 2878 1051 2943 incommodum
1074 2879 1194 2958 repellit
1214 2878 1428 2955 objectionem,
1448 2879 1537 2957 quasi

89 2983 233 3044 ronymus
246 2984 285 3023 ex
296 2965 439 3026 Hebraeo
450 2969 542 3027 vertit
553 2966 658 3027 iisdem
671 2968 785 3045 verbis;
834 2969 931 3028 dicet:
943 2969 975 3028 Si
983 2974 1105 3046 propter
1116 2985 1236 3025 causam
1248 2971 1442 3023 memoratam
1450 2965 1537 3023 Deus

90 3053 146 3111 nisi
162 3050 244 3131 quod
259 3071 314 3129 pro
324 3053 483 3125 judicaris
497 3052 630 3122 reddidit
651 3053 785 3115 futurum
835 3056 963 3133 injustus
979 3052 1147 3113 censendus
1163 3052 1250 3110 estin
1261 3048 1453 3111 vindicandis
1464 3069 1536 3130 peo-

85 3138 288 3213 jndioeberis,
306 3158 396 3198 sensu
413 3139 486 3198 nihil
501 3139 629 3199 diverso.
835 3143 928 3215 catis3
952 3142 1042 3219 igitur
1067 3159 1126 3197 non
1142 3140 1198 3197 erit
1211 3137 1339 3197 idonens
1355 3138 1407 3215 qni
1419 3136 1539 3215 judicet

135 3225 162 3283 5.
180 3229 214 3286 Si
226 3233 332 3284 autem
342 3228 497 3302 iniquitas
509 3235 620 3287 nostra
626 3231 786 3301 justitiam
835 3227 985 3288 mundum.
1008 3224 1098 3304 Quod
1115 3234 1160 3284 est
1174 3223 1264 3302 longe
1279 3221 1536 3283 absurdissimum.

91 3314 152 3371 Dei
167 3311 376 3386 conserendut,
393 3313 470 3387 quid
481 3314 643 3374 dicemus?
659 3317 786 3390 Iniqui·
835 3315 968 3393 Sequela
979 3311 1138 3373 manifesta
1151 3320 1206 3383 est,
1218 3311 1289 3390 quia
1297 3309 1433 3386 judicem
1444 3311 1538 3371 tritius

91 3405 149 3472 tos,
168 3388 288 3471 ἀδίκως
311 3418 365 3476 pro
389 3417 451 3477 qna
466 3400 567 3459 malim
582 3403 785 3475 injustitiam,
835 3400 937 3460 mundi
949 3400 1146 3476 justissimum
1162 3417 1229 3458 esse
1245 3403 1371 3475 oportet.

90 3493 213 3565 propter
235 3485 409 3543 antithesim
435 3484 474 3544 ad
497 3489 665 3560 justitiam.
694 3489 787 3548 Oom·
879 3487 1039 3547 Caeterum
1070 3484 1184 3544 directa
1217 3483 1399 3564 quaestionis
1427 3483 1537 3544 solutio

90 3571 221 3631 mandat
236 3569 354 3631 Graece
370 3565 534 3648 συνίστησι.
557 3572 648 3652 Quod
664 3572 788 3653 quidam
837 3581 891 3642 est,
906 3574 965 3631 Dei
976 3572 1122 3650 justitiam
1135 3592 1194 3630 non
1207 3570 1347 3630 illustrari
1362 3577 1467 3630 nostra
1481 3570 1536 3630 ini·

90 3656 501 3738 potiusvsrtendumputant,
513 3660 693 3736 confirmet,
711 3679 788 3720 eoa·
837 3659 952 3739 quitata
966 3678 1020 3737 per
1035 3679 1076 3731 se,
1092 3657 1145 3717 sed
1160 3666 1274 3716 tanturn
1289 3665 1322 3716 ut
1336 3676 1392 3735 per
1402 3657 1538 3717 occano·

91 3745 225 3818 stabilit,
264 3745 421 3820 adatmtt5
459 3746 610 3823 quomodo
641 3748 788 3826 accipitur
837 3766 914 3806 nem.
938 3744 1016 3803 Nam
1037 3764 1110 3803 vera
1132 3763 1222 3804 causa
1238 3741 1434 3802 illustrandae
1450 3744 1538 3822 Justi·

92 3831 191 3892 Galat.
208 3835 235 3890 2.
252 3830 304 3888 nbi
319 3849 374 3890 nos
396 3829 559 3890 habemus:
578 3838 787 3909 praestariae·
836 3835 896 3890 tiae
904 3830 1032 3901 divinae,
1045 3850 1107 3910 qua
1110 3832 1211 3910 justus
1223 3837 1252 3887 et
1260 3828 1360 3889 fidelia
1373 3836 1420 3888 est
1432 3830 1538 3890 inver-

90 3926 190 3978 terem
205 3936 255 3976 me
270 3919 435 3977 consutae.
452 3917 514 3977 Sed
531 3920 562 3978 iu
574 3919 698 3997 Syriaco
711 3939 788 3980 con·
837 3920 884 3979 bis
896 3918 969 3989 suis,
982 3919 1047 3996 ipsa
1054 3917 1174 3976 bonitas
1182 3924 1231 3975 est
1237 3916 1410 3996 etpotentia
1418 3915 1488 3988 Dei,
1500 3916 1540 3978 ad

92 4004 201 4079 firmat
217 4002 334 4081 legitur.
358 4002 453 4082 Atqui
479 4007 571 4065 sentit
585 4006 730 4067 Erasmus
745 4009 788 4066 in·
839 4024 906 4064 eum
927 4005 1014 4063 finem
1034 4005 1143 4064 utentis
1159 4004 1291 4082 peccatis
1302 4002 1469 4075 hominnm,
1485 4022 1540 4064 seu

92 4098 254 4168 terpretem
280 4096 413 4149 nostrum
443 4099 524 4151 recte
549 4095 699 4153 vertisse:
732 4112 789 4153 nec
837 4091 936 4170 potius
948 4111 983 4149 ea
991 4091 1202 4168 permittentis:
1216 4090 1289 4149 sient
1298 4090 1540 4167 eteapermittit,

91 4178 157 4255 ipse
172 4194 260 4234 secus
282 4174 461 4236 vertendum
485 4179 542 4237 sibi
564 4180 689 4257 putavit.
711 4181 789 4239 Nam
837 4186 899 4237 tum
907 4177 946 4236 ad
956 4176 1215 4238 demonstrandam
1223 4177 1369 4254 justitiam
1381 4178 1539 4239 suamvin·

92 4264 122 4321 in
137 4261 229 4321 verbo
245 4261 472 4322 commendandi
486 4275 614 4343 possunt
636 4286 687 4339 ea,
711 4285 789 4346 quae
838 4264 995 4324 dicativam
1013 4264 1042 4324 in
1059 4265 1094 4324 iis
1105 4264 1283 4343 puniendis,
1305 4272 1366 4322 tum
1382 4260 1422 4321 ad
1439 4259 1540 4325 decis·

93 4346 343 4409 commendationi
358 4351 500 4430 conjungi
516 4353 626 4424 solent,
643 4355 731 4412 etiam
747 4354 788 4412 iu·
839 4350 962 4411 rendam
970 4349 1289 4410 suammisericordiam
1298 4350 1329 4409 in
1344 4348 1380 4408 iis
1387 4351 1540 4412 remitten-

92 4434 204 4513 telligi;
220 4444 252 4492 nt
266 4435 436 4509 declaratio,
448 4439 625 4512 testificatio,
639 4441 788 4499 confirma·
840 4436 893 4497 dis.
907 4440 947 4497 Et
959 4436 1078 4516 quidem
1094 4456 1195 4496 veram
1208 4456 1327 4496 causam
1342 4435 1542 4500 illustrandae

93 4524 142 4581 tio.
154 4521 282 4581 Dixerat
297 4523 461 4601 Apostolus
473 4525 682 4586 incredulitate
695 4526 787 4586 homi·
835 4525 972 4602 justitiae
981 4525 1039 4583 Dei
1051 4543 1110 4583 non
1123 4543 1190 4583 esse
1198 4531 1300 4583 nostra
1310 4531 1443 4603 peccata,
1452 4522 1544 4587 docet

93 4627 161 4670 num
176 4628 237 4670 non
258 4608 347 4670 modo
371 4631 432 4670 non
452 4614 594 4672 evacuari
611 4611 700 4672 fidem
722 4613 789 4686 Dei,
839 4611 1002 4691 Apostolus
1015 4611 1180 4687 subjunctis
1195 4610 1310 4683 verbis,
1332 4608 1425 4689 idque
1440 4630 1543 4673 rursus

90 4714 196 4759 verum
229 4696 318 4755 etiem
348 4695 498 4760 illustrari.
545 4699 648 4780 Quare
680 4702 787 4761 merito
836 4698 877 4759 ad
890 4696 1110 4759 incommodum
1125 4695 1313 4771 deductione,
1330 4716 1396 4758 cnm
1411 4697 1475 4757 ait:
