3254 5190
138 286 208 354 136
641 278 880 371 mensuramus
896 277 927 333 m
945 279 1011 334 car.
1029 278 1077 332 nr.
1146 275 1150 282 ’

135 455 278 534 scripture
292 473 441 532 nusquam
461 457 561 536 ipsum
575 455 726 516 homiuem
741 465 832 516 vocat
878 456 1058 528 confirmata,
1079 464 1162 516 recte
1183 475 1222 516 ex
1243 455 1302 515 boc
1323 457 1400 524 loco.
1423 474 1484 536 quo
1499 454 1575 516 Pau·

136 541 248 620 legem,
277 542 374 619 magis
399 541 499 620 placet
524 543 606 620 prior
631 562 754 615 sensus,
783 545 832 602 cui
877 543 926 602 lus
943 563 1011 602 eam
1027 542 1166 622 explicat,
1189 541 1475 621 docent'I'beologi‚
1500 542 1575 602 inso-

137 629 214 687 bene
230 627 318 685 etiam
333 636 454 705 aptatur
477 627 553 687 illud
569 633 585 687 l
603 627 671 688 (lor.
690 632 733 687 7.:
757 630 831 688 Ma·
880 628 972 688 lubile
983 648 1051 689 esse
1061 627 1215 688 vinculum
1226 629 1415 701 matrimonii,
1431 629 1495 688 vita
1506 631 1576 689 utri·

138 715 197 773 liar
211 714 346 788 alligata
363 721 406 773 cst
421 714 497 789 laps,
521 723 556 773 ut
571 735 609 776 ex
625 713 742 774 Graeco
757 716 833 775 verti
880 714 1262 793 nsqueconjugisdurante.
1271 713 1364 794 Quod
1372 724 1473 775 umen
1480 723 1578 775 utrum

138 810 247 880 potest
270 798 590 878 Adstipulaturautem
604 801 761 880 utriusque
774 801 832 862 loci
881 801 1012 880 aliquam
1035 802 1145 860 babeat
1168 804 1385 881 exceptionem,
1408 798 1579 881 disputatur

139 886 238 946 versio
254 886 389 965 Syriaca,
408 906 469 963 per
484 887 590 962 leyam.
881 887 922 946 ad
937 887 1003 947 dist
1019 888 1070 949 33.
1085 887 1135 946 lib.
1152 892 1181 948 4.
1206 899 1280 947 sent.
1302 887 1411 968 Neque
1433 887 1465 947 id
1488 898 1580 968 negat

182 971 243 1031 Sed
254 972 319 1050 jem
334 977 492 1054 quaeritur,
514 974 637 1033 ubinam
652 973 703 1033 lex
719 974 834 1046 doceat,
882 974 1052 1053 Apostolus.
1076 972 1130 1032 sed
1155 974 1193 1034 ab
1221 994 1266 1043 eo,
1291 972 1374 1054 qnod
1394 975 1577 1035 ordinarium

141 1057 223 1138 quod
245 1059 295 1117 hic
313 1058 394 1138 apud
416 1061 545 1120 scientes
568 1060 675 1138 legem,
698 1060 781 1119 velut
796 1081 835 1120 ex
883 1069 930 1120 est
945 1062 974 1119 in
987 1061 1054 1138 lege
1067 1061 1252 1132 matrimonii,
1267 1061 1525 1142 comparationem
1536 1082 1579 1121 as·

140 1145 216 1222 lege,
240 1143 357 1204 Paulus
373 1144 498 1224 allegat,
521 1146 674 1205 mulierem
689 1147 764 1215 viro,
787 1149 835 1206 cui
884 1147 982 1205 sumit
1009 1145 1118 1224 Neque
1143 1145 1193 1205 hic
1220 1146 1369 1206 attinebat
1393 1148 1579 1225 exceptionis

141 1231 253 1309 nupsit,
277 1230 431 1310 alligatam
448 1251 522 1304 esse,
537 1231 636 1311 quoad
652 1230 703 1290 ille
718 1234 835 1318 vixerit.
884 1232 1013 1310 alicujus
1033 1234 1210 1305 meminisse,
1233 1234 1408 1311 praesertim
1432 1252 1502 1292 aum
1524 1234 1580 1294 rari

141 1316 220 1375 Nam
236 1326 315 1376 certe
333 1317 436 1377 Moses
453 1319 542 1377 Dent
559 1320 608 1378 24.
625 1320 690 1377 viro
705 1329 836 1397 potesta·
886 1321 948 1378 sint
958 1328 989 1379 et
1001 1317 1195 1397 privilegiarii
1207 1337 1309 1394 casus3
1324 1327 1359 1377 ut
1369 1317 1441 1377 dum
1454 1318 1580 1380 infidelis

143 1412 202 1461 tem
222 1401 295 1461 facit
317 1403 388 1464 dato
415 1404 517 1465 libello
543 1403 663 1482 repudii
688 1403 838 1465 dimittere
887 1424 953 1464 cum
965 1405 1095 1482 conjuge
1111 1424 1256 1465 conversa
1267 1405 1441 1465 cohabitare
1449 1427 1512 1465 uon
1521 1426 1580 1466 ause

142 1509 280 1563 uxorem,
310 1492 335 1549 si
361 1501 482 1570 propter
507 1490 638 1568 aliquam
664 1489 838 1550 foeditatem
886 1493 962 1551 tinet
983 1492 1098 1570 absque
1119 1492 1229 1570 injuria
1251 1489 1381 1566 Christi3
1404 1501 1435 1552 et
1455 1491 1528 1553 dum
1543 1494 1581 1551 in·

143 1574 338 1655 displicuerit
363 1576 453 1657 Quod
469 1577 538 1635 huic
560 1577 725 1636 sententiae
739 1578 839 1637 Pauli·
888 1586 1092 1637 consummato
1107 1576 1214 1647 ,adhuc
1236 1578 1423 1637 matrimonio
1447 1579 1579 1638 alterin-

144 1681 202 1720 nae
213 1661 308 1722 videri
321 1672 420 1742 potest
432 1666 620 1722 contrarium.
644 1661 776 1742 Quidam
789 1662 840 1723 ad·
888 1663 1023 1743 greditur
1034 1663 1217 1742 religionem.
1229 1661 1363 1742 Quarum
1373 1667 1581 1744 exceptionum

144 1748 244 1809 lerunt
258 1749 332 1809 illud
343 1751 366 1810 J
368 1751 495 1810 eramiae
510 1751 555 1807 3.:
571 1751 605 1810 Si
621 1750 775 1810 dimiserit
789 1753 841 1810 vir
887 1752 1014 1830 priorem
1041 1752 1106 1830 ipse
1132 1749 1246 1808 Paulus
1270 1749 1404 1809 ostendit
1429 1756 1442 1810 l
1462 1751 1531 1812 Cor.
1547 1751 1582 1822 'l.‚

143 1854 277 1895 uxorem
298 1855 400 1909 saum,
426 1844 455 1895 et
469 1836 617 1895 recedens
631 1836 672 1895 ub
688 1855 723 1895 eo
739 1838 840 1897 dase-
888 1838 1084 1915 posteriorem
1106 1835 1252 1895 habemus
1273 1854 1313 1894 ex
1335 1836 1515 1915 Apostolica
1528 1847 1580 1896 tra·

145 1925 188 1981 rit
204 1926 310 1982 viram
326 1924 476 1997 alteram,
493 1923 649 1999 namquid
664 1931 841 1983 revertetur
888 1923 1008 1983 ditione.

145 2009 188 2067 ad
215 2028 285 2068 eum
306 2010 420 2069 altra?
443 2009 601 2085 numquid
624 2027 691 2069 non
711 2011 841 2085 pollata
932 2010 1123 2088 Quamquam
1150 2010 1222 2068 eatis
1244 2017 1384 2088 apparet,
1405 2010 1582 2089 Apostolum

146 2102 175 2154 at
190 2098 411 2156 contaminata
427 2099 488 2154 erit
503 2096 619 2154 malias·
632 2097 715 2154 illo?
888 2096 935 2156 hic
949 2096 1044 2175 loqui,
1061 2093 1310 2174 quemadmodum
1322 2102 1354 2154 et
1364 2095 1473 2155 Mosen
1486 2097 1517 2155 in
1528 2095 1581 2157 Ga

189 2181 263 2240 Mihi
274 2183 467 2242 verisimilius
479 2190 533 2253 est,
548 2181 679 2241 Paulum
690 2182 842 2259 respicere
889 2183 962 2253 nesi,
985 2181 1023 2241 de
1038 2182 1224 2241 matrimonio
1241 2193 1457 2253 consummato,
1480 2184 1510 2241 in
1526 2201 1583 2262 qua

147 2267 187 2327 ad
201 2267 298 2346 legem
314 2269 449 2348 conjugii
468 2269 635 2327 institutam
651 2269 680 2327 in
695 2267 841 2328 Paradiso
889 2266 948 2327 duo
969 2269 1042 2327 facti
1065 2278 1134 2327 eunt
1156 2287 1216 2327 uua
1236 2288 1320 2343 aaro;
1342 2277 1405 2327 tum
1428 2270 1505 2348 quia
1524 2288 1582 2328 mu·

146 2353 221 2415 Gen.
235 2356 273 2424 2.,
289 2374 349 2434 qna
361 2356 472 2414 dictum
486 2363 546 2413 est:
569 2356 738 2431 Relinquat
748 2356 842 2415 bomo
888 2355 992 2414 lierem
1008 2362 1100 2414 vocat
1115 2346 1274 2430 ὅπανδρον,
1300 2356 1330 2413 in
1352 2373 1415 2433 qna
1437 2374 1514 2416 voce
1528 2357 1582 2434 sig·

144 2449 270 2516 patrem
286 2459 379 2500 saum
400 2450 429 2500 et
443 2449 588 2514 matrem,
613 2448 642 2499 et
660 2440 843 2501 adhaerebit
888 2442 1021 2501 nificatio
1048 2438 1200 2519 quaedam
1228 2450 1274 2500 est
1299 2440 1494 2516 concubitus;
1523 2449 1583 2501 tum

145 2530 242 2587 uxori
257 2544 352 2605 ωας
368 2535 397 2587 et
412 2535 507 2586 arant
521 2528 586 2586 duo
601 2530 637 2586 ia
652 2546 750 2586 carae
765 2546 841 2588 ana.
888 2548 960 2586 vero
983 2528 1123 2606 quoniam
1148 2526 1180 2586 in
1203 2546 1255 2598 eo,
1278 2527 1359 2606 quod
1385 2528 1584 2606 aquitana·

148 2613 291 2672 Similiter
313 2614 393 2673 enim
412 2620 426 2673 l
444 2613 511 2673 Cor.
527 2617 585 2684 le,
608 2611 709 2672 dicens
726 2612 764 2673 de
777 2634 841 2672 mu·
887 2615 988 2691 faerit
1014 2633 1084 2673 cam
1111 2614 1177 2672 alta
1203 2616 1291 2687 viro,
1323 2614 1501 2692 concubitus
1523 2616 1583 2674 siue

147 2699 283 2758 lieribus:
300 2703 373 2761 Noa
386 2703 471 2760 enim
479 2702 678 2776 premittitur
690 2705 731 2760 eis
743 2701 841 2777 loqui,
891 2701 982 2760 dubio
997 2700 1187 2778 significatur,
1209 2698 1290 2759 unde
1311 2708 1531 2780 cousequenter
1543 2701 1582 2760 in·

148 2786 201 2844 aad
216 2786 357 2845 subditas
373 2805 444 2863 esse,
468 2791 547 2847 aaut
569 2793 599 2846 et
620 2787 773 2860 terdicta,
797 2807 841 2846 re·
891 2787 985 2865 telligi
1000 2786 1094 2855 datur,
1117 2806 1183 2845 eam
1199 2793 1296 2857 antea,
1318 2787 1387 2865 pari
1402 2806 1504 2859 sensu,
1522 2802 1584 2847 cum

149 2873 236 2951 spicit
250 2872 340 2945 adid,
364 2872 444 2953 quod
460 2874 521 2953 legi
535 2873 669 2953 conjugii
683 2882 754 2952 post
773 2893 841 2952 pec·
891 2874 982 2952 priori
996 2874 1060 2932 viro
1077 2872 1178 2932 samse.

149 2966 248 3019 catum
264 2961 399 3031 accessit,
415 2959 492 3020 Gen.
509 2962 537 3018 3.
562 2958 652 3039 Quod
666 2968 768 3020 autem
783 2959 844 3020 illis
933 2962 968 3020 Si
979 2966 1086 3019 uatem
1101 2967 1246 3018 mortuas
1258 2960 1360 3036 [namt
1375 2962 1428 3020 vir
1442 2963 1521 3035 ejus,
1535 2976 1584 3019 aa·

148 3044 257 3118 verbis,
280 3047 437 3123 relinquet
450 3048 543 3107 bomo
559 3056 624 3119 eta,
646 3048 844 3124 significatum
891 3047 959 3106 luta
973 3054 1016 3105 est
1028 3066 1048 3105 a
1061 3046 1125 3120 leae
1139 3048 1209 3105 viri.
1232 3046 1405 3107 Relatirum
1416 3049 1496 3122 abta,
1508 3043 1583 3127 quod

148 3133 189 3191 sit
201 3135 374 3212 conjugium
386 3133 464 3193 solvi
474 3154 534 3192 non
545 3152 642 3212 posse,
658 3132 747 3192 docet
759 3132 842 3193 chri-
890 3152 948 3192 nec
975 3133 1007 3192 in·
1029 3132 1145 3193 Graeco
1169 3141 1224 3205 est,
1247 3151 1302 3192 nac
1324 3130 1405 3212 apud
1427 3132 1585 3205 Hilarium

148 3219 387 3293 stusblattb.l9‚
397 3223 435 3293 6.,
450 3219 520 3280 dum
532 3239 569 3279 ex
581 3221 618 3279 iis
630 3218 735 3280 infert:
752 3220 843 3298 Quod
890 3218 1045 3299 supplerit
1070 3221 1226 3296 interpres.
1255 3219 1368 3279 Soluto
1388 3227 1450 3293 ast,
1474 3218 1586 3280 Graece

148 3324 221 3381 erqo
232 3308 320 3367 Deus
331 3310 510 3382 conjuncte,
526 3308 620 3367 bomo
632 3326 699 3366 noa
710 3313 841 3382 separet.
890 3299 1092 3384 κατήργηται,
1115 3326 1170 3384 pro
1186 3324 1246 3384 quo
1262 3305 1472 3366 Tertullianus
1488 3313 1520 3367 st
1533 3303 1584 3366 ffi-

189 3391 226 3452 Id
248 3412 331 3465 vero,
354 3395 435 3473 quod
459 3393 497 3453 de
517 3395 585 3473 lege
603 3393 722 3473 repudii
740 3393 842 3453 Moses
889 3394 983 3453 larius
1006 3399 1161 3453 evacuata
1182 3400 1234 3453 cst.
1258 3392 1298 3450 m
1319 3393 1361 3452 ita
1378 3401 1484 3453 nomer
1497 3393 1584 3453 inter·

146 3480 259 3546 statuit.
281 3480 413 3541 ostendit
435 3481 633 3559 permittentis
653 3480 760 3551 fuisse,
782 3501 842 3540 non
890 3498 959 3558 pres
979 3480 1051 3539 alibi
1072 3499 1162 3558 saepe
1179 3479 1279 3549 vertit,
1302 3480 1480 3540 nominatim
1500 3479 1531 3538 in
1546 3476 1584 3537 lc·

146 3566 356 3645 approbantis3
387 3568 600 3647 permittentis,
634 3568 769 3647 inquam,
802 3567 840 3625 ob
889 3568 1007 3626 cutione
1032 3564 1125 3624 simili
1144 3564 1211 3625 Gal.
1227 3568 1273 3626 5.:
1296 3567 1458 3626 Evamtutt'
1481 3567 1584 3625 abac

146 3650 285 3712 duritiam
311 3654 408 3714 cordis
434 3674 551 3727 eorum,
575 3653 684 3733 quibus
710 3652 764 3713 illa
789 3653 841 3712 lex
889 3654 1021 3713 Christo.
1044 3651 1238 3731 Quamquam
1260 3650 1399 3711 hocloco
1420 3658 1511 3724 recte,
1533 3668 1583 3712 ao·

145 3736 217 3797 data
231 3738 296 3812 fuit
319 3738 405 3801 salva
419 3740 615 3802 nibilominus
634 3739 702 3819 lege
717 3740 839 3820 primor-
888 3738 957 3798 lata
970 3747 1029 3815 αις
1044 3747 1078 3796 ut
1093 3737 1152 3807 elii,
1168 3738 1305 3797 liberato
1316 3745 1367 3798 att.
1389 3736 1585 3818 Significatu

144 3822 226 3896 diali,
240 3845 331 3905 quam
354 3827 439 3887 Deus
463 3846 582 3906 semper
604 3825 709 3886 valere
733 3825 838 3885 voluit.
886 3834 986 3885 eutem
1001 3824 1118 3885 Graeca
1140 3844 1216 3884 voce
1233 3825 1287 3900 jus
1301 3823 1447 3885 abolitum
1461 3833 1494 3885 et
1508 3824 1579 3885 anti·

145 3909 839 3993 QuodquidemipseMosesinDeutsronomio,
887 3920 1020 3990 quatum.

144 4004 174 4055 ct
187 4007 254 4077 post
265 4018 333 4058 enm
347 4001 369 4060 J
370 4002 498 4061 eremias
510 4003 583 4059 satis
596 4001 731 4071 innuunt,
747 4018 838 4078 quum
930 3997 1041 4077 Legem
1056 3997 1114 4056 riri
1129 4015 1230 4055 rursus
1252 3997 1387 4076 intellige
1402 3997 1503 4077 legem
1517 4015 1584 4056 aon·

142 4084 296 4145 mulierem
319 4085 471 4146 dimissam
492 4096 521 4145 et
540 4087 629 4146 elteri
651 4095 774 4165 nuptam
795 4084 837 4144 di·
881 4084 970 4161 jugii,
992 4103 1054 4165 qua
1069 4083 1125 4142 sub
1141 4083 1198 4141 viri
1213 4091 1362 4162 potestate
1384 4083 1492 4144 mulier
1507 4094 1583 4143 tene·

141 4179 214 4230 cunt
229 4171 374 4249 pollutam
398 4193 465 4235 esse
481 4182 512 4233 et
532 4172 762 4232 abominabilem
778 4171 838 4231 fac·
885 4169 981 4241 batur,
997 4179 1027 4231 et
1042 4191 1060 4227 a
1076 4189 1137 4248 qua
1151 4167 1292 4229 liberatur
1307 4189 1362 4249 per
1372 4170 1430 4229 viri
1446 4179 1583 4231 murtam.

139 4263 201 4316 tam
215 4277 315 4318 coram
330 4259 468 4319 Domino.
491 4261 559 4320 Hoc
577 4264 677 4337 ipsum
698 4259 791 4337 igitur
807 4267 839 4317 et
885 4255 991 4316 Potest
1005 4257 1095 4317 etiam
1111 4256 1197 4327 verti,
1220 4257 1321 4335 slepe
1337 4258 1420 4330 aare,
1445 4255 1476 4315 id
1492 4264 1548 4330 est,
1567 4272 1584 4313 a

140 4341 255 4403 Paulus
268 4346 427 4423 significat,
444 4345 514 4406 dum
529 4345 693 4425 praelatus,
710 4365 743 4404 se
753 4345 837 4424 loqui
884 4345 959 4414 viro,
971 4345 1024 4424 qui
1037 4342 1087 4402 lex
1100 4350 1146 4401 est
1157 4341 1299 4414 mulieris,
1312 4343 1398 4403 sicuti
1409 4342 1526 4404 dictum
1541 4347 1585 4401 stt

139 4431 301 4491 scientibus
316 4432 422 4512 legem,
446 4434 579 4503 affimat,
601 4431 756 4490 mulierem
772 4433 837 4491 viro
885 4431 914 4487 in
930 4439 1016 4508 parte
1031 4426 1229 4509 praecedenti.
1253 4429 1355 4490 Sedis
1371 4446 1471 4489 senno
1481 4428 1583 4489 durior

139 4535 201 4587 suo,
225 4517 296 4576 dum
312 4520 397 4586 vivit,
422 4519 573 4597 alligatam
589 4537 717 4578 manere.
885 4524 940 4587 est,
956 4527 993 4588 et,
1010 4523 1044 4575 nt
1059 4513 1205 4587 dicebam,
1222 4515 1378 4596 scripturis
1392 4514 1542 4576 insolitus.

181 4601 257 4664 Oum
272 4612 373 4664 autem
394 4604 446 4663 lex
467 4605 520 4665 illa
543 4604 675 4683 conjugii
699 4624 757 4663 non
773 4602 835 4661 Mo·
928 4608 955 4664 3.
987 4604 1110 4679 Iys'tar,
1140 4603 1266 4663 vivente
1297 4604 1387 4675 viro,
1418 4600 1584 4663 vocatam

137 4690 218 4749 stica
227 4691 272 4764 sit,
285 4688 338 4749 sed
351 4691 389 4750 ab
397 4691 480 4751 initio
492 4689 574 4762 data,
587 4701 706 4773 atquea
715 4688 834 4750 Christo
884 4689 1044 4766 adultera,
1056 4689 1270 4767 aifucrr'tcum
1279 4688 1344 4750 allo
1357 4687 1581 4751 vtro..Gmeac=
