3254 5190
97 290 144 358 30
614 285 850 339 coenmrrrros
868 285 899 339 rs
917 286 982 341 err.
1000 287 1018 340 ι

95 463 146 522 aui
161 464 197 522 irs
211 462 384 538 semetipsis
398 463 594 536 recipientes.
617 461 654 521 Id
671 472 725 535 ast,
748 483 792 522 re·
842 464 870 523 5.
886 465 961 524 Nori
976 471 1019 524 est
1034 464 1118 525 borea
1133 486 1183 526 rea
1198 485 1297 542 qaam
1310 466 1431 543 facita,

95 548 289 610 tributionem
306 549 398 608 errori
411 556 444 607 et
455 558 582 626 peccato
599 568 654 608 suo
670 548 792 629 condig-
840 549 931 609 valde
953 551 1041 610 mala.

95 644 425 713 nametoongruentem
437 635 662 715 velutquadam
672 637 792 696 talionis
885 639 935 695 29.
958 639 1107 713 Repletos
1123 640 1210 698 omni
1222 641 1401 714 iniquitate.
1425 639 1434 697 l

95 721 164 800 lege
179 723 209 781 in
225 721 284 781 suis
303 721 433 800 ipsorum
456 723 628 802 corporibus
645 725 791 802 recipien·
840 732 887 782 tes
902 726 953 782 uni
969 725 1041 784 vitio
1064 725 1280 803 ignominiosae
1302 745 1337 784 ac
1356 724 1434 784 nefar

94 816 149 867 tes.
173 806 407 887 congruentiam
428 807 517 887 hujus
536 829 652 888 poenae
664 811 727 888 jam
744 831 790 869 au·
840 809 950 868 bidinis
970 812 1063 870 fuisse
1086 811 1240 883 obnoxios,
1263 811 1434 872 ostenditA

93 895 194 975 perius
218 893 444 974 explicavimus.
483 897 560 954 Eam
581 903 679 956 tamon
701 898 791 975 paulo
841 896 903 969 lus,
936 899 967 956 in
997 899 1167 957 universum
1196 917 1249 957 eos
1284 898 1415 958 moribus

95 981 181 1040 aliter
204 981 335 1060 explicat
352 980 585 1060 Chrysostomus
608 983 739 1042 scribens
762 987 792 1044 in
841 985 1084 1062 corruptissimis,
1110 983 1200 1064 idque
1228 988 1370 1063 congerie
1391 987 1434 1043 vit

95 1068 328 1147 Ps.124.quia,
353 1068 455 1147 inquit,
478 1072 558 1128 sicca
577 1077 792 1130 commutave—
841 1088 919 1149 quae
946 1070 994 1129 hic
1021 1070 1162 1149 deinceps
1189 1082 1351 1130 enumerat.
1373 1071 1409 1130 In
1433 1104 1434 1119 ι

95 1162 173 1214 ruat
187 1157 354 1213 veritatem
369 1156 432 1214 Dei
453 1159 489 1215 ia
507 1157 721 1232 meridacium,
746 1161 793 1216 ita
842 1155 975 1215 ordinem
998 1175 1150 1238 quaerere,
1174 1156 1254 1235 quod
1276 1158 1397 1237 quidam
1419 1157 1434 1214 t

95 1242 209 1300 traditi
223 1248 309 1317 aaut,
332 1248 368 1300 at
390 1243 573 1302 naturalem
597 1261 689 1302 asam
704 1263 789 1304 com-
841 1243 970 1303 arbitror
1004 1262 1072 1302 esse
1102 1262 1365 1322 supervacaneum.
1404 1244 1434 1303 P:

94 1332 621 1404 mutareatineumqaiestcoatra
629 1336 791 1391 naturam.
838 1332 959 1405 pletas,
990 1330 1068 1388 verti
1096 1338 1128 1388 et
1156 1338 1257 1408 potest
1286 1332 1416 1405 repleti,

95 1414 154 1475 Pro
170 1415 317 1488 mercede,
341 1413 457 1474 Graece
471 1426 517 1476 est
529 1416 618 1475 dictio
631 1420 794 1496 composita
842 1415 972 1476 fortasse
987 1418 1107 1487 rectius,
1129 1426 1163 1474 ut
1178 1417 1254 1477 bene
1270 1426 1370 1477 monet
1384 1418 1434 1475 En

97 1492 280 1579 diripietis,
304 1523 332 1582 q.
350 1500 378 1559 d.
399 1504 679 1583 compensationem,
702 1504 794 1563 idest
841 1502 1044 1562 Referendum
1069 1505 1147 1562 enirn
1169 1505 1269 1582 potius
1292 1504 1331 1563 ad
1345 1505 1434 1565 verbe

95 1588 261 1650 mercedem
272 1589 383 1649 meritis
395 1589 633 1668 respondentem.
649 1590 708 1650 Hic
720 1612 792 1671 ergo
842 1594 939 1665 ciant,
957 1610 1046 1669 quam
1063 1590 1102 1648 ad
1117 1591 1261 1649 tradidit.
1285 1592 1364 1651 Nam
1380 1593 1434 1670 prii

91 1677 154 1754 jam
170 1676 354 1737 manifestius
367 1676 514 1755 significat
526 1677 678 1756 apostolus
690 1677 791 1756 hujus·
841 1677 926 1751 tradi,
950 1697 1037 1758 quam
1053 1677 1099 1735 his
1114 1678 1197 1737 vitiis
1219 1679 1338 1758 repleri.
1363 1677 1434 1737 Iden

94 1765 174 1825 modi
189 1773 314 1846 peccata
328 1764 421 1823 fuisse
432 1764 675 1843 praecedentium
687 1785 792 1844 pecca·
841 1765 916 1823 cium
932 1764 969 1824 de
985 1764 1110 1823 caeteris
1133 1767 1310 1825 accusativis
1333 1767 1363 1824 in
1379 1765 1434 1824 hac

95 1862 191 1912 torum
211 1872 334 1931 poenas.
370 1850 467 1924 Dicit,
490 1855 607 1911 erroris
629 1855 696 1927 sai,
720 1854 793 1932 quia
840 1871 904 1910 rum
919 1852 1141 1911 enumeratione
1157 1854 1356 1931 sequentibus,
1380 1861 1434 1927 ιιι]

94 1939 354 2001 licetDeumvere
366 1939 587 2017 cognovissent,
603 1940 679 1999 ineo
691 1947 792 1998 umen
840 1939 976 2013 invidia,
1002 1939 1249 2015 contumeliosos,
1273 1941 1425 2016 superbos

95 2028 236 2087 errabant
247 2028 433 2105 gravissime,
443 2025 522 2106 quod
534 2026 664 2086 honores
673 2027 792 2086 divinos
883 2025 943 2085 Pro
966 2028 1149 2101 iniquitate,
1173 2024 1290 2086 Graece
1305 2039 1352 2087 est
1369 2019 1434 2084 dors

94 2114 291 2197 putarentvcl
303 2113 406 2174 saltem
414 2132 469 2191 per
481 2112 697 2173 simulationem
710 2114 792 2173 exhi·
835 2113 960 2191 justitia
984 2113 1072 2170 Hanc
1087 2112 1180 2189 primo
1204 2112 1269 2171 loco
1285 2115 1370 2193 ponit
1385 2124 1419 2174 ut

93 2202 287 2262 bendosesse
302 2199 445 2260 creaturis
463 2208 606 2258 etearum
619 2201 790 2260 simulacris.
839 2199 989 2277 generale,
1007 2198 1144 2276 justitiae
1168 2201 1238 2257 item
1260 2201 1395 2278 generali
1418 2222 1434 2259 ο

140 2293 189 2350 28.
213 2290 257 2348 Et
271 2290 351 2347 sicat
366 2303 434 2345 aaa
447 2286 671 2361 probaverunt
685 2289 790 2347 Deam
839 2294 914 2345 turn:
938 2285 1021 2362 cujus
1037 2283 1146 2344 deinde
1161 2287 1259 2344 varias
1275 2289 1393 2367 species
1408 2308 1434 2348 sr

93 2376 206 2435 babere
222 2377 258 2434 iri
272 2375 398 2448 notitia,
423 2373 559 2432 tradidit
570 2374 642 2433 illos
653 2376 740 2434 Deos
755 2376 791 2430 iri
840 2372 1019 2451 Quanquam
1034 2369 1108 2430 nihil
1124 2379 1208 2430 vetat
1224 2373 1399 2452 injustitiam
1415 2394 1434 2454 sj

94 2463 266 2539 reprobam
280 2478 413 2521 scaram.
438 2458 555 2519 Graece
570 2463 606 2518 iri
621 2460 791 2536 reprobam
835 2459 970 2536 justitiae
985 2459 1151 2537 oppositam
1167 2457 1301 2539 intelligi,
1318 2481 1378 2540 qua
1394 2469 1434 2520 tre

93 2557 246 2623 meatem,
271 2546 417 2627 quomodo
441 2547 511 2605 citat
533 2547 718 2625 Augustinus
740 2545 790 2605 lib.
840 2544 908 2605 litas
931 2544 1114 2622 reipublicae
1142 2544 1300 2625 plurimum
1328 2546 1434 2607 laeditt

94 2634 132 2695 de
148 2635 298 2715 praedest.
315 2633 415 2693 Senot.
432 2651 496 2710 cap.
515 2633 563 2690 10.
579 2641 610 2690 et
625 2632 705 2694 alibi.
729 2633 790 2691 No·
840 2651 916 2712 quac
925 2631 1042 2691 Graeco
1052 2631 1171 2690 nomine
1180 2634 1382 2710 propriissime
1391 2634 1434 2712 sig

93 2719 186 2780 tanda
196 2718 353 2779 antithesis
362 2738 428 2777 cum
440 2717 584 2778 allusione
595 2737 701 2778 vocum
713 2719 790 2778 inter
838 2727 893 2778 tur.
906 2718 989 2776 Dicit
999 2725 1100 2776 autem
1107 2718 1237 2795 repletos
1248 2721 1327 2778 omni
1340 2720 1434 2796 injust

90 2806 314 2883 probaverunt
336 2814 365 2864 et
386 2803 575 2881 reprobam,
620 2824 676 2864 uae
697 2806 792 2884 magis
839 2813 884 2864 est
893 2805 972 2863 omni
983 2822 1096 2881 genere
1108 2803 1279 2882 injustitiae.
1291 2805 1369 2865 Nem
1383 2815 1434 2866 ets

93 2901 218 2974 apparet
239 2894 270 2952 in
289 2890 443 2951 vocabulis
459 2889 583 2950 Graecis
599 2826 790 2968 {desipuerit
838 2890 875 2949 lis
892 2891 1034 2968 injustitia
1045 2908 1099 2968 per
1114 2890 1213 2950 varias
1226 2893 1342 2969 species
1355 2891 1434 2952 differ

93 2989 124 3039 at
140 2971 296 3057 ἀδόκιμον.
320 2976 446 3038 Sensus:
470 2976 513 3034 Et
524 2979 599 3036 sicut
610 2997 670 3037 non
685 2977 789 3058 proba·
882 2977 1017 3036 Malitia.
1040 2975 1075 3035 ld
1099 2983 1146 3033 est
1168 2976 1295 3036 nocendi
1318 2978 1434 3052 studio,

93 3073 203 3126 verunt
217 3084 316 3144 neque
331 3064 567 3123 aestimaverunt
581 3064 756 3123 beneficium
772 3083 791 3120 a
838 3061 1015 3122 diabolicum
1039 3069 1085 3121 est
1107 3062 1228 3139 vitium3
1256 3062 1374 3123 Graece
1395 3082 1434 3122 aa

96 3150 164 3211 Deo
184 3161 346 3231 acceptum,
368 3148 448 3228 quod
472 3157 536 3209 erat
549 3152 655 3210 Derim
677 3150 790 3209 babere
838 3148 927 3208 Unde
943 3147 1080 3208 diabolus
1102 3165 1156 3225 per
1171 3152 1434 3210 antonomasiamr

95 3240 131 3299 ia
146 3240 272 3312 notitia,
297 3235 328 3295 id
344 3244 390 3295 est
404 3235 504 3293 Deum
520 3236 712 3315 cognovisse:
736 3234 789 3296 sed
839 3234 956 3295 Graece
971 3226 1115 3309 πονηρὸς,
1131 3236 1242 3313 passim
1257 3237 1289 3295 in
1304 3238 1433 3316 scriptur

95 3325 191 3403 magis
218 3322 293 3383 illud
322 3323 504 3399 ingratorum
534 3321 682 3382 homiuum
708 3340 790 3381 more
838 3322 1007 3381 testamenti
1021 3331 1155 3379 vocatur.

95 3409 327 3491 parvipendere
348 3407 406 3467 visi
428 3415 504 3480 sunt,
527 3409 598 3487 quia
613 3429 678 3467 cnm
693 3409 790 3468 Deum
882 3409 1118 3468 Fornicatioae.
1136 3406 1204 3485 Quo
1214 3408 1332 3467 nomine
1344 3429 1434 3488 comp:

94 3504 226 3569 nossent,
248 3516 309 3556 nou
324 3514 391 3554 eum
413 3502 447 3552 ut
462 3493 569 3572 dignus
585 3503 650 3553 erat
663 3494 790 3555 honora·
838 3492 916 3552 ditur
931 3494 1025 3552 omnis
1048 3492 1168 3552 illicitus
1193 3494 1368 3554 concubitus
1390 3496 1434 3556 vir

93 3592 177 3643 runt:
200 3583 241 3641 ita
255 3581 429 3641 vicissimin
440 3600 566 3659 poenam
579 3589 679 3639 tantae
691 3583 788 3659 ingra-
837 3579 974 3638 foemina.
997 3579 1168 3638 Notandum
1191 3580 1266 3640 haec
1288 3579 1347 3640 duo
1363 3583 1434 3640 mal

93 3669 228 3729 titudinis
249 3667 373 3727 tradidit
394 3665 462 3725 illos
478 3667 560 3725 Deae
581 3668 613 3726 in
634 3668 788 3747 reprobam
835 3667 1053 3744 fornicatione
1074 3667 1104 3724 iu
1125 3674 1209 3726 textu
1224 3666 1341 3727 Graeco
1365 3676 1396 3727 et
1409 3668 1434 3743 S¹

93 3765 229 3829 mentem,
252 3753 283 3814 id
299 3761 351 3827 est,
367 3753 500 3834 permisit
515 3772 566 3812 eos
582 3754 789 3832 sibimetipsis:
838 3753 899 3832 lagi
915 3752 1019 3813 ordine
1042 3763 1227 3812 commutato.
1251 3753 1311 3813 Sed
1327 3753 1356 3812 id
1372 3763 1434 3834 potr

93 3862 151 3923 quo
174 3841 293 3913 factum,
315 3849 348 3899 ut
362 3847 491 3900 mentem
514 3838 663 3899 induerint
683 3839 790 3918 judicii
838 3840 946 3899 cidisse
961 3858 1001 3897 ex
1019 3837 1211 3899 similitudine
1226 3838 1407 3900 Graecarum
1430 3863 1434 3875 ·

94 3948 215 4008 prorsus
239 3927 411 4007 depravati,
442 3945 531 4005 quam
553 3925 678 4006 proinde
701 3945 789 3985 nemo
837 3919 981 4003 πορνείᾳ,
1010 3919 1148 4004 πονηρίᾳ.

93 4015 207 4094 probet,
230 4012 283 4075 sed
300 4031 401 4073 omnes
421 4022 452 4071 ut
473 4011 563 4072 vilem
581 4022 612 4072 et
626 4013 789 4092 improbam
881 4013 1039 4072 Avaritia.
1052 4010 1176 4084 Graece,
1189 4007 1359 4098 πλεονεξίᾳ.
1378 4012 1434 4091 Qus

93 4108 293 4162 contemnant
838 4099 1020 4177 significatur
1043 4097 1172 4158 studium
1194 4098 1261 4176 plus
1277 4117 1366 4178 quam
1382 4099 1434 4159 sibi

142 4189 182 4249 Ut
194 4188 322 4265 saciant
338 4205 375 4245 ea
398 4205 478 4263 quae
493 4204 560 4245 aon
584 4189 787 4246 conveniunt.
835 4192 917 4264 petat
928 4182 1068 4257 habendi,
1079 4183 1249 4263 usurpandi,
1262 4184 1434 4262 occupandi

91 4274 229 4334 Eventus
252 4273 451 4353 significatur,
484 4293 545 4332 non
567 4291 659 4332 causa
680 4272 786 4333 finalis.
836 4271 917 4331 dicas
940 4271 1223 4349 plurishabentiam:
1253 4290 1308 4330 nec
1331 4269 1362 4331 id
1385 4272 1434 4331 sol¹

90 4360 168 4420 Nam
192 4380 297 4422 sensns
321 4368 383 4419 est:
406 4360 448 4417 ita
462 4367 495 4416 ut
509 4359 620 4418 faciant
643 4378 688 4431 aa,
711 4378 787 4438 quae
835 4357 955 4431 divitiis,
977 4356 1030 4416 sed
1052 4358 1138 4416 etiam
1161 4359 1190 4415 in
1214 4356 1384 4430 bonoribus,
1406 4357 1434 4417 al

90 4444 191 4508 iacere
206 4468 265 4507 non
282 4446 430 4517 convenit,
454 4443 485 4503 id
507 4454 554 4505 est
576 4464 612 4504 ea
633 4464 712 4524 quae
727 4464 786 4503 ma·
834 4444 932 4503 rebus.
955 4445 1033 4503 Nam
1046 4453 1076 4503 et
1087 4442 1125 4502 ad
1138 4441 1277 4502 libidines
1292 4443 1434 4504 transfert

89 4535 168 4593 xime
182 4534 317 4593 homines
329 4530 485 4602 dedecent,
500 4539 604 4609 utpote
616 4551 664 4590 res
680 4533 786 4609 turpis·
834 4530 958 4602 terdum,
981 4538 1014 4589 ut
1033 4529 1111 4608 Eph.
1128 4535 1156 4589 4.
1180 4528 1339 4608 Quomodo
1361 4531 1434 4591 etiar

91 4621 189 4680 simas.
213 4620 324 4698 Figura
341 4627 386 4678 est
401 4618 554 4696 scripturis
566 4617 712 4697 frequens,
729 4637 787 4696 qua
834 4618 900 4677 loco
915 4617 1010 4694 accipi
1025 4624 1125 4695 potest
1139 4636 1198 4676 non
1213 4617 1323 4695 inepta.

88 4707 186 4767 minna
199 4704 316 4779 dicitur,
326 4705 394 4785 plus
407 4703 596 4783 intelligitur:
618 4711 651 4764 ut
661 4703 786 4763 Nehem.
878 4705 1037 4780 Nequitia.
1083 4701 1199 4763 Graeca
1229 4700 1318 4763 dictio
1348 4697 1434 4764 taric
