3254 5190
353 277 516 333 mistum
532 280 574 335 ΑΙ)
593 281 742 337 nomos
778 281 862 337 lm.
879 285 904 336 4.
923 284 948 337 5.
1312 292 1381 359 101

73 453 161 514 iisset
174 470 275 529 supro
289 453 421 516 modum
430 475 576 533 peccem,
589 477 640 517 ao·
730 461 780 520 Ex
795 459 852 520 hoe
866 458 932 520 loeo
946 458 1107 519 maiiesto
1122 459 1315 532 refelluntur,
1330 463 1384 540 qui

73 540 324 602 mutuationes
337 543 369 602 in
380 542 510 603 humano
521 563 640 624 genere,
687 554 797 626 putent
819 565 857 607 ex
874 546 948 607 solio
970 554 1094 607 uaturoe
1108 545 1221 606 viribus
1235 554 1328 607 totam
1342 547 1384 607 le·

73 647 111 687 un
141 634 189 687 est
219 627 316 706 ospite
345 631 507 709 superiori3
536 650 640 692 verum
687 640 956 712 gemnoturoeseu
969 631 1383 713 deoalogiabhomineprae·

72 732 94 771 a
109 731 233 773 manum
247 715 379 775 misisset
391 717 423 776 in
432 715 584 777 Christum
595 718 638 778 in·
687 720 758 778 stari
788 738 878 798 posse
904 720 936 778 in
960 719 1018 779 boo
1041 728 1166 779 naturae
1188 722 1385 800 corruptione,

73 820 104 872 n,
120 806 152 858 et
164 808 309 880 tanquam
323 813 513 881 peccatorem
527 805 641 884 egisset
688 804 809 886 quondo
824 804 998 885 nequidem
1009 807 1140 885 seriptee
1163 806 1239 884 legis
1261 806 1385 867 admini-

73 905 129 962 m
145 896 179 946 ot
190 906 256 946 eam
270 887 309 948 ob
321 907 441 950 osusam
451 892 640 952 meritissime
688 892 755 952 oulo
767 890 799 950 id
808 900 908 971 potest
919 900 1061 970 corrupta
1072 902 1186 963 natura,
1195 891 1385 972 quemadmo-

73 972 202 1033 sandom
217 972 310 1034 fuerit
322 985 417 1055 atque
432 978 561 1039 emedio
584 977 639 1037 tol·
688 978 758 1039 dum
772 978 822 1038 bio
837 978 969 1039 docetur.

83 1057 168 1119 Nem
179 1059 252 1121 lieet
266 1061 351 1121 Deus
365 1063 431 1122 solo
447 1072 522 1123 nutu
537 1063 639 1123 volun·
731 1063 801 1131 Nou
816 1067 913 1126 minus
927 1066 977 1125 hio
991 1064 1131 1144 Apostoli
1146 1062 1230 1126 loeus
1245 1065 1320 1125 feeit
1333 1064 1384 1125 ad·

73 1144 151 1206 »lere
165 1149 313 1226 potuisset
322 1157 485 1227 peceatum,
501 1151 640 1211 eonveni-
689 1170 795 1211 versus
817 1151 999 1225 mosomo,
1028 1152 1080 1233 qui
1110 1161 1239 1230 nogant,
1269 1151 1307 1210 sb
1334 1151 1383 1212 bo-

73 1252 153 1293 unon
166 1234 298 1293 eivisum
310 1234 382 1307 fuit,
397 1238 423 1295 si
435 1237 492 1296 hoo
501 1238 640 1316 justitiae
688 1239 768 1297 mine
783 1257 837 1317 por
849 1237 960 1299 Christi
974 1241 1100 1317 gratioso
1111 1237 1274 1315 justifioato
1287 1239 1384 1317 legem

73 1317 195 1381 sedetet
217 1319 257 1379 ad
279 1318 492 1384 destruendum
514 1343 640 1403 regnum
689 1324 816 1405 impleri.
832 1324 910 1385 Nam
923 1327 949 1386 si
960 1346 1020 1386 non
1031 1323 1181 1402 impletur,
1195 1325 1305 1386 frustra
1317 1328 1384 1386 mis-

85 1406 178 1467 Haeo
192 1416 293 1467 eutem
307 1407 346 1469 de
355 1419 479 1490 peooato
495 1430 550 1492 per
556 1430 638 1491 pros·
688 1431 738 1471 sus
755 1420 801 1472 est
815 1431 833 1472 e
848 1411 932 1472 eoelo
945 1414 976 1473 in
990 1421 1100 1472 terram
1115 1410 1197 1472 filius
1210 1412 1280 1485 Dei,
1296 1431 1385 1491 quem

73 1513 120 1553 sm
147 1491 301 1568 dicuntur,
332 1497 418 1556 velut
445 1496 482 1557 de
509 1507 639 1577 tyranno
687 1498 794 1578 utique
808 1496 849 1558 od
863 1498 920 1559 hoo
934 1500 1057 1559 missum
1071 1507 1200 1558 testatur
1211 1499 1383 1578 Apostolus,

73 1602 81 1640 ι
97 1589 130 1641 et
144 1580 258 1657 injusto
270 1580 470 1659 dominator03
486 1606 544 1665 quo
557 1585 639 1645 sobe·
687 1593 724 1645 ut
734 1583 920 1660 justificatio
936 1586 1014 1661 lepis
1028 1586 1216 1660 impleretur
1231 1589 1268 1646 io
1283 1586 1383 1646 nobis.

73 1671 130 1727 lam
144 1669 177 1727 in
188 1670 396 1747 superioribus,
413 1669 451 1731 de
462 1682 586 1751 peooato
597 1671 640 1731 lo·
687 1672 721 1733 si
735 1690 878 1752 quaeras,
900 1673 931 1730 in
947 1672 1056 1752 quibus
1071 1672 1172 1744 nobis,
1190 1671 1277 1732 docet
1292 1682 1322 1732 te
1338 1674 1384 1746 id,

73 1773 144 1815 osus
159 1764 207 1813 est
220 1756 394 1834 Apostolus.
418 1757 470 1818 Sio
491 1759 583 1839 igitur
598 1757 640 1819 di·
688 1758 768 1839 quod
785 1761 937 1838 sequitur:

73 1862 101 1901 m
117 1839 277 1903 &measse
291 1853 446 1923 peceatum
457 1844 496 1906 de
508 1854 640 1924 peoeoto,
734 1848 795 1926 Qut
809 1864 878 1907 noo
892 1847 1066 1907 semustum
1080 1864 1211 1907 comem
1234 1847 1384 1906 ambulo·

73 1929 236 1989 »miousait
250 1929 339 1991 Joeu
353 1936 418 1994 le:
444 1934 524 1995 &tm
547 1952 640 1994 oene-
688 1952 776 2006 mus,
800 1935 853 1993 sed
875 1934 1049 1994 secundum
1071 1936 1228 2008 spiritum.
1258 1933 1385 1995 Sensus:

73 2014 295 2095 Paracletus),
311 2027 423 2094 orpost
434 2021 591 2082 mondum
603 2020 641 2079 de
689 2019 780 2099 Quod
795 2020 829 2077 lit
842 2017 964 2099 (nempe
979 2029 1013 2079 ut
1027 2020 1126 2098 legem
1141 2019 1333 2100 impleamus,
1356 2029 1387 2081 et

73 2100 225 2173 ‚Groeoo
239 2094 309 2181 περὶ
325 2098 487 2182 ἁμαρτίας.
510 2106 576 2167 Neo
590 2106 642 2167 ab·
689 2128 743 2186 per
764 2107 822 2167 hoe
841 2107 1024 2167 damnationi
1045 2126 1106 2167 non
1126 2108 1219 2167 simus
1240 2104 1384 2183 obnoxii),

73 2190 189 2249 nonus
205 2207 318 2263 sermo,
333 2193 418 2253 velut
431 2213 499 2253 oum
514 2193 641 2254 dicimus
689 2193 760 2254 dum
774 2211 834 2253 non
849 2197 949 2254 ooruis
963 2192 1115 2254 desideria
1141 2194 1309 2273 sequimur,
1331 2193 1387 2254 sod

87 2283 263 2337 aoeusatum
278 2287 330 2339 out
351 2279 581 2342 condemnatum
601 2278 641 2339 de
689 2281 862 2341 instinctum
876 2280 1006 2358 Spiritus
1022 2281 1127 2340 saneti.

72 2365 102 2423 io
120 2362 172 2421 vel
186 2362 354 2425 homicidio.
733 2367 761 2426 b.
784 2369 846 2444 Qui
860 2370 944 2426 enim
959 2367 1132 2428 seeundum
1148 2385 1279 2426 caratam
1298 2374 1385 2441 sunt,

88 2448 278 2510 Groeeorum
305 2455 455 2533 expositio
477 2455 519 2513 ita
534 2453 641 2534 pluent,
691 2472 772 2531 quoe
795 2456 1012 2527 carnosum,
1041 2456 1181 2531 sopiunt.
1202 2453 1316 2539 Probat
1339 2453 1386 2525 id,

93 2537 222 2597 caeteris
248 2538 488 2619 anteponendam
514 2559 579 2600 oum
604 2540 641 2599 F.
690 2537 772 2621 qnod
787 2541 819 2600 in
833 2539 1026 2619 praeoedenti
1039 2549 1124 2619 pente
1136 2559 1174 2601 ex
1186 2541 1386 2618 superioribus

73 2641 221 2682 oenseam.
246 2622 468 2688 Condemnavit
491 2637 589 2687 autem
613 2635 642 2685 et
690 2625 815 2704 intelligi
830 2626 941 2702 voluit3
967 2646 1156 2706 pomposus,
1184 2627 1318 2703 quinon
1342 2646 1386 2687 se·

73 2712 92 2770 lt
106 2718 269 2787 peecatum
283 2713 369 2773 Deus
384 2717 421 2773 io
431 2733 538 2787 carne,
554 2712 644 2774 idest
691 2712 819 2775 eundum
833 2732 953 2773 earnem
968 2710 1140 2783 ambulant,
1157 2712 1210 2772 sed
1225 2712 1387 2774 seeundum

73 2815 134 2857 nem
149 2796 204 2857 lilii
218 2798 264 2856 sui
278 2818 456 2881 suspensam
472 2810 503 2860 et
525 2801 643 2861 mortifi-
691 2801 835 2879 spiritum,
851 2819 994 2861 evasuros
1004 2800 1236 2871 damnationem,
1252 2800 1388 2880 alioquin

73 2905 98 2944 n
121 2902 226 2957 eruoe;
254 2905 314 2945 non
336 2887 418 2967 qnod
440 2887 560 2947 omnino
579 2888 643 2965 jam
691 2908 753 2947 non
781 2904 939 2957 evasuros,
977 2888 1095 2948 etiamsi
1124 2905 1179 2966 per
1208 2887 1387 2964 baptismum

73 2971 123 3040 sit,
143 2968 243 3029 adhtm
258 2976 335 3033 enim
351 2973 467 3034 habitat
489 2983 642 3052 poooatum
692 2972 814 3034 Christe
829 2973 910 3034 insiti
925 2972 1047 3034 fuerint.
1063 2973 1132 3033 Vim
1147 2972 1330 3051 probationis
1345 2975 1386 3032 io·
1443 3000 1455 3025 s

73 3064 277 3131 ›renatorum
293 3061 428 3121 excitans
450 3078 545 3138 prava
567 3059 643 3119 dosi·
690 3059 783 3119 ferius
799 3058 969 3138 explicabo.
981 3060 1057 3121 Sunt
1071 3068 1173 3121 autem
1188 3058 1295 3119 eadem
1306 3060 1387 3137 Apo·

78 3145 134 3204 sed
157 3142 227 3223 quis
249 3142 410 3206 dominium
433 3147 498 3224 ejus
521 3145 645 3206 obstulit
692 3145 778 3218 stolo,
801 3144 964 3206 seeundum
978 3165 1096 3207 oamem
1113 3145 1280 3216 ambulare,
1297 3155 1327 3205 et
1341 3165 1387 3204 se·

73 3248 114 3291 un
136 3229 243 3303 solvit,
264 3232 385 3293 tandem
404 3233 501 3312 ipsum
523 3251 644 3312 prorsus
693 3232 822 3293 eundum
835 3252 955 3292 earnem
968 3252 1045 3293 esse
1060 3233 1136 3292 item
1151 3230 1315 3292 seeundum
1331 3235 1387 3312 spi·

73 3334 129 3390 us,
151 3314 275 3395 quando
297 3340 350 3380 eos
372 3319 514 3379 liberabit
528 3319 566 3379 de
581 3338 643 3378 eor·
692 3321 785 3380 ritum
810 3318 979 3392 ambulare,
1003 3327 1034 3378 et
1058 3318 1225 3379 seeundum
1248 3319 1388 3396 spiritum

73 3406 138 3464 ntis
152 3403 252 3481 hujus.
693 3425 767 3467 esse.
790 3404 868 3464 Nem
882 3404 945 3465 illio
966 3404 1100 3465 homiues
1117 3404 1252 3465 carnales
1276 3406 1388 3485 signiti-

73 3489 289 3568 tjustitlootio.
303 3494 379 3569 lepis
400 3493 588 3569 impleretur
608 3495 645 3552 in
694 3500 808 3563 eantur,
823 3490 871 3551 bio
885 3493 1074 3572 spiritualem
1088 3493 1148 3551 nisi
1163 3490 1246 3572 quod
1258 3511 1326 3552 esse
1337 3492 1388 3551 ha·

73 3575 105 3637 ld
128 3584 188 3650 est,
210 3586 244 3636 ut
264 3600 319 3640 nos
333 3579 431 3658 legem
447 3579 645 3657 impleremus,
693 3580 789 3640 bitum
803 3577 962 3656 importare
977 3578 1129 3650 videatur,
1149 3578 1305 3640 ambulare
1321 3599 1388 3639 eon·

73 3664 190 3724 aiendo
202 3666 277 3742 justi
292 3685 438 3738 essemus,
455 3667 526 3745 quio
538 3666 645 3743 foeto-
694 3667 906 3738 versationem,
920 3685 998 3746 quae
1013 3666 1044 3724 in
1060 3666 1176 3725 actibus
1191 3668 1335 3727 oonsistit.

73 3751 396 3829 lejuttillcobuntor,·
415 3772 506 3832 supro
527 3772 593 3831 oap.
615 3755 644 3811 2.
736 3752 846 3830 Itaque
862 3771 967 3811 sensus
982 3752 1073 3829 hujus
1088 3754 1181 3831 partis
1203 3761 1263 3813 est:
1286 3754 1388 3813 Homi-

73 3840 168 3899 nixum
184 3849 246 3911 est,
267 3838 348 3920 quod
363 3839 441 3899 dixit
457 3857 523 3899 esse
537 3840 645 3916 impos·
694 3858 747 3899 nes
759 3837 893 3898 carnalos
905 3840 1036 3917 sapiunt,
1049 3848 1162 3910 oursnt,
1175 3841 1309 3917 cogitant
1320 3859 1390 3919 ope·

73 3927 118 4007 gi,
131 3933 165 3984 et
179 3928 265 4006 eujus
281 3928 379 4006 gratia
393 3926 473 3985 misit
487 3925 573 3986 Deus
590 3924 645 3985 fili·
693 3946 727 3984 ra
742 3926 848 3997 earnis,
863 3925 961 4006 iisque
976 3925 1143 3985 officiuntur
1158 3934 1190 3985 et
1203 3926 1338 3999 student,
1354 3946 1390 3985 ae

73 4034 106 4075 m
130 4014 161 4071 io
184 4013 378 4073 similitudine
399 4013 498 4072 earnis
518 4011 644 4090 peeeoti.
693 4012 748 4071 toti
763 4019 833 4072 sunt
849 4011 881 4071 in
897 4012 965 4072 illis.
989 4010 1067 4072 Tale
1082 4010 1154 4091 quid
1178 4012 1258 4072 enim
1277 4014 1389 4090 signifi·

73 4103 161 4174 otto,
177 4100 298 4161 Graeoe
313 4093 477 4174 δικαίωμα,
491 4118 544 4177 pro
557 4099 644 4176 justi·
694 4108 743 4159 eat
753 4099 876 4159 verbum
885 4098 1033 4159 Graecum
1045 4098 1197 4174 φρονοῦσι,
1208 4097 1289 4175 quod
1300 4101 1389 4159 inter-

73 4197 141 4259 tur;
162 4185 410 4267 quemadmodum
422 4194 452 4245 et
467 4184 586 4245 Graeee
598 4205 645 4245 sn·
693 4205 762 4265 pres
777 4186 886 4258 vertit,
912 4188 1055 4260 sopiunt.
1088 4185 1204 4245 Rursus
1231 4205 1285 4257 ea,
1307 4205 1389 4262 quoe

73 4274 125 4333 ‚e
136 4295 167 4333 v.
184 4276 213 4332 8.
231 4276 262 4334 in
277 4273 338 4333 illis
352 4272 461 4343 verbis,
474 4290 535 4347 per
547 4275 647 4333 ouius
695 4272 884 4344 caruissent,
900 4271 932 4332 id
947 4279 1001 4343 est,
1017 4270 1237 4350 opomerum,
1254 4270 1389 4351 intellige

73 4380 112 4421 ou
134 4359 228 4440 Apud
244 4360 443 4439 Augustinum
455 4377 578 4437 quoque
588 4364 645 4432 ju·
694 4358 828 4438 adquae
849 4360 1091 4436 oonoupiseentia
1112 4357 1243 4417 oornalis
1257 4356 1388 4429 inclinat,

73 4449 164 4527 gitur.
178 4448 207 4506 in
217 4446 405 4526 expositione
413 4447 646 4525 propositionum
693 4445 725 4506 id
739 4455 793 4519 ost
808 4452 934 4523 peecata
945 4445 1161 4523 cujuscumque
1171 4446 1298 4523 generis.
1311 4443 1388 4503 Nom

73 4535 122 4597 soi.
147 4534 244 4613 Igitur
250 4532 427 4612 justifiatio
442 4533 517 4610 legis
532 4542 578 4591 est
598 4533 646 4611 ju·
694 4533 794 4591 omnia
809 4532 930 4611 spiritui
944 4531 1092 4590 contraria
1106 4540 1192 4607 sunt,
1219 4530 1330 4611 dequo
1345 4549 1389 4589 se-

73 4640 157 4703 puam
172 4621 321 4701 praecipit
334 4618 386 4680 lex
400 4619 474 4691 Dei,
496 4638 648 4699 quamque
695 4621 811 4698 quitur:

73 4708 233 4788 delegem
247 4708 309 4767 Dei
323 4706 491 4786 implemus.
738 4708 800 4783 (lui
826 4723 902 4766 uero
922 4704 1096 4767 smum
1121 4707 1272 4781 spirltum
1296 4712 1389 4781 mot,

77 4806 149 4849 lull
162 4810 238 4848 osu.
259 4806 344 4845 tomi.
1143 4814 1181 4867 11
