3254 5190
483 275 702 328 rrrsrosrsru
721 274 873 329 normes.
893 274 978 327 vrrs.
996 276 1039 328 re.
1057 274 1099 328 as.
1462 283 1507 349 33

57 452 163 529 {oeae
179 458 242 510 aret
255 451 392 526 malum,
408 448 485 510 baec
499 449 656 511 suaverba
671 470 763 530 oppo·
857 450 906 508 25.
942 452 1004 529 (mi
1034 457 1310 511 commutaverunt
1343 455 1510 514 ueritatem

59 540 116 598 nit:
139 539 208 598 Nec
224 557 264 599 ee
280 539 343 598 Dei
361 539 510 612 potentia
525 538 576 596 vet
590 539 626 595 in
640 539 764 596 malum
812 537 875 595 Dei
897 538 933 594 in
953 537 1168 596 mendacium.
1207 539 1268 598 Dei
1292 537 1410 599 Graece
1433 544 1508 614 eirea.

63 625 107 684 uel
119 627 156 684 in
172 624 446 684 bonumiaoitum
458 623 597 698 aliquem
609 626 692 698 copi:
711 622 764 682 aed
813 620 940 681 Causam
957 624 1072 702 repetit,
1089 642 1140 682 cur
1156 626 1199 683 sic
1213 623 1348 684 derelicti
1364 633 1395 685 et
1408 625 1510 686 traditi

62 710 307 771 Duodeaerente
319 713 513 786 promeritis
524 713 571 768 ire
583 713 619 770 in
630 711 762 784 mutam,
811 708 923 768 fuerint
936 728 955 768 a
969 710 1045 768 Deo.
1080 710 1122 769 In
1144 711 1357 771 mendacium.
1393 711 1509 773 Graece

63 805 88 855 et
101 798 172 857 Deo
189 798 374 872 adjuvante
389 800 457 856 sine
480 800 600 855 meritis
622 799 764 857 converti
810 799 846 855 in
860 795 1040 869 mendacio,
1065 795 1144 877 quod
1160 806 1190 856 et
1204 798 1235 856 in
1251 797 1364 856 Latinis
1387 799 1508 878 quibus·

63 883 101 941 od
130 884 265 945 bonum.
319 882 446 963 Scripsit
475 890 576 943 autem
600 882 677 943 haec
703 883 762 943 Au·
810 881 877 940 dam
894 880 1046 941 codicibus
1060 881 1178 962 legitur.
1194 881 1255 943 Sed
1267 882 1346 942 idern
1362 886 1507 964 significa·

61 971 196 1050 gestium
212 980 286 1051 post
299 969 361 1044 ills,
376 989 454 1049 quae
469 989 508 1028 ex
523 968 598 1028 libro
615 969 643 1028 5.
660 977 764 1029 contra
810 975 866 1026 tur.
893 967 941 1027 Ita
956 969 1090 1047 superius
1106 969 1409 1046 imsimilitudinem,
1427 972 1508 1051 quod

61 1055 186 1116 eundem
210 1056 371 1117 Julianum
393 1057 502 1134 scripto
522 1055 761 1136 proferebantur:
811 1053 927 1114 Graece
943 1063 1014 1128 erat,
1029 1057 1066 1113 ia
1077 1057 1295 1116 similitudine.
1317 1057 1441 1117 Rectius
1452 1077 1506 1137 rgr

60 1151 90 1202 nt
112 1142 247 1222 proinde
269 1151 406 1202 ruentem·
427 1160 510 1201 suam
535 1140 574 1201 de
599 1161 651 1215 eo,
681 1141 762 1221 qued
809 1148 857 1199 tur
868 1140 924 1200 hoc
937 1139 1003 1200 loco
1015 1143 1107 1201 vertit
1117 1144 1274 1202 Erasmus:
1291 1145 1352 1222 Qui
1364 1161 1506 1204 cemma·

60 1231 139 1309 prius
164 1231 341 1308 scripserat,
364 1230 396 1287 in
411 1228 458 1287 bie
480 1228 694 1307 posterioribus
710 1248 760 1289 ex·
810 1233 922 1286 terant
937 1231 1105 1288 ueritatem
1118 1234 1185 1304 ejus
1196 1230 1373 1290 mendacio.
1392 1231 1505 1291 Sensus

59 1315 172 1395 plicare
179 1315 318 1376 voluisse
331 1313 543 1376 existimandus
559 1316 606 1373 sit.
811 1315 889 1373 enirn
912 1323 971 1374 est:
996 1314 1076 1394 Quia
1098 1317 1255 1376 veritatem
1271 1316 1341 1390 Dei,
1362 1316 1455 1377 idest
1470 1334 1506 1375 ea

105 1403 147 1462 m
163 1403 371 1462 contumeliis
386 1401 535 1479 afficient
550 1419 688 1476 corpora
703 1419 761 1460 sac
809 1419 886 1479 quae
898 1399 936 1460 de
947 1400 1012 1461 Deo
1025 1411 1234 1481 cognoverant,
1246 1412 1279 1462 ut
1290 1405 1505 1476 aeternitatem,

59 1492 92 1549 in
106 1492 295 1564 semetipsis.
310 1489 370 1548 Pro
386 1488 584 1548 contramoliri
600 1487 759 1566 efficiant,
809 1488 1062 1567 omnipotentiam,
1084 1490 1239 1570 ipsamque
1262 1492 1380 1550 omnino
1397 1489 1503 1550 divini·

58 1578 89 1634 in
103 1575 228 1636 Graeco
251 1595 344 1636 unum
357 1574 483 1636 verbum
505 1575 699 1654 compositum
715 1584 762 1635 est
808 1581 908 1646 tatem,
930 1574 1145 1636 transtulerunt
1159 1576 1198 1635 ad
1214 1576 1302 1649 idola,
1319 1577 1451 1638 colentes
1467 1596 1504 1637 ea

60 1654 283 1739 ἀτιμάζεσθαι,
306 1660 388 1742 quod
411 1661 482 1721 alibi
504 1662 595 1721 vertit
615 1661 761 1742 interpres
808 1680 861 1740 pro
877 1659 942 1737 diis,
965 1671 995 1721 et
1009 1662 1208 1722 attribuentes
1224 1683 1300 1744 quae
1313 1663 1503 1724 divinarunt

59 1750 260 1809 inhonorare
275 1749 325 1809 vel
340 1748 548 1823 exhonorare,
572 1746 602 1807 id
617 1756 663 1808 est
678 1749 760 1827 igno·
808 1747 961 1808 Mendacii
972 1751 1092 1809 nomine
1104 1748 1215 1809 idolum
1227 1750 1274 1809 bic
1287 1759 1318 1810 et
1328 1750 1403 1810 elias
1414 1770 1504 1831 saepe

55 1838 148 1895 minis
171 1853 228 1894 seu
249 1834 434 1914 turpitudine
455 1834 581 1894 afficere.
609 1832 700 1913 Quod
715 1854 759 1895 se·
808 1836 839 1894 in
854 1836 1008 1915 scripturis
1024 1836 1201 1916 appellatur,
1223 1836 1291 1897 ideo
1307 1839 1378 1917 quia
1393 1837 1505 1898 idolum

56 1924 169 2003 quitur,
183 1925 223 1982 ire
237 1924 420 1998 semetipsis,
442 1920 576 1982 additum
590 1920 687 1981 videri
708 1942 760 2001 po·
809 1920 885 1981 nihil
899 1922 994 1982 minus
1010 1932 1057 1982 est
1071 1942 1160 2003 quam
1176 1923 1206 1983 id
1221 1923 1302 2003 quod
1318 1924 1432 1998 dicitur,
1449 1926 1504 1985 sci·

55 2020 115 2070 ncet
137 2007 179 2067 ad
209 2007 438 2088 significandum
466 2008 651 2088 expressius,
681 2008 762 2088 quod
809 2008 879 2068 licet
900 2009 993 2068 Deus.
1022 2010 1143 2069 Etenim
1165 2010 1223 2070 hac
1244 2012 1358 2071 ratione
1381 2012 1506 2072 idolum

55 2116 124 2157 cam
140 2095 353 2155 contumeliam
369 2095 427 2174 ipsi
443 2096 561 2155 sibimet
575 2094 712 2168 inferant,
732 2102 763 2156 et
808 2096 891 2155 nibil
906 2103 958 2155 eet.
985 2100 1000 2155 1
1017 2095 1085 2157 Oor.
1103 2097 1131 2154 8.

53 2204 74 2242 a
85 2182 261 2261 scrnetipsis
271 2183 435 2261 patiantur:
447 2201 513 2240 cum
522 2181 636 2261 alioqui
646 2181 762 2242 soleant
853 2183 896 2241 Et
910 2182 1079 2242 coluerant
1099 2189 1127 2241 et
1142 2187 1321 2243 servierunt
1337 2192 1505 2244 creaturae

55 2270 110 2329 alii
125 2267 209 2328 alios
232 2267 352 2328 afficere
375 2267 569 2340 contumeliis,
593 2275 624 2327 et
638 2266 678 2326 ab
693 2267 761 2328 aliis
833 2271 914 2329 etiae
923 2287 1019 2345 quum
1027 2272 1171 2328 creatori.
1189 2270 1375 2346 demerem,
1389 2270 1506 2332 Graece

53 2376 108 2416 aas
130 2356 210 2434 pati.
255 2354 305 2415 Sic
333 2354 426 2415 infra:
459 2354 635 2415 Mercedem
666 2374 762 2432 qaam
806 2290 1043 2431 despicimur,
1074 2353 1173 2414 idest
1202 2356 1343 2435 religiose
1370 2358 1506 2417 venerati

53 2444 208 2518 oportuit
225 2443 344 2501 merie
365 2445 416 2501 eui
430 2444 466 2502 ia
488 2443 659 2517 semetipsis
680 2445 762 2501 reai-
810 2450 886 2502 sunt
901 2440 1092 2520 significatur
1108 2442 1188 2500 enim
1200 2445 1411 2517 enumeratio,
1427 2462 1506 2522 quae

50 2534 193 2606 pientes.
218 2526 336 2587 Graece
359 2519 390 2585 ἐν
409 2522 546 2595 ἑαυτοῖς.
810 2527 915 2587 haberi
930 2527 1006 2587 solet
1021 2527 1108 2587 rebus
1123 2528 1284 2606 majestate
1297 2530 1504 2610 praecellenti·

98 2614 182 2677 Aliis
198 2621 302 2674 temen
315 2612 417 2693 placet
431 2605 462 2671 iu
485 2609 613 2681 ἑαυτοῖς
633 2615 763 2692 positum
810 2615 876 2674 bus.
914 2615 958 2673 Et
979 2618 1159 2675 servierunt
1185 2617 1328 2677 servitute
1350 2636 1402 2676 seu
1426 2617 1506 2677 cultu

53 2723 110 2783 pro
127 2693 164 2758 ἑν
182 2693 347 2777 ἀλλήλοις,
366 2699 398 2760 id
413 2707 462 2759 est
475 2703 559 2760 inter
573 2718 614 2774 ee,
637 2707 760 2775 mutuo,
811 2701 926 2773 divino,
950 2700 1075 2774 Graece,
1098 2691 1296 2777 ἐλάτρευσαν.
1333 2705 1506 2766 Oeeaturae

55 2788 179 2848 scilicet
192 2806 230 2847 co
246 2785 343 2860 modo,
365 2806 454 2867 quem
468 2807 538 2847 mox
552 2787 618 2865 ipse
633 2785 761 2866 Aposto·
810 2790 916 2864 potius
931 2806 1027 2863 quam
1042 2790 1192 2863 erectori,
1209 2787 1324 2850 Graece
1339 2799 1505 2851 creaturae

56 2874 105 2936 lus
120 2872 327 2954 apertioribus
339 2873 440 2934 verbis
456 2873 585 2953 exponit
606 2873 704 2952 Atque
720 2875 762 2933 ita
808 2880 1026 2950 praeteream
1044 2877 1100 2951 qui
1114 2877 1247 2950 creavit,
1271 2875 1303 2935 id
1318 2884 1363 2937 est
1378 2884 1505 2938 creata·

56 2964 153 3021 vertit
168 2960 324 3019 Erasmus.
347 2960 414 3019 Nec
425 2957 507 3019 aliud
519 2957 574 3019 sibi
586 2958 652 3018 rult
663 2961 761 3021 versio
810 2978 877 3036 rae,
890 2960 999 3019 relicto
1010 2968 1161 3036 creatore,
1177 2962 1424 3040 quemadmodum
1436 2966 1508 3024 citat

58 3045 215 3128 quedam
236 3053 335 3119 vetus,
358 3049 443 3107 inter
464 3047 642 3121 semetipsos
649 3091 660 3122 ,
684 3064 762 3126 quae
810 3047 890 3106 bunc
912 3044 1009 3106 locum
1033 3045 1203 3127 Cyprianus
1230 3048 1281 3108 lib.
1305 3050 1333 3109 3.
1356 3053 1504 3111 testimon.

56 3135 174 3214 legitur
188 3129 270 3212 apud
284 3131 316 3193 Β.
332 3131 520 3193 Ambrosium
538 3131 589 3192 lib.
608 3136 634 3192 1.
650 3130 688 3192 de
702 3131 762 3191 fide
811 3135 850 3193 ad
874 3130 1030 3211 Quirinum
1061 3154 1124 3213 cap.
1149 3136 1213 3208 10.,
1240 3137 1304 3195 sive
1330 3141 1506 3212 praeterito

58 3219 98 3280 ad
114 3218 264 3280 Gratiam.
278 3238 343 3298 cap.
358 3223 385 3278 7.
405 3216 467 3279 Sed
479 3227 510 3278 et
520 3238 593 3278 com.
606 3218 692 3278 Amb.
707 3219 761 3278 etsi
811 3226 968 3294 erectore,
992 3218 1138 3298 quomodo
1155 3221 1228 3280 citat
1242 3222 1375 3283 Hilarius
1390 3225 1441 3285 lib.
1456 3228 1504 3284 12.

60 3307 162 3386 legat:
185 3308 224 3365 in
245 3308 432 3380 semetipsis,
456 3306 579 3384 exponit
599 3312 700 3365 tamen
724 3303 763 3364 de
811 3304 849 3365 de
863 3305 970 3366 Triuit.
988 3305 1056 3363 Non
1070 3307 1147 3365 enim
1163 3307 1344 3385 significatur
1355 3330 1505 3392 compara·

61 3394 98 3453 ‘dr
113 3392 168 3473 qui
183 3409 313 3470 corpora
335 3410 389 3450 sna
410 3390 610 3451 dehonestant
624 3392 761 3464 invicem,
813 3393 864 3465 tio,
879 3393 965 3472 quasi
982 3390 1129 3450 coluerint
1149 3399 1315 3474 utrumque,
1337 3401 1433 3479 magis
1455 3416 1505 3458 au·

62 3479 145 3539 sans
154 3479 571 3556 constateamacceptionem
581 3478 762 3556 pronominis
812 3485 871 3538 tem
894 3487 1072 3549 creaturam,
1101 3476 1154 3537 sed
1177 3479 1258 3558 quod
1280 3491 1444 3544 creaturam
1460 3504 1506 3544 co·

62 3565 144 3624 illins
158 3564 309 3642 reciproci
318 3563 414 3623 Paule
430 3583 490 3623 non
506 3582 572 3624 esse
584 3564 762 3623 inusitatam.
813 3562 935 3636 luerint,
959 3584 1017 3623 non
1040 3572 1212 3624 creatorem.
1237 3566 1366 3645 Quidam
1389 3573 1431 3630 sic
1454 3591 1506 3631 ex·

66 3651 113 3711 Sic
132 3648 436 3730 spissescere.
460 3648 604 3709 donantes
626 3651 762 3711 invicem.
813 3652 913 3730 ponit:
936 3659 1055 3729 praeter
1078 3658 1255 3725 creatorem,
1282 3652 1313 3713 id
1336 3665 1382 3716 est
1404 3665 1508 3717 contra

66 3735 181 3798 Graece
191 3731 331 3804 ἑαυτοῖς.
348 3735 442 3795 Porro
454 3736 590 3816 quamvis
602 3734 764 3796 secundum
815 3738 955 3797 creatoris
966 3745 1095 3796 ruentem
1103 3757 1138 3796 ac
1150 3737 1256 3816 legem.
1270 3739 1329 3800 Sed
1341 3743 1366 3801 is
1377 3753 1508 3804 mentem

66 3823 245 3903 Apostolum
259 3826 274 3882 1
289 3820 359 3882 Gor.
372 3825 400 3882 6.
423 3822 534 3883 Omnis
550 3825 604 3898 qai
617 3823 765 3901 fornica·
814 3823 953 3902 Apostoli
968 3844 1027 3882 non
1042 3826 1217 3904 assequitur.

67 3917 118 3970 tres·
139 3913 177 3970 in
200 3926 320 3984 corpus
341 3926 433 3968 caum
452 3915 578 3985 peccat,
610 3910 765 3990 ipsumque
860 3913 921 3988 Qui
936 3917 979 3969 eet
994 3911 1173 3970 benedictae
1189 3914 1224 3970 in
1239 3915 1373 3974 saecula.
1404 3920 1508 3978 Bene·

68 3994 247 4057 debonestst
263 4003 294 4056 et
316 3994 495 4055 contumelia
509 3994 607 4067 afficit,
630 3996 765 4055 nimirum
816 3997 926 4072 dictus,
950 3989 1130 4075 εὐλογητὸς,
1155 4018 1263 4058 nomen
1278 4009 1324 4058 est
1345 4009 1405 4062 non
1419 4007 1506 4084 parti·

67 4081 103 4142 ob
116 4082 296 4143 foeditatem
311 4079 452 4154 libidinis,
474 4100 534 4161 qua
549 4080 623 4141 illud
639 4100 764 4141 comma·
815 4084 931 4161 cipium.
944 4083 1086 4143 Erasmus
1097 4083 1279 4144 laudandum
1290 4086 1508 4169 interpretatur.

68 4169 161 4244 culat3
176 4169 311 4230 maxime
322 4177 422 4227 tamen
433 4176 464 4227 st
478 4167 623 4246 singulari
637 4165 766 4247 quodam
815 4168 1000 4229 Vocabulum
1015 4179 1060 4230 est
1075 4172 1230 4250 scripturis
1246 4174 1336 4232 sacris
1351 4176 1509 4253 peculiare,

69 4255 153 4317 nodo
176 4256 209 4316 id
231 4255 356 4328 iaciunt,
377 4255 429 4333 qui
449 4253 615 4314 naturalem
637 4253 766 4314 Veneris
816 4255 936 4315 ductum
951 4276 969 4314 a
984 4256 1080 4317 verbo
1095 4250 1247 4334 εὐλογεῖν,
1271 4259 1301 4318 id
1324 4271 1370 4320 est
1388 4262 1510 4324 laudare

69 4348 360 4423 usnmpraepostera
367 4339 492 4400 libidine
501 4348 686 4420 pervertunt.
698 4340 767 4400 Fuit
816 4363 881 4401 cum
897 4342 1057 4421 gratimum
1074 4345 1201 4419 actione,
1224 4354 1323 4425 atque,
1337 4356 1371 4406 ut
1385 4350 1510 4410 Tacitus

10 4432 12 4439 '
71 4438 163 4490 autem
178 4429 259 4490 baec
273 4446 445 4506 congruens
466 4446 563 4506 poena
578 4434 713 4506 peccato,
735 4433 768 4486 ut
815 4427 962 4508 loquitur,
995 4429 1133 4490 laudibus
1166 4433 1329 4512 gratiisque
1364 4436 1510 4495 venerari.

72 4516 226 4593 quinem
237 4514 340 4596 gloria
349 4512 450 4573 debita
461 4512 698 4588 defraudassent,
710 4513 768 4593 ipsi
816 4513 907 4594 Quod
927 4536 986 4575 uno
1009 4516 1109 4576 itidem
1131 4517 1225 4577 verbo
1239 4519 1347 4580 Latino
1364 4520 1512 4582 Graecum

73 4600 216 4664 ediverso
238 4600 447 4682 turpissimam
469 4601 500 4660 in
514 4601 622 4680 seipsis
642 4608 673 4659 et
688 4619 707 4659 a
721 4617 766 4661 se·
816 4603 1016 4681 exprimentes
1025 4600 1149 4662 dicimus
1168 4604 1363 4667 benedicere:
1376 4606 1512 4668 licetbac

75 4686 353 4772 ipsbignomiuiam
364 4694 546 4768 peterentur·
820 4687 1148 4770 significationepriscis
1156 4691 1298 4754 Romanis
1308 4695 1420 4774 ignoto.
1435 4695 1513 4756 Nam

118 4786 270 4829 seruauere
283 4787 364 4828 aas
383 4783 468 4825 τιι
1283 4795 1305 4857 3
