3254 5190
472 298 635 354 semestre
651 301 669 356 l.
685 300 725 353 AB
744 300 931 356 contemtos.
964 300 1049 357 VERS-
1065 302 1090 355 8.
1108 302 1132 354 s.
1438 306 1510 375 657

87 470 223 559 quondam
237 476 389 537 masse:
412 475 484 537 licet
498 496 576 537 nunc
596 484 770 539 constanter
816 480 967 555 [emtores
996 477 1055 539 illo
1084 477 1216 537 somer?
1251 475 1320 537 Hoc
1346 477 1426 537 euim
1449 484 1515 536 erat

86 562 204 623 habeant
218 564 332 637 oipiati
354 571 510 640 quotuor,
534 572 569 623 ut
591 573 639 624 est
661 565 691 624 in
707 565 768 626 He·
818 563 967 626 Christum
982 572 1114 637 teuteus,
1137 563 1292 643 potentiae
1312 563 1378 642 ejus
1399 563 1514 643 pericu·

87 648 173 711 breeo.
196 645 288 709 Certe
302 650 333 710 in
348 650 445 710 verbis
458 651 548 711 Pauli
568 648 686 711 falsitas
702 671 770 713 esse
818 651 879 712 lum
895 650 1007 712 iacere.

86 756 134 797 rou
147 742 261 816 potest,
276 754 344 796 cum
358 738 603 797 minornumerus
619 738 768 798 contiuea-
861 740 948 800 Sicut
983 737 1115 815 paidom
1152 752 1264 796 eorum
1300 741 1514 797 macereas.

85 832 122 882 tur
143 824 174 882 iu
201 823 324 900 majore.
364 824 434 903 Qun
457 825 655 903 responsione
682 825 769 884 multi
819 823 935 885 Graece
956 823 1013 884 hoc
1035 831 1064 883 et
1085 823 1221 902 sequenti
1242 840 1351 881 versu:
1374 822 1461 882 seem
1486 828 1516 883 et

87 915 144 969 aaut
166 910 311 969 conteuti.
348 910 528 990 Quanquam
554 919 585 970 et
608 909 683 970 illud
709 909 770 971 dici
819 912 952 989 paidom
965 918 1023 971 etc.
1061 907 1229 988 Cajetsnus
1251 910 1284 969 in
1306 907 1362 968 hae
1375 915 1463 988 parte
1476 926 1515 968 ex

87 1002 188 1074 potest,
215 994 292 1056 hlosi
314 1015 375 1056 uon
396 996 491 1056 luisse
509 998 709 1076 propositum,
735 1004 770 1056 ut
819 996 937 1059 Graeco
950 994 1109 1075 legendum
1121 1003 1515 1074 amotatersmproecwm,

87 1100 230 1143 numerum
246 1082 407 1142 occisorum
424 1090 530 1143 exacte
543 1082 698 1143 redderet:
715 1103 769 1143 nec
818 1083 1029 1164 stapulensem
1059 1090 1178 1142 secutus
1212 1090 1362 1143 autorem:
1400 1081 1453 1160 qui
1482 1080 1513 1143 id

88 1170 151 1229 euim
163 1167 197 1228 id
219 1167 317 1228 solent
341 1168 482 1228 hist-orici.
513 1169 613 1248 Quum
628 1189 699 1250 ergo
716 1188 767 1243 uu·
816 1172 898 1250 prior
913 1172 1077 1241 annotavit,
1091 1168 1230 1249 adeoque
1244 1187 1298 1229 aue
1309 1170 1449 1229 versione
1464 1186 1515 1229 exe

89 1272 171 1315 uerus
187 1256 352 1316 occisorum
376 1264 456 1316 esset
477 1255 554 1316 inter
575 1257 632 1315 tria
650 1264 681 1317 et
696 1275 767 1338 que·
816 1258 939 1336 pressit:
965 1256 1233 1333 quemadmodum
1251 1262 1280 1315 et
1294 1256 1397 1332 clipei
1411 1256 1514 1330 ipsum

89 1350 141 1401 teor
154 1341 249 1403 millia
264 1361 356 1422 supra
370 1343 495 1421 viginti3
522 1342 623 1402 Moses
644 1343 766 1403 ulterio-
817 1349 1032 1418 manserunt,
1048 1340 1104 1403 sed
1120 1341 1199 1402 haud
1217 1340 1431 1403 dubievitioso
1445 1359 1515 1401 usus

89 1446 302 1490 remnumerum
318 1430 453 1509 scripsit,
469 1428 582 1489 Paulus
593 1430 767 1490 citeriorem
817 1430 999 1529 exemplari,
1021 1431 1052 1490 iu
1075 1447 1137 1508 quo
1160 1429 1303 1509 scriptum
1326 1435 1403 1489 esset
1425 1419 1515 1487 misdi

90 1514 175 1576 hrtet
197 1516 261 1576 alia
282 1516 465 1589 conciliatio,
488 1533 579 1594 quam
598 1515 697 1577 adfert
713 1517 767 1577 Ca·
816 1518 1000 1597 presertim.
1038 1515 1118 1575 Nem
1137 1518 1169 1576 in
1191 1523 1277 1577 textu
1300 1513 1428 1575 Paulino
1453 1522 1515 1575 tam

90 1599 214 1664 barinus.
238 1602 336 1682 Urget
350 1605 428 1662 enim
443 1600 534 1674 illud,
549 1600 767 1682 quodPeulus,
816 1623 909 1683 supra
931 1622 1020 1683 quam
1044 1602 1122 1663 iufra
1146 1603 1255 1682 legitur
1276 1594 1375 1663 αὐτῶν
1398 1618 1514 1664 eonem

91 1706 135 1748 uon
152 1690 268 1762 Moses,
295 1691 415 1769 scripsit
434 1708 504 1750 ursa
526 1689 585 1749 die.
616 1688 659 1749 Ut
673 1688 768 1770 pridie
816 1689 878 1751 Sed
893 1708 984 1770 quem
998 1687 1214 1750 tentaverunt?
1238 1692 1341 1751 Deum
1355 1688 1407 1749 vel
1421 1688 1514 1751 Cleri·

90 1773 192 1854 quiden
205 1778 375 1857 principes,
391 1775 497 1847 idest,
521 1775 652 1837 illustres
668 1795 705 1836 ex
718 1795 768 1855 po·
815 1785 899 1838 stom
907 1821 917 1852 ‚
941 1777 985 1836 ait
999 1775 1107 1837 Thom.
1123 1777 1154 1835 iu
1169 1783 1326 1837 comment
1350 1775 1383 1836 si
1396 1782 1515 1856 repetes

90 1862 145 1939 pulo
158 1864 215 1923 viri
232 1863 348 1924 circitor
369 1863 450 1922 mille
473 1861 586 1923 fuerint
606 1863 768 1923 interiecti:
817 1862 977 1938 Christum,
989 1872 1023 1923 ut
1037 1861 1101 1924 lere
1117 1862 1221 1925 Latini
1239 1864 1419 1941 interpretes
1434 1858 1515 1938 (mm

90 1946 165 2009 eltae
183 1968 257 2008 sero
279 1948 330 2008 die
352 1969 370 2010 e
390 1949 503 2030 reliquo
525 1949 638 2029 populo
659 1950 767 2029 viginti
816 1959 846 2011 et
864 1950 973 2031 plenus
993 1958 1093 2010 textus
1115 1948 1145 2008 id
1168 1951 1287 2010 omniuo
1308 1947 1429 2009 videtur
1451 1948 1513 2011 exi·

90 2034 132 2093 m
147 2034 249 2095 millia.
286 2035 355 2095 Hoc
374 2034 470 2095 solum
491 2035 621 2096 ePaulo
644 2036 767 2108 dictum,
816 2057 902 2117 gere,
916 2037 1067 2116 nimiaque
1083 2044 1218 2097 coactum
1233 2044 1287 2108 eet,
1307 2033 1407 2109 eliud,
1422 2052 1513 2116 quam

90 2117 176 2181 loen
201 2129 362 2202 utrumque
387 2141 544 2182 numerum
569 2122 664 2182 fuisse
689 2142 766 2182 com·
815 2122 895 2205 quod
910 2124 1089 2203 praecessit,
1105 2121 1186 2184 velle
1200 2118 1383 2196 subaudire),
1398 2119 1512 2184 valebit

89 2203 200 2284 plexum
229 2207 306 2269 Mihi
326 2209 422 2287 prima
435 2209 607 2287 responsio,
628 2228 705 2289 quae
720 2217 768 2268 est
815 2210 863 2270 hic
879 2209 962 2270 locus
976 2207 1015 2268 ed
1030 2208 1241 2269 destruendam
1260 2207 1398 2270 haeresin
1412 2208 1512 2269 Photi-

90 2292 229 2374 etriurque
249 2294 402 2366 Thomas,
425 2293 608 2373 suffragante
623 2293 766 2355 Oecume·
815 2298 947 2368 nieuam,
963 2314 1042 2374 quae
1056 2304 1148 2375 negat
1162 2292 1314 2355 Christum
1333 2295 1429 2356 luisse
1441 2302 1512 2355 aute

89 2378 136 2452 sio,
149 2380 218 2461 plus
231 2381 359 2442 caeteris
373 2380 526 2460 probatur.
814 2383 954 2442 Mariam:
988 2383 1046 2443 imo
1072 2381 1255 2462 generaliter
1279 2380 1425 2443 adversum
1452 2399 1511 2453 soe,

119 2466 147 2527 2.
168 2469 277 2544 Neque
299 2474 453 2528 tentemus
475 2467 641 2528 Christum.
684 2465 768 2527 Chri·
816 2471 870 2549 qui
885 2467 1036 2528 Christum
1051 2469 1151 2529 Deum
1165 2478 1286 2547 negant
1317 2469 1396 2529 Nam
1418 2473 1513 2529 teuta-

89 2556 288 2626 unientem,
299 2562 330 2613 et
345 2556 430 2633 signa
440 2555 595 2632 requirere
606 2552 767 2614 Judsicum
815 2557 905 2616 tionis
932 2563 1086 2634 peccatum
1113 2556 1235 2634 proprie
1260 2555 1455 2617 committitur
1484 2553 1513 2613 iu

88 2646 143 2698 rat
189 2639 331 2714 Jadoei,
363 2642 477 2719 inquit,
513 2643 607 2716 ripae
632 2646 767 2716 peterit,
815 2642 923 2703 Deum.
958 2641 1010 2702 Sic
1032 2651 1064 2701 et
1084 2642 1274 2721 Augustinus
1296 2642 1414 2722 sucepit
1433 2640 1512 2701 hunc
1554 2712 1556 2717 Ι

87 2739 162 2805 upra
176 2745 243 2805 cap.
264 2732 288 2784 1.
327 2725 388 2804 Qui
404 2736 435 2787 st
450 2728 481 2787 in
496 2726 665 2807 Evangelio
682 2725 767 2787 Chri·
816 2729 913 2789 locum
929 2727 980 2789 lib.
997 2732 1025 2789 3.
1042 2737 1145 2788 contra
1156 2726 1280 2789 Maxim.
1296 2747 1361 2810 oep.
1378 2729 1429 2789 et.
1446 2746 1511 2791 seer

86 2816 147 2872 tum
161 2813 206 2872 ita
221 2811 417 2892 compellent:
441 2813 533 2891 Quod
549 2831 622 2889 erpo
637 2822 673 2874 tu
685 2816 769 2892 focis
816 2815 862 2876 bis
875 2814 965 2874 etiam
980 2834 998 2874 a
1013 2813 1099 2875 Beda
1114 2815 1224 2876 sitatis.

86 2899 214 2973 meon,
231 2906 268 2959 ret
282 2900 448 2960 videamur
464 2906 493 2957 et
508 2901 674 2960 credamus
687 2900 768 2960 tihi?
858 2903 956 2963 Favet
981 2900 1030 2961 hic
1056 2901 1140 2961 locus
1165 2901 1299 2981 opinioni
1321 2921 1340 2960 a
1361 2898 1512 2961 caesena

86 2980 164 3046 dean.
176 2988 206 3047 6.
230 2983 291 3045 Sed
302 2995 333 3045 et
343 2985 458 3046 scribae
470 2993 501 3045 et
518 2987 669 3065 pharisaei
682 2985 767 3047 Chri·
816 2986 983 3066 'l'heologis
998 2994 1061 3048 tam
1071 2988 1190 3048 Latinis
1205 3006 1299 3066 quem
1313 2984 1439 3048 Graecis
1452 2991 1510 3047 tra·

85 3078 150 3132 stum
167 3078 300 3133 tentasse
322 3070 476 3152 leguntur,
498 3074 615 3151 siguum
630 3072 669 3132 de
685 3073 768 3133 coelo
816 3074 899 3134 ditae
925 3073 963 3133 de
989 3074 1112 3152 angelo,
1137 3074 1191 3152 qni
1212 3072 1298 3133 duxit
1318 3072 1398 3134 illios
1419 3068 1513 3133 lsrael

99 3166 254 3218 merentes
269 3157 309 3218 ab
324 3178 377 3231 eo,
392 3158 497 3218 hlatth
517 3160 565 3219 12.
583 3166 613 3218 ct
628 3160 700 3219 Luc.
719 3165 767 3220 11.
815 3179 870 3240 per
898 3159 1050 3220 desertum
1084 3161 1116 3220 iu
1150 3169 1259 3219 terram
1291 3158 1513 3238 promissionis:

124 3244 131 3259 '
217 3245 310 3324 igitur
324 3245 401 3305 hunc
424 3244 523 3304 locum
546 3247 589 3304 sie
604 3254 767 3325 exponunt:
816 3265 925 3325 nempe
941 3244 1053 3307 Christi
1070 3247 1101 3306 in
1116 3264 1207 3306 cerne
1221 3247 1341 3306 venturi
1354 3263 1511 3324 personam

84 3324 121 3390 lle
140 3339 292 3392 tentemus
315 3329 481 3403 Christum,
509 3330 678 3392 diffidentes
703 3334 768 3412 ejus
816 3335 847 3393 in
867 3352 903 3392 eo
926 3332 1021 3393 luisse
1044 3332 1292 3413 praefiguratam,
1306 3351 1351 3409 ,eo
1369 3328 1512 3412 quedem·

84 3419 241 3494 premissis,
278 3425 308 3476 et
337 3437 375 3479 ex
404 3416 575 3496 hujusmodi
605 3417 768 3478 diffidentia
816 3417 904 3479 modo
919 3428 1189 3497 repraesentatam:
1204 3426 1418 3499 utpropterea,
1433 3436 1532 3499 quac¹

85 3502 157 3583 tiene
178 3510 331 3584 petentes:
352 3505 458 3583 quales
481 3504 645 3582 Apostolus
660 3505 768 3565 Petrus
816 3504 853 3565 eh
869 3505 921 3564 illo
936 3504 986 3565 vel
1000 3505 1146 3566 adversus
1164 3504 1246 3565 illum
1266 3514 1352 3584 gesta
1365 3512 1418 3565 aut
1432 3504 1512 3566 hsta

85 3586 206 3671 heptat
228 3591 258 3649 3.
281 3600 456 3669 praemonet
476 3599 635 3664 uenturos,
660 3610 768 3671 nempe
815 3591 953 3664 luerunt,
976 3591 1016 3653 ed
1030 3590 1181 3653 Christum
1195 3590 1346 3664 referant,
1371 3602 1513 3672 tanquam

84 3674 287 3752 tuidicereut:
309 3676 368 3737 Ubi
381 3685 425 3737 est
432 3680 601 3752 promissio
613 3677 770 3738 adventur
817 3678 855 3739 ab
871 3698 908 3739 eo
923 3679 974 3739 vel
988 3679 1134 3739 adversus
1157 3698 1225 3738 eum
1247 3686 1333 3758 gesta
1356 3685 1409 3738 sut
1423 3677 1513 3737 lecta.

84 3762 769 3837 deaPNametverisimileestinterCorinthios
816 3767 933 3846 Estque
960 3764 1063 3826 eedem
1098 3763 1220 3825 traditio
1246 3764 1285 3825 de
1310 3763 1435 3844 angelo,
1462 3761 1514 3840 qui

84 3843 178 3923 hiere,
201 3850 255 3930 qni
271 3849 309 3910 de
326 3848 439 3910 Christi
450 3852 603 3929 promissis
618 3851 769 3911 haesitare
816 3850 952 3932 patribus
975 3853 1107 3933 antiquis
1129 3852 1307 3931 apparuisse
1328 3851 1451 3929 legitur,
1480 3856 1515 3907 et

84 3930 253 4017 inciperent:
280 3936 365 3996 velut
391 3956 455 4009 eos,
482 3939 535 4017 qui
557 3937 648 3998 fidem
674 3957 768 3998 resur·
816 3938 958 3999 Abrahae
984 3941 1015 3999 in
1038 3937 1190 4009 convalle,
1218 3938 1284 3997 sire
1300 3937 1391 4015 juxta
1412 3933 1513 3997 Lxx

82 4024 213 4085 mesni·
226 4032 410 4083 mortuorum
422 4023 582 4085 vertebant
593 4026 624 4084 in
637 4024 768 4096 dubium,
817 4024 855 4085 ed
870 4044 1013 4105 quercum
1026 4025 1178 4098 Mambre,
1194 4022 1270 4084 Ceu.
1289 4024 1351 4095 18..
1366 4021 1467 4083 Jacob
1482 4022 1513 4081 in

81 4114 109 4166 lt
128 4109 209 4169 inira
230 4129 296 4190 cap.
321 4111 369 4169 lb.
407 4111 568 4171 Primasius
595 4111 651 4170 hue
676 4111 769 4171 relert
817 4111 942 4185 Bethel,
964 4111 1074 4173 Genea.
1096 4112 1157 4182 28η
1179 4109 1258 4170 Mosi
1280 4111 1311 4170 in
1334 4109 1407 4170 rubo
1430 4118 1461 4169 et
1483 4109 1514 4169 in

81 4189 152 4257 dan
175 4198 384 4269 tentationem,
411 4195 449 4256 de
471 4215 532 4276 que
552 4197 666 4257 Paulus
691 4200 722 4257 in
738 4198 767 4256 2.
816 4206 932 4271 monte,
954 4197 1053 4260 Exod.
1067 4203 1095 4260 3.
1111 4206 1142 4258 et
1157 4198 1208 4257 24.
1224 4207 1256 4258 et
1269 4197 1336 4256 Act.
1354 4197 1393 4270 7.,
1415 4195 1514 4257 Josue

81 4279 111 4341 ed
131 4280 254 4342 eosdem
273 4282 442 4343 Corinthios
465 4284 553 4362 epist.
575 4303 641 4362 cap.
659 4286 708 4344 13.
724 4284 766 4343 di·
816 4286 847 4345 iu
864 4284 1080 4365 campestrihus
1092 4283 1225 4357 «iericho,
1241 4284 1306 4344 Jos.
1320 4282 1350 4342 b.
1373 4282 1513 4361 Denique

80 4382 155 4429 tenes
177 4372 234 4431 Ars
249 4371 499 4446 experimentum
521 4373 674 4446 quaeritis
690 4374 766 4445 ejice,
816 4380 847 4431 et
861 4373 925 4451 regi
940 4369 1216 4432 Nabuchodonosor
1238 4370 1270 4431 in
1292 4367 1414 4431 fornace
1426 4368 1512 4448 ignis,

79 4457 175 4531 {siin
187 4456 568 4534 maloquiterrChristue?
587 4456 768 4535 llihimegie
815 4458 893 4518 Dan.
911 4462 938 4520 3.

77 4540 192 4603 videtur
202 4540 279 4602 illud
290 4542 330 4603 ad
342 4560 404 4604 rem
416 4551 601 4623 praesentem
609 4545 768 4623 pertinere,
858 4543 936 4604 Nam
950 4562 1041 4604 uuum
1060 4551 1092 4602 et
1107 4540 1233 4603 eundem
1250 4541 1393 4622 angelum
1408 4540 1512 4615 fuisse,

76 4628 152 4706 cros
161 4628 237 4691 dicit
247 4626 326 4689 inira
337 4647 415 4691 vers.
428 4630 478 4692 22.
491 4632 545 4690 An
556 4631 767 4706 mmotamar,
816 4632 870 4710 qui
884 4633 914 4694 iu
929 4639 1037 4712 typum
1055 4628 1166 4690 Christi
1180 4630 1316 4702 venturi,
1338 4630 1429 4710 inque
1443 4627 1512 4706 ejus

75 4728 125 4779 tea
141 4733 359 4794 provocamen
378 4717 579 4779 Dominum?
603 4716 769 4796 Nemeto
816 4718 917 4799 specie
933 4717 1070 4779 omnibus
1091 4715 1153 4779 illis
1175 4716 1364 4798 apparuerit,
1390 4720 1513 4781 oensem
