3254 5190
472 282 635 339 semrom
653 284 692 338 All
711 283 862 339 eumue.
888 282 973 338 tetta.
993 283 1032 337 te.
1052 283 1092 337 17.
1428 287 1501 358 255

72 476 118 538 quo
132 455 246 519 Gracci
261 458 293 519 in
308 460 459 538 mysteriis
474 467 606 538 utuntur,
629 461 686 524 hac
701 480 757 521 sua
806 463 920 544 quique
931 459 1159 522 sanctiinernnt
1170 466 1200 519 et
1210 460 1412 540 acceptiDeo.
1425 460 1503 522 Ourn

71 545 249 625 expositione
264 545 472 609 commendare
486 547 592 611 voluit.
807 550 888 609 enim
913 567 969 629 per
994 547 1211 607 iustitutionem
1235 547 1416 628 plerumque
1441 549 1503 622 fiat,

101 630 183 704 Sunt,
206 632 264 711 qni
286 632 503 696 delibationem
524 634 757 716 interpretentur
805 645 841 696 ut
855 636 969 715 posteri
984 642 1109 694 teneant
1133 632 1261 692 eandem
1282 655 1348 695 curn
1363 636 1426 694 suis
1440 656 1502 695 ma·

69 717 99 788 td,
117 716 201 797 quod
222 737 264 777 ex
278 738 381 780 massa
403 720 557 782 farinacea
580 724 703 782 sumitur
717 719 757 783 ad
800 721 922 802 joribus
946 720 1124 800 religionem
1146 728 1177 779 et
1198 720 1349 799 pietatem,
1373 721 1456 801 quod
1472 730 1505 782 ot

68 803 256 884 probandum,
275 813 307 866 et
320 825 377 885 per
392 827 457 868 eam
473 807 635 889 significari
649 815 758 890 putent
806 810 939 869 futumm
956 809 986 866 in
1002 809 1178 887 posteritate
1193 806 1336 869 Abrahae
1350 828 1405 888 per
1419 828 1504 869 sanc-

68 891 109 950 ral
128 890 307 973 Apostolos,
328 893 382 953 rel
404 894 514 974 primos
533 894 657 972 fideles3
680 914 758 975 quos
806 904 866 955 tam
888 893 1016 954 filiorum
1038 893 1104 972 ejus
1127 891 1333 954 educationem
1356 896 1503 956 Dominus

68 997 98 1037 ex
115 989 210 1057 gente
233 977 428 1041 eumarum
456 990 627 1062 assumptos
649 1002 668 1042 a
691 983 758 1041 Deo
806 979 1247 1062 ipsetestatusestGen.18.‚
1271 990 1504 1043 consentaneum

68 1063 166 1138 disant,
181 1063 274 1126 velut
283 1064 496 1128 delibationem
512 1089 551 1147 ex
566 1088 673 1130 massa.
697 1067 759 1129 Sed
807 1078 862 1143 est,
884 1066 1050 1128 Judeioum
1065 1065 1216 1147 populum,
1240 1085 1257 1126 e
1277 1070 1388 1128 sanctis
1408 1069 1502 1148 patri·

67 1151 113 1213 boe
135 1150 311 1231 glossema,
335 1153 418 1233 qnod
440 1154 617 1216 Latinorum
643 1163 758 1216 tantum
807 1156 864 1216 bus
879 1162 983 1228 ortum,
1007 1154 1198 1214 sanctitatem
1216 1152 1300 1214 illam
1323 1155 1409 1215 velut
1428 1173 1502 1236 quo·

67 1249 111 1310 at,
120 1256 180 1299 nee
190 1237 314 1300 Graeco
326 1242 431 1314 textui,
446 1260 500 1302 nec
512 1244 668 1303 intentioni
679 1243 758 1302 Pan·
807 1238 965 1302 dammodo
980 1238 1192 1303 hereditariam
1207 1241 1346 1301 retinere.

67 1324 296 1387 linaeaxiatimo
315 1329 485 1389 convenire.
852 1328 912 1389 Sed
933 1328 989 1388 etsi
1011 1326 1099 1388 multi
1114 1347 1131 1387 e
1148 1325 1261 1406 populo
1285 1348 1339 1388 sua
1353 1327 1503 1389 melitina

103 1413 143 1473 st
156 1415 187 1472 aa'
210 1413 456 1490 sudiaconum,
482 1423 512 1476 et
525 1419 618 1477 rami.
642 1414 679 1475 Id
697 1422 758 1475 est:
809 1417 967 1476 sanctitate
989 1414 1134 1493 majorum
1158 1412 1345 1487 deflexerint,
1368 1413 1504 1475 loturum

70 1499 96 1561 st
112 1499 325 1579 patriarchae,
353 1520 393 1563 ex
419 1503 528 1582 quibus
549 1504 636 1564 velut
656 1501 759 1563 radice
808 1511 916 1576 tamem
931 1512 966 1562 nt
976 1501 1094 1562 facilius
1106 1500 1146 1560 ad
1159 1499 1198 1574 id,
1213 1500 1295 1582 quod
1306 1503 1350 1561 eis
1364 1502 1503 1562 naturale

70 1587 209 1668 proeaasit
238 1587 331 1648 arbor
358 1588 481 1649 Judaici
510 1591 631 1671 populi,
661 1590 759 1649 sancti
809 1586 1028 1669 quodammodo
1040 1597 1093 1662 est,
1109 1595 1293 1661 revocentur,
1306 1595 1339 1648 et
1347 1588 1409 1662 liat,
1422 1586 1504 1669 quod

70 1683 135 1746 runt,
148 1675 224 1755 ipsa
239 1676 333 1735 etiam
349 1675 519 1736 arboreum
534 1680 624 1738 ramis
639 1678 709 1750 suis,
729 1675 760 1735 id
808 1676 917 1736 dicitur
944 1675 1072 1736 Malach.
1099 1675 1220 1737 ultimo:
1254 1677 1424 1737 convertet
1449 1693 1504 1736 eor

71 1772 112 1831 eat,
130 1761 270 1842 populna
289 1761 313 1823 J
316 1761 440 1824 udaicus
461 1775 585 1826 sanctus
605 1764 670 1824 erit
693 1761 759 1823 Ori·
808 1764 950 1841 tiliorum
975 1762 1019 1821 cd
1041 1769 1150 1840 patrea
1176 1780 1293 1824 comm.
1337 1763 1406 1823 Nou
1432 1781 1503 1842 ergo

71 1868 150 1928 ganea
164 1858 233 1909 tam
249 1850 409 1929 primitias,
431 1869 522 1931 quarn
538 1850 678 1924 radicem,
700 1870 760 1911 uon
809 1858 943 1910 sanctum
964 1860 1051 1910 vocat
1075 1849 1242 1911 Judaicnm
1263 1851 1408 1929 populum
1427 1849 1505 1910 Pau·

72 1936 157 2010 aliam,
173 1955 272 2017 qnam
284 1934 437 1997 Christum
448 1937 515 1998 vult
526 1938 670 2018 iutelligi;
686 1958 759 2017 quo·
809 1938 865 2010 lus,
888 1935 970 2017 quod
986 1939 1177 1999 sanctitatem
1200 1938 1232 1996 iu
1254 1955 1288 1996 se
1302 1937 1428 2012 babcat;
1450 1933 1505 1996 sed

73 2025 147 2096 riam,
161 2023 276 2104 inquit,
290 2023 364 2084 huic
378 2025 482 2085 radici
496 2028 609 2100 amau,
625 2027 682 2102 qui
696 2026 760 2085 sol·
809 2026 882 2105 quia
905 2024 1003 2097 babet,
1024 2022 1104 2084 unde
1125 2024 1337 2096 sanctificetur,
1360 2032 1504 2102 tanquam

74 2117 166 2185 saur,
191 2112 362 2185 manitus,
386 2119 416 2171 et
430 2130 468 2172 aa
489 2113 548 2173 boc
568 2111 761 2173 delibatione
809 2131 906 2170 massa
922 2110 1122 2190 exprimitis,
1147 2117 1179 2169 et
1193 2112 1267 2171 rami
1282 2129 1321 2170 ex
1335 2108 1448 2181 radice,
1470 2115 1505 2169 ut

10 2238 15 2264 =
74 2204 170 2257 nacto
201 2197 312 2257 ornaia
340 2216 445 2258 maara
473 2200 610 2259 bumont
637 2200 761 2274 penaria
808 2197 934 2278 proinde
949 2205 1072 2257 sanctus
1084 2195 1144 2256 dici
1153 2197 1249 2277 possit
1260 2197 1291 2256 in
1302 2214 1357 2275 spe
1368 2203 1400 2256 et
1410 2212 1503 2256 causa

74 2282 294 2360 mortificatur.
808 2283 972 2365 probabili,
998 2284 1081 2343 etin
1107 2282 1237 2362 quadam
1263 2283 1503 2362 praeparatione,

10 2416 12 2420 -
104 2368 504 2433 dadetbiocommentarius
515 2369 761 2431 receditemente
809 2391 899 2451 qnam
914 2371 1067 2449 Scriptura
1082 2389 1142 2429 nou
1154 2388 1222 2429 raro
1237 2369 1504 2430 sancdticationem

75 2454 211 2536 Apostoli,
234 2457 372 2536 quinon
396 2455 525 2518 intendit
548 2457 604 2518 boc
625 2458 691 2518 loco
707 2456 760 2517 do·
808 2466 907 2517 vocat.
932 2455 1019 2537 Quae
1029 2456 1222 2536 praeparatio
1238 2464 1270 2516 et
1281 2474 1372 2517 causa
1384 2461 1436 2527 est,
1452 2453 1504 2514 ba·

10 2584 14 2591 ’
76 2549 313 2709 idfflr'ii
321 2542 762 2710 {tttrffiilsstttit
807 2542 1402 2708 lttfftlttttlltliplttt
1415 2539 1504 2687 3:32¹!

10 2750 14 2757 -
76 2711 191 2777 ladaaia
204 2716 328 2776 ratione
343 2714 480 2788 suadere,
498 2716 579 2799 quod
593 2717 624 2777 iu
639 2718 761 2797 negotio
809 2726 856 2779 tos
866 2724 959 2778 vocat
970 2716 1059 2791 filios,
1074 2724 1198 2796 propter
1208 2715 1334 2776 alterum
1348 2722 1503 2795 parentam

10 2846 14 2851 -
77 2801 311 2862 amtitiutimia
322 2821 383 2862 nou
392 2800 522 2865 debeant
533 2805 761 2881 comtemni5ri·
810 2811 956 2877 sanctum,
976 2802 1008 2863 id
1029 2810 1082 2876 est,
1104 2801 1321 2878 Christianum
1344 2800 1504 2867 tametsiia

77 2882 174 2949 iathar
199 2905 241 2949 ex
262 2907 317 2962 eo,
343 2887 427 2968 quod
450 2898 568 2950 sanctos
589 2890 762 2951 babuerunt
808 2891 891 2952 locus
906 2889 996 2951 etiam
1018 2889 1106 2950 aliter
1127 2887 1260 2968 intelligi
1280 2895 1388 2968 potest,
1410 2896 1445 2947 ut
1460 2886 1504 2947 ibi

11 3010 14 3019 =
75 2974 283 3055 progenitores
312 2973 362 3035 at
383 2993 473 3054 quem
494 2996 556 3037 rem
577 2996 647 3038 mox
667 2978 761 3038 etiam
808 2976 970 3038 ridebitur.

75 3056 188 3122 ridnait
202 3057 430 3121 similitudinem
445 3061 553 3123 olivae.
854 3065 903 3123 17.
927 3063 1068 3141 Quodsi
1093 3062 1196 3138 alqui
1218 3078 1257 3122 aa
1279 3062 1379 3120 ramis
1401 3060 1504 3137 fracti

105 3146 200 3209 Porro
214 3165 258 3208 ex
272 3145 391 3206 duabus
407 3148 471 3226 jam
486 3147 574 3209 dictis
589 3149 677 3210 Pauli
691 3169 759 3229 pro·
808 3156 891 3210 runt.
915 3147 1040 3223 Graece,
1063 3147 1201 3224 defracti
1220 3153 1305 3222 aunt,
1327 3146 1443 3206 scilicet
1463 3145 1502 3208 ab

73 3229 236 3295 lationr‘bna
262 3231 386 3312 quidam
412 3233 625 3295 baereticorum
652 3234 761 3296 docere
808 3236 924 3297 arbore.
947 3235 1099 3315 Reprimit
1112 3233 1320 3313 gloriationem
1343 3241 1375 3293 et
1392 3232 1504 3293 fastum

72 3320 158 3382 aas
172 3326 256 3393 aaut,
271 3316 511 3381 Christianorum
526 3321 606 3394 liliis,
629 3328 663 3381 ut
676 3340 761 3382 sanc·
807 3321 962 3401 gentilium
978 3319 1125 3382 adversus
1135 3319 1159 3381 J
1160 3319 1281 3393 udaeos,
1296 3317 1504 3398 persistentia

72 3405 220 3481 libentur,
235 3424 298 3489 non
318 3423 386 3466 esse
399 3409 602 3468 necessarium
617 3407 759 3486 baptismi
807 3409 987 3487 metaphora
1000 3407 1118 3479 radicis,
1140 3407 1263 3480 arboris,
1287 3412 1316 3465 et
1338 3424 1503 3482 ramorum3

71 3499 293 3565 matam,
308 3491 390 3570 quod
405 3513 441 3554 eo
456 3494 531 3573 ipso,
546 3514 605 3575 quo
617 3492 759 3555 Christia-
808 3504 839 3554 et
853 3495 877 3555 J
878 3491 1017 3554 udaicum
1039 3491 1159 3572 quidem
1181 3492 1331 3572 populum,
1354 3498 1503 3571 quatenus

70 3596 115 3639 soa
134 3578 256 3641 babent
275 3587 430 3657 parentes,
454 3581 550 3640 sancti
571 3582 637 3655 rint,
661 3589 702 3654 et,
724 3588 759 3640 ut
808 3583 903 3641 instar
917 3580 1032 3640 arboria
1046 3587 1219 3640 surrexerat
1233 3598 1272 3639 ex
1283 3586 1387 3639 sancta
1402 3576 1504 3639 radice

71 3663 158 3741 rjaat,
184 3664 395 3746 promissionis
420 3663 459 3726 ad
482 3665 634 3727 Abrabam
661 3667 758 3727 factae
807 3669 963 3747 majorum,
978 3684 1106 3746 eamque
1120 3665 1239 3745 generis
1253 3665 1442 3726 nobilitatem
1456 3683 1503 3725 re·

71 3750 238 3833 praepos
262 3748 582 3832 Quodargnmentnm,
597 3753 758 3826 eivaleret,
807 3754 928 3825 tinebat,
950 3752 1059 3812 clivam
1074 3760 1179 3827 vocat,
1202 3753 1344 3832 gentilem
1358 3771 1431 3813 vero
1450 3770 1502 3829 po·

69 3837 151 3899 aas
170 3837 273 3916 aragia
294 3836 464 3899 ostenderet
486 3858 588 3900 omues
612 3839 758 3913 Judaeoa,
807 3841 908 3919 pulum
925 3839 1095 3915 oleastrum,
1111 3836 1208 3912 idest,
1224 3837 1322 3899 oleam
1335 3838 1504 3899 silvestrem

69 3932 164 4005 aquea
186 3942 228 3985 aa
249 3925 447 3984 meinimis
469 3926 649 4003 patriarchis
671 3946 758 4008 prog·
807 3936 837 3987 et
852 3927 1081 4000 infructuosam,
1105 3925 1186 4004 quod
1209 3935 1291 3985 ortus
1314 3945 1353 3985 ex
1375 3923 1503 4004 profana

68 4018 152 4084 ratos,
174 4012 247 4073 aine
268 4012 450 4089 exceptione
464 4019 583 4072 sanctos
606 4032 681 4087 esse,
702 4032 759 4074 nec
807 4011 919 4085 radice,
943 4012 1060 4073 scilicet
1078 4031 1189 4085 eorum,
1213 4014 1389 4091 quiveram
1403 4011 1503 4069 Deum

68 4094 118 4159 'lo
137 4105 332 4159 mento
358 4095 399 4157 ad
422 4098 691 4160 aanofiiicationem
715 4100 758 4160 in·
806 4102 977 4180 ignorantes
997 4099 1078 4159 idola
1093 4099 1256 4171 coluerant,
1279 4115 1443 4176 eorumque
1457 4097 1502 4155 in·

69 4179 171 4264 digera.
194 4182 292 4265 Quod
304 4182 501 4246 falsissimum
516 4204 585 4247 esse
601 4195 727 4247 constat
807 4190 912 4248 stitnta
938 4205 1086 4266 sequens,
1112 4185 1226 4245 nullum
1252 4183 1345 4244 ferret
1370 4181 1504 4242 fructum

99 4270 205 4353 Quare
226 4268 391 4331 dicendum
417 4279 480 4337 est.
506 4272 686 4351 Apostolum
712 4272 758 4332 uti
806 4274 935 4352 pietatis.
959 4271 1051 4352 Quod
1066 4275 1102 4346 si,
1126 4272 1233 4352 inquit,
1254 4270 1353 4350 aliqui
1366 4268 1502 4331 Judeeo·

68 4351 104 4417 lia
130 4357 429 4440 comparationibus,
464 4355 551 4418 relnt
579 4366 757 4440 argumento
806 4380 872 4420 rum
886 4365 1220 4434 recesseruntasancta
1234 4360 1377 4418 societate
1392 4357 1501 4436 snipo·

67 4444 212 4520 potabit
235 4441 277 4504 ad
293 4442 471 4518 docendum,
496 4444 633 4508 Judaeos
648 4447 759 4527 potiori
805 4447 876 4527 puli,
892 4454 1034 4527 tanquam
1050 4447 1124 4504 rami
1138 4444 1225 4504 fracti
1239 4443 1279 4503 ab
1293 4443 1400 4504 arbore
1414 4443 1502 4516 bona,

67 4533 170 4595 nens
183 4531 357 4614 participes
373 4529 435 4591 fieri
450 4548 540 4611 posse
554 4535 674 4612 gratiae
688 4533 757 4607 Dei,
807 4534 974 4613 cujusmodi
995 4540 1041 4593 est
1055 4531 1147 4592 oliva.

67 4630 140 4694 qaam
153 4616 302 4701 gentiles,
323 4636 361 4679 eo
382 4616 463 4697 quod
485 4619 550 4679 uati
575 4620 636 4680 siut
650 4639 690 4680 ex
704 4640 756 4700 pa·
853 4621 903 4681 Tu
920 4626 1114 4680 autemeam
1137 4617 1271 4679 oleaster
1285 4635 1373 4691 enas,
1396 4619 1501 4678 inser·

12 4740 17 4797 ι
68 4702 165 4783 ἢν,
187 4705 306 4789 quibus
326 4703 427 4765 aeuo
449 4713 519 4766 aaut
538 4707 758 4787 promissiones,
806 4713 856 4768 tus
870 4724 901 4766 aa
922 4709 959 4767 ia
973 4706 1046 4767 illia.
1068 4705 1129 4767 Hic
1149 4721 1252 4766 rursus
1274 4722 1441 4764 sermonem
1461 4701 1501 4762 ad
