3254 5190
377 265 596 321 menotense
614 265 765 319 nouenos.
791 266 875 319 ΠΜ.
896 268 934 319 ll.
956 269 994 320 15.
1336 274 1406 342 149

75 443 364 521 perxbetnromuem
376 443 660 522 concupiscentium,
710 443 740 501 in
749 442 919 503 servitutem
927 443 1054 523 peccati,
1066 441 1159 521 idque
1169 443 1265 520 pretio
1275 443 1406 522 exiguae

75 549 116 588 rm
133 538 236 589 temen
256 528 333 588 illud
355 550 414 589 non
438 530 480 588 ita
495 531 615 608 penitus
631 529 661 587 in
709 527 884 608 voluptatis,
897 548 986 609 qnam
999 547 1038 588 ex
1049 537 1174 609 peccato
1186 529 1327 610 percepit
1345 527 1405 588 Sed

75 616 262 676 exstinctum
292 634 375 688 esse,
408 617 481 694 qniu
507 625 661 676 remaneat
708 615 790 693 prior
805 634 910 675 sensus
925 617 1020 694 magis
1036 623 1081 674 est
1095 634 1266 694 germanus.

75 702 225 762 ireeutiae
244 701 349 773 fomes,
372 701 491 761 occulta
512 699 660 782 peccandi
755 702 802 760 15.
827 702 918 782 Quod
930 704 1013 760 enim
1030 719 1157 777 operor,
1173 701 1405 776 nonintellipo.

75 789 109 848 ie
139 787 304 849 identidem
340 789 370 847 in
400 789 486 849 nobis
517 789 659 849 excitans.
709 786 836 860 Graece,
859 806 926 848 non
953 806 1115 863 eoynosco,
1140 784 1169 846 id
1193 795 1330 861 estnon
1354 806 1405 867 ap·

74 893 174 947 emen,
191 893 261 934 eum
278 874 321 934 od
332 893 469 948 oyonem
484 876 594 935 relicto
609 877 658 949 eit,
708 872 810 950 probo,
832 896 889 934 non
907 875 1074 949 consenti03
1097 873 1168 953 quin
1183 874 1283 955 potius
1298 875 1405 952 impro-

90 980 160 1021 non
184 961 462 1038 consentientibus,
485 962 539 1020 sed
557 961 660 1021 cirili-
710 959 756 1031 bo,
769 959 920 1034 dissentio,
936 979 1080 1040 repugno.
1104 960 1153 1020 Ad
1166 960 1305 1019 affectum
1318 961 1404 1031 euim,

74 1048 210 1108 vereri
221 1052 302 1110 Jeec
316 1051 454 1124 qratiam
470 1066 660 1124 repoonon-
709 1065 768 1104 uon
782 1045 821 1105 ad
836 1046 1020 1107 intellectum
1032 1045 1089 1105 hoo
1099 1043 1286 1106 referendum
1303 1053 1357 1117 est,
1372 1057 1406 1104 nt

79 1153 149 1194 non
172 1135 291 1205 valeat,
314 1143 349 1193 ut
369 1136 534 1214 loquuntur
557 1143 659 1213 patres
707 1140 791 1212 patet
807 1152 845 1191 ax
862 1132 1068 1213 sequentibus,
1091 1133 1142 1192 ubi
1165 1140 1234 1192 sunt
1255 1131 1330 1191 haec
1353 1151 1403 1190 vo·

88 1219 265 1281 Tridentini
278 1241 350 1280 sees.
364 1222 391 1281 ὃ.
406 1242 471 1302 cap.
484 1225 513 1283 5.
530 1220 568 1280 Id
580 1222 659 1281 enim
708 1218 828 1293 cubula,
851 1219 946 1292 velle,
970 1218 1064 1292 nolle,
1088 1217 1195 1278 odisee.
1223 1218 1301 1277 Nam
1323 1219 1404 1298 quod

74 1305 111 1367 od
127 1306 178 1366 hic
193 1305 233 1366 ed
249 1316 413 1368 extremum
429 1308 519 1367 infert
530 1309 658 1386 Aposto·
707 1303 746 1362 ad
755 1305 926 1367 intellectus
938 1324 991 1365 seo
1003 1305 1126 1366 rationis
1134 1303 1404 1383 judiciumattiuet,

74 1394 134 1452 iliil
160 1412 223 1453 ease
250 1413 337 1454 nune
363 1395 582 1455 damnationis
609 1396 657 1468 iis,
707 1392 796 1451 etiam
811 1390 1118 1471 malinaepeiaciunt,
1134 1410 1401 1471 qusenonappro·

74 1488 110 1539 nt
133 1483 170 1538 ιἰι
187 1480 311 1541 Christo
327 1485 417 1553 Jeau,
441 1485 496 1557 qui
520 1500 587 1541 non
610 1499 658 1539 se·
707 1476 787 1537 bant.
812 1478 900 1538 Unde
916 1477 989 1538 illud
1005 1477 1160 1556 cujusdam
1172 1476 1252 1558 apud
1267 1483 1400 1556 poetam:

74 1587 99 1625 ιι
113 1585 247 1626 earnem
262 1568 438 1628 ambolant.
713 1565 810 1625 Video
824 1566 970 1641 meliora,
983 1565 1163 1642 proboque:
1178 1564 1338 1624 deteriora
1354 1583 1401 1623 se-

74 1653 219 1713 undotus
233 1655 290 1714 sub
303 1662 441 1731 peceato.
461 1653 587 1725 Graece,
602 1654 657 1712 sub
705 1670 796 1728 quor.
818 1653 877 1712 lest
890 1660 989 1712 entem
1004 1659 1075 1711 nota
1097 1650 1214 1730 phrasis
1229 1652 1402 1730 scripturae,

74 1760 133 1814 rm,
159 1739 191 1799 id
214 1751 268 1813 est,
293 1749 326 1799 ut
347 1740 471 1821 quidam
492 1747 656 1818 exponunt,
706 1757 886 1817 cognoscere
908 1759 961 1817 pro
985 1738 1161 1818 epprobara.
1186 1736 1282 1815 Igitur
1296 1738 1344 1797 hie
1360 1738 1401 1799 in·

74 1836 178 1887 catum
205 1826 387 1900 iaciendum,
413 1838 445 1887 ut
468 1825 519 1886 alii
541 1827 657 1898 melius,
706 1825 777 1905 cipit
796 1825 960 1905 Apostolus
988 1826 1198 1905 aperireque
1221 1825 1252 1883 iu
1273 1844 1402 1903 persone

74 1914 189 1974 itutom
216 1916 344 1993 peccati,
365 1924 511 1994 tanquam
535 1911 655 1972 domini.
706 1911 853 1992 loquatur,
876 1912 992 1971 scilicet
1014 1912 1089 1989 ejus,
1112 1911 1164 1991 qui
1179 1911 1280 1989 pravis
1296 1931 1400 1971 concu-

73 2000 225 2077 njusmodi
236 2019 357 2060 sensum
369 2000 523 2080 postulare
539 1998 657 2058 videtur
704 1999 869 2080 piacentine
885 1997 1020 2070 motibus,
1035 2018 1110 2078 quos
1126 1999 1156 2057 in
1171 2015 1204 2055 se
1220 1997 1317 2069 sentit,
1332 2017 1400 2058 oon·

73 2089 144 2147 sitio
157 2087 356 2148 Graecarum
372 2088 555 2147 accusativo.
580 2084 655 2146 Cae·
706 2104 826 2146 sensum
841 2104 901 2145 uon
916 2083 1046 2144 adhibet
1236 2142 1252 2163 Ι

73 2173 221 2234 Hebraico
237 2174 354 2252 phrasis
375 2182 429 2246 est,
452 2171 656 2233 venundatum
748 2170 899 2231 Cohaeret
909 2180 1009 2230 autem
1021 2172 1097 2230 haec
1107 2190 1176 2249 pers
1190 2189 1254 2229 cunr
1269 2189 1313 2243 ea,
1325 2190 1400 2251 quae

74 2259 278 2340 bpecoatum,
301 2280 363 2340 qua
385 2263 522 2321 nimirum
543 2260 655 2339 signifi·
705 2259 840 2337 proxime
854 2255 1018 2336 praeeedit,
1041 2258 1098 2316 hoc
1111 2255 1217 2316 modo:
1240 2254 1399 2316 Gamalam

73 2348 124 2424 ,uis
140 2354 223 2406 totns
236 2346 373 2406 addictus
389 2348 534 2426 obsequio
550 2354 579 2405 et
594 2365 655 2405 ser·
704 2364 752 2403 me
766 2364 842 2417 esse,
854 2352 884 2402 et
894 2342 1047 2403 venditum
1059 2342 1114 2404 sub
1126 2350 1287 2423 peccatum,
1300 2361 1400 2422 qnam·

74 2435 185 2492 eccati.
201 2432 279 2492 Nem
292 2434 380 2493 simili
392 2433 656 2511 locutionossReg.
704 2432 750 2490 vis
768 2431 832 2508 jam
855 2437 978 2490 renatus
1001 2432 1063 2503 sim,
1087 2428 1156 2497 inde
1179 2435 1306 2501 constat,
1329 2429 1400 2509 quia

73 2520 139 2589 itur
154 2520 270 2591 Achab,
293 2539 347 2577 rex
362 2520 468 2590 Israel,
491 2519 586 2580 fuisse
601 2539 656 2578 oe·
704 2518 795 2576 multa
812 2536 927 2597 operor,
942 2537 1020 2597 quae
1031 2537 1091 2576 non
1102 2515 1253 2596 approb03
1276 2514 1400 2595 perinde

73 2614 135 2680 tue,
159 2614 196 2664 ot
215 2608 337 2682 feceret
356 2609 476 2667 molum
484 2629 496 2682 ;
519 2614 551 2664 ut
573 2607 597 2665 si
613 2605 654 2664 di·
703 2613 736 2663 nt
751 2606 831 2665 servi
848 2604 989 2683 emptioii,
1005 2604 1057 2685 qui
1072 2603 1164 2662 mults
1181 2610 1341 2682 operantur
1357 2602 1399 2660 in·

85 2693 265 2753 servitutem
278 2692 417 2753 venditus
432 2693 471 2752 od
486 2691 656 2752 faciendum
704 2692 758 2751 viti
769 2712 805 2751 ec
818 2690 962 2750 nolentes.
980 2690 1095 2770 Operor
1112 2698 1211 2748 autem
1223 2708 1281 2749 non
1294 2695 1400 2755 mente,

77 2793 255 2859 ,tauquam
276 2783 429 2859 proprium
452 2799 543 2860 opus,
567 2780 614 2838 cui
639 2801 656 2839 a
704 2779 746 2838 sic
769 2779 849 2838 enim
873 2798 910 2837 ea
929 2796 1149 2858 cognoscerem,
1172 2775 1272 2847 idest,
1294 2795 1387 2856 appro

73 2890 79 2922 ι
101 2885 158 2926 cuo
178 2866 265 2926 velut
286 2886 390 2926 servus
413 2866 549 2927 addictus
566 2875 655 2925 esset.
704 2865 815 2937 barem,
837 2863 891 2924 sed
916 2883 1004 2925 cerne
1027 2865 1176 2922 excitante
1196 2865 1226 2921 in
1241 2882 1289 2922 me
1304 2872 1400 2920 motus

73 2972 182 3033 puoque
197 2951 428 3032 dequibusdam
444 2953 656 3032 apostatian·
704 2972 739 3010 oc
765 2951 915 3010 desiderio
942 2950 1098 3032 peccandi.
1134 2950 1199 3008 Nec
1225 2948 1303 3008 male
1330 2947 1401 3008 dicit

73 3039 173 3100 licitur
190 3043 205 3098 1
223 3040 360 3099 Mechab.
380 3046 405 3098 l.
705 3039 884 3116 Apostolos,
908 3058 940 3096 se
963 3039 1081 3118 operari
1105 3035 1272 3097 istiusmodi
1294 3043 1400 3105 motus,

73 3147 117 3186 rm
140 3125 223 3206 quod
245 3127 419 3204 simpliciter
441 3126 478 3186 de
502 3126 559 3186 illis
579 3126 657 3185 dixit
705 3127 841 3204 quamvis
858 3145 908 3184 eos
928 3126 1038 3184 invitus
1054 3126 1195 3203 patiatur,
1218 3123 1288 3202 quia
1303 3130 1399 3181 motus

74 3233 117 3285 ra,
139 3212 197 3272 hoc
219 3213 334 3272 Paulus
356 3213 394 3272 de
417 3234 449 3272 ee
474 3223 502 3273 et
525 3212 657 3292 quolibet
705 3222 734 3273 et
764 3213 965 3292 appetitiones
995 3212 1088 3291 pertis
1119 3210 1266 3270 inferioris
1297 3228 1399 3268 revern

75 3320 116 3359 on
132 3299 307 3379 simpliciter
319 3297 429 3360 dictum
440 3301 506 3359 vult
521 3298 656 3377 intelligi,
705 3311 775 3359 sunt
791 3300 977 3378 operationes
992 3297 1120 3358 hominis
1135 3304 1276 3374 tanquam
1294 3314 1399 3375 suppo-

72 3407 78 3446 :
100 3396 172 3446 ante
197 3385 266 3455 dixi,
291 3387 453 3447 secundnm
481 3385 603 3464 aliquid,
628 3386 656 3444 id
706 3388 764 3459 siti,
779 3386 849 3444 licet
861 3406 920 3444 nou
937 3385 1091 3463 subjectae
1108 3383 1231 3462 imperio
1247 3385 1354 3440 mentis
1366 3401 1400 3439 ιι·

72 3472 215 3533 reundum
245 3491 378 3546 carnem,
408 3483 442 3532 ut
468 3493 574 3534 senatis
602 3474 656 3532 sit:
706 3473 838 3533 rationis.
870 3473 949 3533 Hinc
972 3472 1157 3550 Augustinus
1180 3488 1265 3527 serm.
1290 3469 1340 3528 43.
1364 3465 1402 3526 de

84 3559 187 3620 adhuc
208 3578 315 3618 servus
343 3580 406 3620 snm
430 3563 562 3640 peccati3
586 3580 658 3640 quo·
705 3559 805 3618 verbis
827 3558 957 3627 Domini,
980 3558 1108 3637 loquens
1132 3555 1170 3615 de
1193 3556 1401 3634 concupiscen-

72 3646 169 3707 licit
161 3667 192 3705 ru
212 3646 272 3705 fine
295 3648 410 3727 capitis,
434 3666 466 3707 se
490 3667 580 3706 carne
596 3665 656 3704 ser
706 3648 765 3705 nee
778 3646 907 3704 motibus
920 3644 1141 3704 involuntariis
1158 3645 1279 3718 Ipsum,
1296 3642 1403 3721 iuquit,

72 3736 103 3814 gi
119 3733 244 3812 peccati.
269 3732 338 3810 Quo
352 3736 440 3792 etiarn
453 3753 541 3792 senisu
555 3736 684 3791 ιιιιιιιιιΙ
707 3736 924 3807 corrrupiaoere
938 3733 1047 3807 facere
1064 3738 1115 3790 eat.
1139 3729 1235 3810 Igitur
1246 3726 1344 3802 homo
1360 3747 1404 3787 re-

72 3842 95 3892 ι,
119 3819 153 3878 Β.
178 3819 321 3897 Gregorio
345 3822 659 3897 autore,inpo1·sono
708 3817 1064 3891 montemorentii
1085 3817 1266 3878 nouaclum
1292 3816 1405 3876 invitus

72 3928 92 3967 u
120 3904 253 3965 fidelium
282 3918 348 3967 orat
377 3907 495 3966 dicens:
537 3907 576 3966 Ue
602 3924 660 3965 noa
708 3907 827 3986 patitur,
851 3903 1008 3964 sedetiam
1024 3905 1138 3964 invitus
1152 3905 1222 3984 agit.
1248 3901 1336 3962 [lude
1351 3899 1402 3960 ad·

72 3996 121 4052 riti
135 3995 183 4050 tui
207 4011 292 4052 novo
312 4013 369 4069 per
393 4013 524 4053 corrsem
538 3995 659 4052 notici-
708 3993 766 4052 huc
782 3993 930 4072 sequitur:

72 4087 142 4154 mr,
160 4081 302 4154 quossoo
313 4085 435 4156 peccori
446 4085 525 4155 jope
540 4087 660 4140 ceresta
752 4080 825 4138 Non
852 4083 956 4151 enies,
981 4079 1066 4156 quod
1093 4078 1164 4137 colo
1190 4077 1325 4149 bonum,
1349 4075 1405 4133 lroc

72 4187 94 4227 ιι
106 4173 201 4226 tenet.
214 4167 315 4245 Quam
327 4169 484 4227 Ecclesiae
496 4168 660 4226 orationem
709 4186 779 4241 opo,
803 4166 869 4247 sed,
888 4166 973 4242 quod
989 4165 1043 4224 odi
1057 4165 1189 4238 molum,
1213 4162 1296 4222 illud
1309 4162 1405 4238 socio.

72 4254 206 4324 mosiis,
229 4255 337 4333 quibus
360 4253 520 4315 absurdum
542 4253 661 4313 videtur
709 4254 758 4312 Ita
780 4253 866 4313 multi
883 4251 1002 4312 codices
1017 4252 1126 4313 Latini.
1148 4250 1208 4310 Sed
1229 4268 1332 4309 eorum
1347 4268 1405 4306 me-

72 4360 137 4400 nna
158 4340 234 4417 justi
260 4341 388 4401 hominis
410 4341 479 4417 dici,
503 4340 584 4420 quod
600 4360 660 4401 car·
710 4343 756 4421 gis
772 4342 917 4401 sinceram
934 4349 1005 4422 puto
1028 4336 1195 4415 lectionem,
1219 4340 1272 4418 qui
1289 4336 1406 4396 bonu-m

71 4428 139 4489 tter
154 4427 347 4487 venundatus
364 4430 418 4485 etth
436 4437 566 4507 peccato
710 4437 739 4488 et
760 4429 883 4488 molum
908 4429 1057 4490 omittunt
1094 4427 1167 4486 Non
1191 4430 1291 4500 enirn,
1324 4424 1409 4502 qnod

71 4513 263 4576 tivendituro
289 4516 384 4574 suli·
367 4527 489 4594 peceato
511 4517 662 4577 hominem
713 4517 802 4590 colo,
833 4517 890 4577 hoo
917 4534 996 4592 opo,
1021 4516 1091 4591 sed,
1123 4516 1208 4592 quod
1231 4514 1303 4589 odi,
1328 4512 1410 4572 illud

71 4610 200 4663 utantur
227 4603 258 4660 in
282 4624 375 4680 primo
401 4611 529 4679 parente,
553 4605 605 4683 qui
630 4623 663 4664 se
709 4605 806 4679 focio
830 4602 940 4683 Neque
967 4604 1046 4664 enirn
1068 4604 1137 4706 plus
1165 4603 1262 4662 estin
1287 4599 1411 4661 Graecis

71 4708 94 4751 e
116 4708 215 4768 genos
239 4709 324 4748 sunm
345 4687 518 4749 vendiderit
539 4689 659 4751 diabolo
712 4699 764 4750 aut
778 4689 920 4770 Syriacis,
943 4700 975 4751 ut
997 4708 1054 4751 neo
1076 4693 1106 4752 in
1120 4691 1237 4752 Latinis
1260 4687 1408 4769 probatio·
