3254 5190
545 1073 612 1175 IN
647 1074 1010 1181 EPlSl'OLAlll

33 1291 1500 1475 lllllllllllllllllllllhl

469 1581 1085 1680 snaomsnos

286 1753 1267 1895 lhllllllll'hllllll.

570 2034 982 2070 -οωοωῡοοὺ-

486 2230 779 2301 hlllllllllllilllll
815 2235 1056 2305 lll’lS'lllhhll.

88 2353 149 2457 De
163 2400 317 2473 Romanis,
335 2419 460 2480 qnorum
473 2419 580 2461 nomen
597 2408 661 2462 toto
679 2400 751 2462 orbe
799 2396 990 2477 peculiariter
1011 2399 1199 2476 promissam,
1222 2418 1281 2459 non
1304 2418 1371 2460 esse
1393 2421 1499 2479 propa·

61 2487 234 2546 notissimum
257 2506 293 2546 ac
314 2486 537 2546 celeberrimum
559 2495 613 2561 est,
636 2497 670 2548 ut
691 2509 752 2548 non
799 2483 929 2564 gandam
947 2483 985 2543 ad
1005 2493 1111 2563 gentes
1129 2484 1279 2564 profanas,
1303 2485 1447 2546 idolorum
1464 2506 1499 2545 ac

60 2592 197 2632 moremur
227 2575 258 2631 in
288 2594 349 2633 non
377 2574 569 2647 necessariis,
598 2574 673 2635 nihil
703 2575 752 2636 hie
800 2569 975 2631 daemonum
992 2571 1083 2631 cultui
1100 2571 1224 2645 deditas,
1248 2582 1278 2632 et
1298 2570 1391 2633 aDei
1408 2582 1499 2632 testa-

60 2658 132 2717 aliud
155 2658 332 2733 dicendum,
362 2679 450 2741 qnam
480 2660 636 2740 epistolam
658 2662 750 2734 hanc,
799 2658 920 2733 mentis,
949 2664 984 2717 nt
1012 2658 1126 2718 Paulus
1156 2658 1267 2760 Ephes.
1298 2658 1499 2741 aloquitur,

61 2765 128 2824 quae
144 2745 182 2803 nd
198 2746 349 2806 Romanos
365 2744 542 2821 inscnhitnr,
563 2767 624 2808 non
638 2747 677 2807 ad
692 2749 750 2808 Ro·
799 2751 965 2804 extraneas.
1009 2745 1109 2824 Hujus
1132 2746 1250 2824 generis
1279 2745 1374 2807 inisse
1396 2747 1500 2807 dicunt

60 2851 169 2889 mannm
193 2832 334 2911 populum
357 2835 477 2893 missam
499 2790 689 2907 tolosanos
711 2833 749 2894 ad
797 2831 874 2903 illos,
890 2832 941 2912 qui
955 2851 1022 2892 enm
1037 2831 1130 2919 Petfo
1146 2832 1352 2912 disceptabant
1366 2833 1433 2893 Aet.
1448 2831 1498 2906 IL,

61 2937 155 2977 omnes
170 2938 206 2976 ae
223 2918 302 2978 solos
319 2919 431 2981 Christi
444 2918 550 2979 fideles
570 2941 621 3000 qm
613 2921 751 2981 'Romae
799 2918 1022 2998 expostulantes
1045 2902 1125 2999 quoll
1147 2918 1281 2980 homines
1304 2920 1431 2999 gentiles
1453 2919 1497 2979 fe·

59 3014 150 3073 mant,
181 3004 294 3078 idest,
324 3005 363 3065 ad
391 3006 559 3066 Ecclesiam
582 3005 727 3066 Christi
718 3028 749 3066 ιιι
798 3005 886 3065 cisset
908 3005 1071 3085 Evangelii
1092 3007 1270 3085 participes;
1298 3009 1409 3087 quique
1430 3016 1499 3086 post

58 3090 123 3151 urhe
139 3090 275 3151 Romana
289 3094 485 3152 constitutam.
508 3092 558 3153 Sic
570 3095 648 3154 enim
660 3094 751 3153 habet
798 3090 901 3151 audita
911 3092 994 3151 Petri
1007 3092 1209 3153 satisfactione
1224 3095 1321 3152 mirati
1344 3092 1497 3154 dicebant.

58 3177 195 3255 epistola:
212 3180 428 3255 Omnibusqui
439 3187 514 3240 sunt
524 3181 645 3241 Romae
653 3182 749 3239 dilec-
798 3179 1496 3254 Ergoetqenttboopoeotteottomdedttheao

57 3267 91 3322 tis
104 3267 175 3337 Dei,
199 3269 319 3325 vocatis
333 3269 458 3327 sanctia.
489 3266 587 3326 Erant
608 3275 707 3327 antem
728 3267 750 3326 ii
797 3267 840 3325 ad
863 3269 971 3325 vitam.
1008 3262 1143 3324 Alterum
1165 3285 1235 3325 vero
1258 3286 1355 3345 genus
1378 3287 1494 3340 eorum,

31 3342 37 3355 ⁸
57 3353 156 3428 partim
179 3352 317 3430 gentiles,
339 3354 448 3433 partim
470 3351 590 3425 «ludaei
613 3374 679 3413 eam
701 3373 748 3413 nr·
797 3353 849 3433 qni
863 3373 922 3411 non
938 3350 1083 3410 arcendas
1095 3349 1212 3431 quidem
1224 3360 1330 3430 gentes
1342 3354 1380 3414 ab
1392 3354 1494 3413 Evan-

57 3438 116 3495 hem
135 3458 191 3517 per
210 3438 239 3496 id
259 3448 375 3518 tempus
398 3439 571 3499 incolentes.
601 3439 750 3520 Quicum
798 3438 876 3519 gelio
899 3445 1046 3517 putarent,
1069 3437 1122 3497 sed
1145 3445 1244 3497 tamen
1266 3441 1391 3519 astringi
1414 3439 1495 3501 vole·

56 3523 88 3582 ah
110 3525 247 3604 apostolo
270 3526 360 3586 Petro
384 3534 414 3585 et
436 3526 501 3585 aliis
524 3524 672 3601 fratribus,
699 3528 750 3608 qui
797 3527 872 3586 bant
892 3525 1103 3585 observatione
1124 3524 1200 3604 legis
1221 3525 1388 3586 Mosaicae:
1414 3525 1495 3607 quod

57 3610 120 3669 ilino
136 3632 173 3670 ex
189 3611 310 3672 Judaea
325 3612 517 3684 advenerant,
536 3611 634 3673 edocti
649 3621 751 3674 essent
798 3615 863 3672 sine
893 3632 929 3671 ea
948 3612 1105 3690 justificari
1133 3620 1163 3670 et
1185 3611 1295 3670 salvari
1317 3632 1495 3692 quemquam

56 3699 128 3756 viam
146 3697 253 3758 salutis
268 3701 299 3759 in
315 3698 450 3774 Christ03
472 3708 579 3778 postea
593 3719 648 3779 per
663 3720 750 3779 qnos·
797 3718 886 3781 posse
916 3705 1076 3778 negarent,
1105 3705 1265 3777 utcumque
1293 3698 1494 3777 Evangelinm

58 3782 120 3843 darn
135 3785 290 3845 Moesicae
311 3786 386 3864 legis
409 3785 614 3859 aemulatores,
636 3786 750 3865 profes·
798 3806 834 3846 ae
848 3785 945 3864 legem
960 3784 1071 3846 Christi
1085 3786 1256 3863 recepisset.
1294 3783 1383 3863 Quod
1399 3804 1494 3864 genus

55 3872 132 3929 sione
155 3870 277 3950 quidem
294 3871 487 3945 Christianos,
510 3871 562 3931 sed
585 3895 603 3932 a
622 3872 749 3945 Christo,
798 3880 892 3945 erant,
915 3873 966 3951 qui
988 3870 1096 3931 fratres
1119 3891 1157 3931 ex
1181 3869 1348 3950 gentilitate
1372 3892 1493 3932 conver·

56 3959 102 4035 qni
117 3958 185 4016 finis
200 3967 267 4018 erat
282 3960 364 4039 legis,
379 3961 446 4039 ipsa
459 3958 540 4038 legis
552 3959 750 4020 aemulatione
799 3978 847 4020 sos
862 3957 1010 4018 docebant
1022 3957 1090 4016 Aet.
1109 3961 1159 4019 15.
1203 3959 1272 4017 Nisi
1286 3958 1495 4017 circumcida-

55 4044 206 4122 plnrimnm
229 4044 412 4120 aberrantes,
434 4045 544 4105 turbati
566 4052 648 4121 sunt3
671 4047 749 4106 exci·
797 4045 1495 4120 mintaeooaotomonoremhlosi,ooopotaa'o

56 4139 112 4189 tata
135 4134 274 4191 nimirum
298 4133 402 4193 odiosa
424 4134 500 4192 inter
522 4133 603 4211 ipsos
620 4141 650 4192 et
664 4135 750 4212 gravi
798 4134 928 4194 salvari.
950 4132 993 4191 Et
1002 4133 1121 4191 iterum:
1138 4134 1221 4209 Quia
1230 4138 1352 4206 oportet
1360 4135 1494 4191 circum·

55 4221 227 4295 quaestione
250 4218 424 4278 demeritis
447 4228 477 4278 et
494 4219 716 4298 justificatione.
798 4221 927 4294 cidieos,
940 4220 1494 4295 praeciperequoqueaereaoalegem

93 4304 151 4363 Pro
182 4307 271 4383 cnjus
300 4307 344 4364 rei
373 4306 525 4366 intellectu
553 4305 673 4385 qnidam
702 4307 751 4366 hic
798 4309 886 4368 Most.
930 4306 1020 4380 Item,
1049 4306 1100 4386 qui
1123 4304 1248 4365 Galatas
1270 4307 1300 4364 in
1323 4306 1495 4365 servitutem

56 4400 205 4463 annotant,
235 4395 266 4452 in
289 4392 414 4452 exordio
437 4393 586 4453 nascentis
609 4392 752 4453 ecclesiae
797 4394 949 4454 Moesicae
960 4392 1037 4470 legis
1045 4391 1344 4470 redigerevolebant.
1358 4390 1455 4451 Galat.
1464 4394 1493 4451 2.

56 4474 108 4536 dno
122 4480 215 4541 fnisse
228 4499 347 4560 genera
362 4478 603 4540 Judaiaantium:
626 4479 751 4540 alterum
840 4480 951 4541 Verum
985 4479 1059 4539 haec
1092 4478 1241 4538 distinctio
1271 4478 1495 4539 Judaiaantinm

57 4582 156 4642 eornm,
168 4570 222 4648 qni
234 4566 619 4645 arbitrarentanvangelii
626 4568 751 4645 gratiam
797 4567 870 4626 mihi
892 4586 995 4646 parum
1019 4563 1114 4625 solida
1135 4564 1262 4624 videtur.
1296 4565 1373 4624 Nam
1389 4575 1422 4624 ut
1437 4564 1493 4626 Ju-

57 4657 173 4730 potteris
203 4653 354 4716 Abrahae
382 4672 418 4714 ac
446 4653 557 4733 populo
588 4653 752 4715 Israelitico
800 4654 869 4714 daei
900 4652 998 4732 parati
1030 4671 1147 4732 semper
1179 4659 1265 4712 erant
1294 4651 1422 4732 gentiles
1455 4650 1495 4712 ad

102 4755 165 4798 salt.
178 4754 253 4798 lrttt
266 4755 345 4796 eon.
364 4751 420 4792 τοι.
434 4750 453 4792 1.-
1268 4759 1288 4819 1
