3254 5190
93 298 164 367 tto
606 282 842 337 tumuitus
858 282 889 335 ιι
907 283 974 335 ιιι.
992 283 1041 337 ιιι.

87 462 423 527 tenerescentium
439 458 536 519 scriba
551 458 683 537 proclive
697 458 788 518 luerit
835 459 934 526 stitia,
956 478 1046 537 quam
1061 458 1225 519 ostendunt
1238 479 1331 539 opera
1345 459 1436 519 mata
1458 458 1527 537 Qui·
1557 474 1565 509 ¹:

87 550 213 609 ultorem
229 550 259 607 iu
271 548 396 607 alteram
407 546 591 605 commutari.
604 544 709 643 Quare
720 564 786 603 cum
835 544 903 602 dam
919 554 1098 605 vetustatem
1114 546 1219 605 literae
1234 546 1565 625 interpretanturcirt

88 636 177 695 lectio
206 633 288 711 apud
320 636 453 692 Graecos
479 632 721 690 communissima
748 631 787 688 sit
835 630 1058 693 cumcisionem.
1084 642 1281 711 caeterasque
1297 632 1373 711 legis
1388 632 1565 710 antiquae

87 712 302 785 iactandus:
305 722 436 781 ,mirum
452 720 478 777 si
493 738 547 796 pro
564 708 644 773 baed
647 733 711 792 τοι,
728 716 787 785 rel,
834 717 1040 775 caerimonias.
1068 718 1129 777 o'ed
1152 718 1183 776 hi
1205 716 1296 777 Pauli
1319 728 1451 777 mentem
1475 737 1565 779 ιιιιιι·Ι

87 805 291 865 simsustes
306 808 360 863 Mt
365 797 439 862 utcu
442 804 787 883 ,tanquamainceriore,
834 816 1042 882 assequuntur.
1057 804 1126 864 Non
1141 804 1221 864 euim
1237 803 1286 863 hic
1301 804 1366 881 agit
1381 802 1421 862 de
1436 822 1528 865 caasa·
1557 826 1565 863 ι

87 894 249 971 subrepere-
280 892 419 969 potuerit.
456 889 582 949 Graccis
611 889 788 967 suffragatur
834 891 915 947 tione
927 889 1077 966 legalium,
1093 888 1319 969 seddtstmguit
1330 897 1445 950 autum
1456 889 1530 969 legit
1556 914 1565 947 i

87 980 263 1039 latinorum
277 980 339 1037 t'erc
347 978 571 1055 antiquissimus
579 974 785 1033 Tertullianus
834 988 865 1035 et
880 985 992 1034 statum
1012 977 1137 1053 gratiae.
1160 974 1251 1053 Quod
1273 976 1468 1036 mmileatum
1488 984 1531 1037 eut
1556 1002 1564 1037 ι

83 1066 173 1144 juxta
188 1066 303 1143 pritres
318 1062 480 1121 editiones.
497 1061 650 1141 inquibus
666 1061 780 1138 legeba·
834 1081 873 1121 ex
888 1074 953 1120 tcta
973 1059 1062 1139 hujus
1084 1063 1194 1141 capitis
1217 1063 1371 1136 doctrina,
1396 1061 1530 1141 adeoque
1555 1090 1565 1125 ι

89 1164 152 1211 tur:
179 1154 326 1209 etucuotr'
341 1167 449 1208 ιιιιιιιιι
463 1169 484 1206 ιι
507 1150 573 1222 leqe
588 1151 725 1221 ιιιονιιιὶ,
751 1151 784 1207 ia
833 1168 873 1208 ex
889 1167 979 1227 scopo
994 1150 1088 1227 ipsius
1104 1148 1261 1227 epistolae.

89 1258 152 1313 «ιιιιι
170 1236 364 1295 tenebamur.
878 1235 905 1291 7.
923 1235 1007 1311 Quid
1022 1236 1272 1308 etpediccmus?
1287 1237 1355 1295 Les
1350 1242 1565 1329 paceque

131 1326 344 1381 l'ertruitamcu
367 1341 407 1380 ex
428 1321 585 1379 autoribus
607 1322 786 1387 stemmatis,
806 1322 900 1415 qest?
917 1320 1075 1399 Quaedam
1087 1312 1252 1381 Graecaz⁰
1232 1312 1310 1378 ιτιὸ
1326 1312 1564 1397 ιόμοςᾶιιιιρ-

89 1410 255 1475 Attrbrosio,
280 1408 407 1475 Ruffino,
434 1407 581 1465 Ριὶιιιιιιὶιι
597 1417 680 1485 patet
695 1408 786 1466 etiam
834 1423 904 1465 sta:
892 1408 1002 1482 quod
1013 1408 1064 1467 lex
1072 1414 1237 1483 peccatum
1249 1409 1312 1468 ιιι
1326 1408 1443 1467 Locum
1455 1406 1565 1467 huuc

90 1498 216 1559 Latinae
232 1495 369 1553 lectionis
385 1494 557 1572 antiquitas.
581 1492 707 1551 Occasio
722 1513 784 1551 mu·
832 1492 991 1593 usquead
1015 1494 1101 1553 tinem
1124 1495 1231 1574 capitis
1254 1506 1363 1554 tractat
1380 1490 1565 1571 Hierony,

89 1594 170 1643 tatae
184 1582 324 1639 lectionis
340 1600 406 1639 esse
422 1580 525 1659 potuit.
542 1590 785 1657 turnexcapsc·
832 1599 898 1638 mus
920 1581 949 1638 iu
973 1580 1105 1657 epistola
1127 1579 1165 1637 ad
1189 1580 1344 1658 Algasiam
1368 1582 1524 1660 quaestu
1552 1614 1565 1651 ι

88 1669 202 1747 quenti,
217 1666 270 1726 uhi
286 1666 337 1725 lox
352 1668 455 1725 mortis
470 1669 652 1733 nominatur,
668 1668 786 1726 tametsi
833 1665 923 1725 l'ude
937 1666 1083 1725 nonnulla
1098 1668 1189 1725 etiam
1204 1666 1259 1726 huc
1272 1666 1468 1727 adducemus.
1482 1664 1524 1725 Iu·
1555 1702 1565 1740 :

88 1755 150 1815 alia
164 1752 401 1830 significatione,
425 1762 458 1809 ut
479 1752 520 1811 ibi
536 1752 701 1825 videbitur,
724 1766 785 1812 tum
832 1751 892 1811 lert
901 1752 1068 1830 Apostolus
1080 1752 1157 1813 hanc
1169 1772 1254 1813 suam
1267 1754 1524 1832 interrogationem
1553 1788 1560 1827 ι

88 1843 160 1921 quia
175 1840 335 1898 obscurum
351 1847 526 1897 eratetnon
539 1837 784 1917 intelligebatur:
833 1858 873 1897 cx
889 1839 1107 1916 superioribus,
1122 1841 1249 1899 maxime
1265 1860 1305 1900 cx
1320 1859 1373 1912 co,
1394 1838 1475 1920 quod
1488 1836 1524 1899 di·
1553 1878 1557 1915 ÷

87 1929 184 1987 soluti
212 1944 321 1983 sumus
347 1944 367 1983 o
397 1926 463 1999 leqe
488 1930 617 1984 mortui.
649 1925 785 2004 l'traque
832 1936 931 1996 xerat,
944 1930 1108 2000 passiones
1121 1934 1345 2001 peccatorum,
1368 1944 1454 2003 quac
1471 1942 1525 2003 per
1553 1966 1565 2003 ι

88 2014 179 2075 lectio
196 2011 304 2070 honum
320 2011 410 2070 habet
425 2031 554 2071 sensum.
581 2011 679 2070 Juxta
703 2011 784 2070 Lati·
806 2080 810 2089 1
832 2012 928 2085 lepcm
944 2020 1046 2071 cruat.
1553 2078 1560 2091 .

87 2108 256 2160 namvetus
271 2095 322 2156 lex
337 2098 506 2176 appellatur
520 2096 572 2158 lex
585 2098 698 2167 mortis,
713 2099 785 2175 quia
874 2097 986 2157 Sensus
1002 2109 1063 2159 est:
1086 2100 1208 2177 Ergone
1230 2096 1281 2158 lex
1301 2100 1524 2178 praeeipitpet·
1553 2148 1560 2177 :

88 2206 143 2267 per
164 2194 319 2263 peccatum
341 2200 481 2263 operatur
503 2196 643 2249 mortem.
670 2183 785 2243 scilicet
832 2182 955 2241 catum?
971 2184 1103 2262 obligat,
1120 2183 1249 2258 inducit,
1264 2184 1393 2264 inpellit
1407 2184 1448 2245 ad
1461 2202 1522 2265 pet·
1558 2232 1565 2265 =.

88 2281 249 2339 aeternam,
265 2270 380 2348 deque
396 2270 528 2341 dixerat,
543 2273 701 2350 passiones
716 2289 784 2349 pce·
832 2268 953 2329 ethim?
968 2269 1126 2350 Quidquid
1142 2271 1220 2330 enim
1235 2288 1291 2349 per
1305 2290 1448 2331 secausa
1460 2288 1524 2351 pec·
1554 2316 1565 2351 ι

88 2368 222 2417 catorum
237 2356 435 2417 fructificasse
462 2360 557 2417 morti.
580 2358 627 2417 lta
648 2357 785 2435 congruit
831 2357 891 2414 cati
907 2366 961 2427 est,
978 2358 1009 2417 id
1026 2360 1123 2436 ipsum
1139 2355 1361 2436 quodammodo
1372 2366 1523 2438 peccatum
1557 2404 1565 2411 .

88 2464 156 2504 cum
170 2462 222 2513 eo,
237 2442 320 2521 quod
335 2443 409 2504 dicit
425 2450 443 2504 ι
460 2443 596 2504 Corinth.
613 2445 641 2516 3,
658 2446 703 2502 u:
727 2443 785 2503 Li·
805 2458 809 2527 ι
831 2454 886 2513 est,
902 2444 974 2520 quia
990 2444 1224 2523 reprehensione
1238 2442 1372 2520 dignum.
1398 2442 1470 2523 Qua
1483 2462 1522 2503 rt·
1559 2474 1565 2529 ι

88 2538 156 2590 tero
193 2531 314 2588 occidit.
352 2530 429 2589 Nam
459 2530 541 2608 quud
573 2530 809 2589 commentator}
832 2528 913 2587 tione
930 2530 1021 2589 etiam
1036 2532 1102 2609 ipsa
1113 2530 1369 2608 concupiscentia,
1386 2530 1523 2611 quonian
1560 2586 1563 2593 .

87 2617 190 2677 Amhr.
214 2615 311 2694 legem
334 2618 436 2675 mortis
459 2618 651 2694 interpretari
664 2615 785 2675 ridetur
832 2627 937 2694 suapte
954 2628 1060 2676 natura
1072 2615 1111 2675 ad
1122 2626 1279 2696 peccatum
1290 2616 1445 2685 sollicitat,
1460 2634 1522 2695 pet·
1556 2668 1565 2683 ,

87 2705 131 2763 ita
146 2702 266 2773 dietam,
282 2704 352 2783 quia
368 2701 418 2762 lex
432 2702 485 2761 illa
499 2723 566 2763 reos
581 2702 786 2781 temporaliter
833 2714 934 2762 catum
949 2703 988 2762 ab
1004 2703 1147 2783 Apostolo
1163 2712 1289 2763 vocetur
1303 2701 1362 2763 hoc
1377 2704 1478 2783 capite
1498 2712 1526 2763 ct

88 2788 241 2869 puniebat,
267 2789 315 2847 rel
332 2790 423 2847 etiam
438 2790 645 2853 mortificabat.
660 2787 691 2847 id
707 2788 783 2848 Pau·
833 2790 989 2867 superiori.
1557 2784 1565 2855 'J

89 2876 170 2936 linae
187 2876 343 2934 intentioni
359 2876 458 2934 minus
483 2888 529 2936 est
544 2888 784 2937 consentaneum.
876 2876 972 2935 Absit.
999 2881 1043 2936 Ac
1066 2877 1091 2935 si
1114 2874 1212 2936 dicat:
1234 2876 1296 2935 Res
1316 2877 1440 2937 minime
1461 2895 1523 2935 con·
1558 2928 1565 2943 ,

131 2962 230 3022 Juxta
246 2960 395 3021 Graecam
410 2961 568 3023 lectionem
583 2982 688 3023 sensus
704 2964 783 3040 Apo·
832 2960 978 3021 cedenda.
1006 2962 1071 3021 Lex
1095 2963 1176 3023 enim
1195 2982 1214 3022 t
1236 2962 1305 3021 Deo
1321 2971 1385 3033 est,
1402 2961 1525 3043 ideoque
1558 2956 1565 3027 J

88 3048 160 3109 stoli
175 3060 238 3107 est:
253 3048 340 3107 Nunc
355 3058 457 3107 autern
469 3070 522 3128 per
533 3051 660 3129 gratiam
672 3046 785 3107 Christi
832 3068 887 3126 per
902 3070 934 3107 se
951 3049 1039 3123 lama,
1056 3062 1089 3107 ut
1103 3047 1194 3128 paulo
1209 3048 1524 3127 postapertiusexpe
1558 3040 1565 3115 ⁸.

88 3136 208 3195 liberati
222 3154 323 3193 sumus
336 3155 356 3194 a
366 3136 435 3212 jure
449 3136 541 3215 legis,
556 3146 660 3215 utpote
676 3136 785 3194 mortui
832 3148 927 3195 uetur.
951 3134 1127 3213 Respondet
1141 3149 1242 3194 autem
1258 3134 1389 3195 illationi
1408 3134 1524 3205 Paulas.
1562 3192 1565 3197 .

88 3224 148 3301 ipsi
162 3221 236 3299 legi.
263 3223 293 3281 in
308 3222 395 3293 eujus
409 3225 556 3283 servitute
570 3221 783 3283 detinebamur.
831 3224 959 3300 priunum
971 3221 1153 3281 declarando
1169 3221 1333 3281 falsitatem
1351 3222 1437 3300 ejus,
1452 3216 1527 3303 quod
1562 3274 1565 3291 ,

89 3308 250 3386 Origenes,
276 3309 327 3388 qui
349 3310 440 3367 ctiam
462 3311 493 3370 in
514 3310 571 3368 hac
585 3318 671 3389 parte
687 3309 784 3387 legem
832 3308 1034 3379 inferebatur,
1058 3308 1150 3387 idque
1165 3326 1206 3368 ex
1220 3307 1318 3368 officio
1335 3307 1429 3387 legis,
1452 3304 1526 3390 quod

88 3394 219 3472 intelligi
232 3394 300 3453 vult
314 3396 411 3453 carnis
426 3405 457 3453 et
470 3398 621 3467 vitiorum,
636 3415 727 3475 quam
743 3396 785 3454 iu·
832 3405 880 3454 est
894 3410 1061 3453 monstrare
1077 3406 1317 3473 peccaturum
1332 3404 1435 3455 autem
1447 3414 1525 3474 prae

88 3481 135 3542 ira
159 3494 248 3540 uocat
269 3481 436 3559 Apostolus
459 3480 556 3561 legem
576 3482 784 3553 membrorum,
831 3482 932 3560 cipere
947 3496 1000 3539 aut
1012 3479 1327 3560 promovere3deindc
1340 3500 1524 3562 consequeu-

88 3590 149 3628 non
165 3567 402 3626 estaudiendus.
831 3568 903 3627 tiam
919 3568 1085 3644 argumenti
1108 3566 1263 3627 solvendo.
1289 3568 1381 3647 Legis
1404 3568 1526 3628 officium

121 3658 172 3715 lta
181 3661 217 3712 ut
224 3657 441 3714 seruiamutt'u
451 3659 595 3715 acritate
602 3657 743 3732 spiritus,
756 3661 786 3713 et
832 3652 954 3721 indicat,
969 3653 1049 3734 quod
1065 3654 1221 3733 sequitur:

90 3760 157 3801 ιιοιι
167 3744 203 3799 ia
220 3748 369 3800 uetustate
380 3743 499 3801 literae.
513 3743 590 3801 rhosi
602 3741 697 3801 dieat:
713 3740 784 3799 libe-
876 3739 938 3799 Sal
951 3747 1115 3815 peccatum
1132 3758 1198 3799 ιιοιι
1215 3742 1369 3815 coenosi,
1398 3743 1461 3801 aitt'
1473 3758 1528 3817 per

89 3829 145 3887 rati
157 3847 260 3885 sumus
272 3827 384 3905 alege.
402 3829 535 3906 ejusque
551 3830 709 3887 sen-itate.
726 3846 783 3886 non
832 3827 940 3901 lepem.
964 3826 1069 3893 Haec,
1096 3835 1128 3885 et
1150 3846 1229 3905 quae
1250 3836 1436 3906 sequuntur,
1460 3824 1529 3887 dicit

88 3926 123 3973 ut
130 3913 254 3973 licenter
263 3934 430 3991 peccemus.
441 3913 535 3973 sedut
544 3914 651 3973 malam
659 3915 785 3971 servitu·
832 3912 948 3972 Paulus
963 3914 993 3971 in
1009 3933 1063 3971 sua
1080 3924 1112 3971 et
1122 3914 1248 3971 aliorum
1260 3932 1400 3991 persona,
1412 3914 1465 3993 qui
1477 3910 1528 3974 tub

89 4015 150 4061 tem
161 4015 376 4059 commutemus
389 4001 545 4061 inbouam.
557 4001 694 4060 Praestat
706 3999 784 4059 enim
833 3996 901 4078 lege
924 3998 1059 4066 lucrant,
1081 3996 1248 4079 docetque,
1271 3999 1381 4078 quales
1404 3998 1528 4061 fuissent

90 4106 127 4147 ea
150 4085 300 4153 liberatio,
323 4100 356 4143 ut
378 4091 516 4151 servitus
535 4106 629 4189 quam
646 4086 786 4163 operibns
833 4098 904 4145 ante
919 4100 1091 4165 perceptam
1102 4084 1179 4165 legis
1191 4086 1401 4162 cognitionem.
1415 4096 1448 4147 et
1458 4104 1526 4167 qut·

90 4172 299 4235 exhibemus.
286 4192 349 4250 Jam
366 4175 407 4233 sit
419 4184 448 4233 et
460 4176 602 4234 consistat
616 4195 645 4232 ιιι
654 4192 712 4231 noi
716 4174 786 4231 itate
834 4172 880 4232 les
896 4172 1016 4241 taeta·
997 4187 1158 4251 postquam
1174 4193 1211 4232 ea
1225 4173 1360 4233 teremit.
1383 4173 1529 4254 Loquitur

89 4261 183 4328 vitae,
206 4279 294 4347 quam
317 4258 389 4320 lacit
412 4260 545 4339 Spiritus
567 4270 703 4327 sanctum
726 4280 786 4319 noa
834 4260 914 4319 euim
929 4260 960 4318 in
982 4259 1145 4337 praeterito
1167 4258 1325 4337 usquead
1349 4257 1528 4321 illudzssei·

90 4358 199 4417 autem,
214 4360 248 4403 ut
262 4367 354 4425 prius.
370 4348 682 4413 rosetustateirtae
697 4366 811 4433 quam
834 4349 1020 4415 sicutenim,
1036 4344 1123 4421 quod
1138 4346 1528 4421 lerepirituolitcst,e90

91 4431 189 4501 litera,
205 4433 235 4491 id
250 4450 304 4501 est,
320 4433 370 4493 lex
381 4436 502 4512 scripta,
517 4435 594 4494 adeo
606 4455 666 4493 nou
678 4432 811 4497 aulert'
833 4442 938 4491 cutem
955 4432 1096 4491 carnalis
1106 4450 1174 4491 sum
1187 4439 1258 4500 etc..
1272 4432 1324 4491 ubi
1337 4442 1459 4513 tempus
1471 4450 1528 4493 mu·

88 4534 122 4577 ut
137 4519 226 4577 etiam
242 4540 296 4598 per
310 4522 499 4581 occasionem
514 4530 630 4622 augeat
833 4532 893 4591 tat3
909 4539 948 4577 au
963 4539 1035 4577 reru
1051 4520 1140 4576 etiarn
1156 4538 1325 4597 personam,
1339 4518 1405 4579 illic
1418 4516 1528 4581 videbi·

133 4605 259 4665 bovitas
274 4608 357 4666 ritac
380 4627 453 4667 sera
472 4608 590 4684 justitia
617 4619 679 4675 est,
706 4626 810 4708 quae
806 4632 810 4669 ι
833 4625 907 4664 mus.
931 4605 992 4664 Hic
1017 4606 1109 4683 igitur
1131 4614 1201 4664 ante
1224 4603 1327 4665 oculos
1348 4608 1438 4687 ponit
1458 4604 1529 4666 duct

90 4690 260 4755 declaratur
274 4692 361 4767 bopis
377 4693 535 4773 operibus,
552 4695 716 4765 vetustas,
708 4695 784 4771 mju·
805 4674 812 4761 i
832 4700 930 4753 status
941 4691 1086 4767 hominis,
1096 4688 1224 4751 alterum
1234 4690 1428 4775 antclegem,
1440 4711 1528 4775 qutu-
