3254 5190
96 284 170 353 492
609 278 888 337 commentitum
907 279 973 335 cst.
989 278 1039 337 tlt

95 455 215 528 stiuere,
227 455 334 534 sicque
345 452 564 534 quodammodo
576 454 787 517 saucdficatur.
837 455 1008 519 calviniani
1022 454 1194 531 docuerunt,
1204 453 1284 516 tilios
1295 462 1452 534 pareutum
1464 450 1530 515 fido

94 541 174 600 Nam
189 540 454 602 sanctificationem
476 541 670 605 immunditiis
685 562 787 603 cama·
836 544 909 603 lium
924 563 985 603 uon
1001 561 1078 621 opus
1093 541 1202 603 habere
1215 542 1373 621 baptismo,
1390 560 1449 622 quo
1465 559 1529 600 suu·

93 626 174 688 libna
197 628 285 688 etiam
307 626 380 688 alibi
401 628 514 688 Paulus
540 628 682 709 opponit,
708 635 742 688 ut
770 631 786 688 1
837 629 1012 703 ctificentur,
1027 637 1132 709 utpote
1146 635 1266 689 sanctos
1280 627 1338 687 hoc
1352 627 1437 707 ipso,
1453 622 1530 706 qnod

95 713 202 774 Thess.
220 718 248 775 4.
271 713 360 774 Haec
374 721 427 790 cst,
445 715 549 794 inquit,
565 715 716 776 voluntas
726 716 789 775 Dei
837 735 875 777 ex
891 715 1003 776 sanctis
1017 714 1194 797 parentibus
1213 714 1276 775 uati
1298 721 1377 774 sunt
1416 711 1476 774 Oui
1490 733 1531 772 ar

95 800 303 876 sanctificatio
316 807 437 861 cestra:
451 801 684 863 inabstinentia
699 819 753 862 vos
768 819 789 861 a
836 810 977 883 gumerio
1007 800 1171 883 respondet
1195 802 1326 881 August
1356 798 1410 860 lib.
1439 801 1468 859 2.
1497 797 1532 858 ds

92 887 325 963 fornicatione:
347 894 384 947 ut
404 889 484 947 sciat
504 891 718 966 unusquisque
733 905 788 946 os·
835 887 942 969 baptis.
964 887 1169 968 parvul.'cap.
1195 888 1245 950 25.
1262 895 1293 948 et
1308 888 1359 947 26.
1384 894 1417 946 et
1437 884 1489 945 lib.
1506 887 1530 947 d

92 980 194 1033 strum
217 992 274 1033 vas
296 992 387 1033 auum
399 973 562 1050 possidere
585 977 621 1036 in
643 973 787 1050 sanctifi·
836 994 900 1056 cap.
931 978 980 1038 12.
1006 994 1062 1034 neo
1089 994 1147 1035 nou
1174 986 1260 1034 serm.
1289 973 1338 1034 14.
1368 971 1407 1033 de
1435 970 1531 1032 vobi·

94 1063 218 1120 catione
234 1067 263 1120 et
277 1061 411 1134 ionorc,
436 1079 503 1122 non
519 1064 555 1121 in
566 1063 716 1138 passione
731 1061 787 1120 de·
835 1062 941 1144 Apoat.
973 1080 1038 1142 cap.
1071 1062 1119 1120 19.
1156 1059 1333 1133 osteudens,
1368 1057 1530 1120 secundun

93 1147 219 1221 sidonii,
242 1147 323 1206 simet
338 1153 368 1207 et
381 1155 504 1223 pentes,
528 1166 609 1226 quae
634 1151 788 1224 ianorant
835 1147 1006 1229 Scripturas
1021 1146 1215 1228 multiplicem
1239 1165 1306 1207 ease
1325 1144 1529 1206 sanctificatio

92 1234 206 1293 Deum.
228 1233 270 1292 Et
285 1233 391 1313 paucis
403 1234 597 1314 interpositis:
612 1235 687 1295 Non
702 1236 787 1294 enim
835 1255 917 1310 uem,
939 1253 1000 1297 nou
1014 1252 1112 1293 rerum
1126 1231 1230 1307 modo,
1253 1230 1308 1294 sed
1331 1231 1425 1292 etiam
1444 1230 1528 1293 homi·

93 1325 220 1381 uocamt
233 1337 292 1380 nos
306 1321 394 1380 Deua
408 1322 444 1379 in
458 1321 718 1396 immunditiam,
734 1320 787 1380 sed
835 1343 921 1395 num,
944 1339 1024 1402 qnae
1046 1338 1106 1380 nou
1129 1338 1249 1400 semper
1270 1338 1337 1379 cum
1356 1318 1526 1379 remissione

92 1408 128 1468 in
143 1407 434 1483 sanctificationem.
468 1407 650 1487 Hujuamodi
666 1427 787 1468 sensum
835 1416 1027 1489 peecatorum
1043 1408 1083 1468 sit
1098 1406 1266 1481 coniuncta.
1304 1403 1386 1465 Nam
1409 1412 1441 1465 et
1456 1413 1525 1465 este

93 1495 123 1554 iu
136 1492 226 1554 Pauli
247 1491 351 1553 verbis
372 1494 518 1554 contineri
540 1494 631 1554 sentit
645 1493 787 1573 Augusti·
835 1494 972 1557 chumeni
988 1494 1164 1576 priusquam
1185 1492 1396 1572 baptizentur,
1422 1510 1524 1552 acaum

93 1596 149 1640 nus
164 1577 232 1640 loco
246 1588 411 1641 memorato
427 1579 465 1640 de
486 1579 634 1659 baptismo
647 1579 786 1661 parvulo-
835 1583 912 1642 dum
938 1580 1099 1658 quendam
1125 1580 1256 1640 modum
1280 1597 1394 1653 suum,
1421 1586 1456 1637 ut
1481 1577 1522 1651 ait,

92 1685 167 1727 rum.
204 1665 347 1745 Denique
361 1666 444 1729 iavet
458 1664 618 1728 admodum
632 1667 703 1728 huic
719 1686 785 1728 sen·
834 1667 1076 1746 sanctificantur
1098 1685 1160 1743 pcr
1186 1669 1313 1743 danum
1339 1665 1459 1726 Christi
1464 1709 1475 1740 ,
1500 1670 1522 1724 st

93 1752 154 1826 sui,
169 1750 253 1832 quod
267 1753 419 1832 sequitur:
836 1758 1013 1816 orationem
1021 1754 1365 1830 manusimpositionis.
1378 1750 1520 1832 litaperts

136 1838 289 1915 Alioquin
304 1839 366 1915 nisa·
388 1841 484 1901 vestm
498 1840 658 1902 immundi
679 1847 786 1901 essent.
835 1849 964 1904 testatur
977 1841 1036 1903 hoc
1052 1840 1159 1903 eodem
1172 1840 1239 1901 loco
1254 1839 1385 1913 Paulus,
1405 1837 1520 1898 sanctii

93 1924 142 1985 De
157 1924 224 1985 filiis
239 1924 351 1987 adultis
366 1926 517 2007 loquitur,
541 1928 592 2007 qui
612 1928 742 1989 sanctius
757 1935 788 1988 et
835 1930 897 1990 cari
912 1929 1071 2009 conjugem
1086 1925 1240 1989 infidelem
1250 1945 1306 2007 per
1320 1924 1451 2001 fidelem,
1465 1933 1519 1985 tau·

93 2011 205 2073 castius
231 2012 427 2075 instituuntur
453 2033 472 2075 a
496 2015 673 2095 parentibus
698 2014 788 2074 simul
834 2025 898 2076 tum
914 2017 985 2098 quia
1000 2015 1148 2077 consentit
1163 2034 1228 2075 cum
1242 2011 1326 2075 fideli
1348 2011 1519 2073 cohabitare

92 2097 315 2173 habitantibus,
341 2101 368 2160 si
394 2101 469 2163 alter
495 2120 598 2162 eorum
620 2100 717 2161 fidelis
739 2100 788 2174 sit,
836 2101 925 2183 Quod
951 2102 990 2164 de
1011 2101 1227 2183 justificatione
1252 2120 1307 2161 seu
1336 2107 1519 2180 peccatorum

92 2204 184 2265 quam
198 2187 224 2246 si
239 2184 373 2264 digresso
387 2187 469 2250 fideli
483 2195 624 2248 maneam
638 2186 718 2267 apud
732 2206 783 2266 pa·
834 2191 1009 2251 remissione
1017 2209 1077 2250 nou
1085 2196 1187 2268 potest
1194 2187 1299 2267 accipi.
1317 2185 1417 2267 Super
1425 2184 1519 2247 Meu

91 2282 206 2333 rentem
221 2271 390 2351 infidelem3
413 2274 505 2356 idque
527 2275 644 2335 etiamsi
661 2275 718 2354 ipsi
733 2273 787 2336 filii
835 2279 1010 2357 quaestione
1025 2274 1180 2337 consultus
1194 2294 1214 2333 a
1227 2273 1357 2334 Paulino
1372 2273 1407 2333 id
1422 2272 1518 2333 Hiero·

91 2357 223 2419 noudum
246 2358 334 2420 tidem
357 2359 469 2422 Christi
492 2362 668 2441 receperint.
706 2361 788 2422 Hinc
834 2383 957 2441 uymus,
983 2363 1142 2439 quamodo
1167 2363 1270 2422 sancti
1295 2366 1388 2433 aunt,
1415 2361 1470 2436 qui
1491 2355 1521 2417 ds

92 2454 153 2519 est,
176 2445 257 2524 quod
279 2445 357 2507 idem
374 2447 540 2528 Apostolus
562 2448 629 2507 vult
653 2447 785 2528 episcopi
833 2449 995 2525 fidelibus,
1019 2450 1054 2510 id
1069 2457 1128 2524 ost,
1154 2448 1323 2524 baptisatis
1337 2453 1520 2507 mutnus:

90 2532 169 2592 filios
185 2527 250 2612 (qui
264 2531 342 2592 forte
353 2542 478 2614 parente
489 2534 588 2594 adhuc
600 2532 712 2594 infideli
724 2536 788 2594 nuti
834 2537 918 2615 epist
951 2537 1020 2599 153.
1051 2557 1106 2616 pro
1135 2552 1280 2613 respousa
1306 2533 1520 2595 Tertullianum

92 2624 123 2678 et
148 2617 269 2679 educati
297 2617 430 2694 fueraut)
456 2621 596 2681 metoliton
621 2640 689 2681 case
714 2639 785 2680 cum
834 2621 956 2683 adducit
966 2631 1161 2694 maerentem,
1172 2622 1297 2681 sanetas
1307 2618 1373 2680 dici
1388 2619 1520 2696 {idalius

92 2707 180 2766 omni
195 2707 336 2767 castitate
351 2713 383 2765 et
396 2707 512 2768 alienos
527 2727 545 2766 a
560 2708 698 2780 crimine,
719 2709 786 2768 sive
833 2708 934 2785 tilios,
957 2710 1043 2787 quad
1067 2711 1157 2787 quasi
1179 2707 1347 2768 candidati
1367 2709 1434 2767 sint
1446 2705 1520 2784 aas,

91 2794 290 2853 accusatione
307 2794 464 2854 luciariae.
495 2793 564 2872 Quo
580 2795 652 2854 vitio
667 2794 785 2875 potissi·
833 2804 863 2855 et
877 2797 978 2857 nullis
993 2796 1199 2857 idololatriac
1214 2793 1361 2856 sordibus
1377 2794 1522 2870 polluan-

90 2898 170 2938 mnm
186 2876 324 2940 laborare
338 2879 437 2941 solent
458 2879 619 2941 infidelium
632 2879 696 2941 filii.
733 2879 784 2940 Vi·
833 2890 904 2959 tur,
931 2885 1054 2946 tametsi
1080 2883 1178 2943 locum
1203 2878 1285 2961 apud
1312 2879 1444 2943 Tertull.
1470 2898 1521 2941 uon

91 2965 178 3025 detur
200 2975 301 3027 antem
317 2965 485 3046 supplenda
507 2966 677 3045 conjunctio
698 2974 727 3028 ct
742 2965 785 3027 di·
834 2970 966 3050 reperio:
985 2971 1044 3030 nisi
1061 2968 1144 3049 quod
1158 2969 1190 3029 iu
1203 2967 1279 3028 libro
1295 2965 1333 3026 de
1349 2968 1452 3029 anima
1465 2985 1521 3047 up

91 3050 204 3113 cando:
219 3054 261 3112 Et
275 3053 421 3130 alioquin
435 3054 496 3130 ntis
512 3056 606 3114 verni
625 3053 784 3115 immundi
834 3057 884 3119 39.
897 3066 1018 3118 sanctos
1030 3057 1068 3117 ab
1079 3055 1229 3134 Apostolo
1240 3055 1344 3115 vocari
1357 3053 1442 3115 dicat
1454 3053 1523 3130 fide·

91 3146 200 3199 essent.
221 3140 299 3199 Nam
311 3139 371 3200 duo
384 3150 454 3202 sunt
466 3150 651 3220 argumenta,
665 3141 784 3202 tametsi
834 3144 913 3204 lium
928 3143 1023 3220 tilios,
1039 3146 1130 3220 quasi
1145 3143 1326 3218 dasiauatas
1341 3143 1522 3214 sunamite,

90 3225 199 3286 similia
213 3234 243 3286 et
254 3228 422 3306 conjunctu,
437 3227 549 3308 quibus
566 3227 700 3302 suadeat,
715 3249 785 3288 cou-
833 3249 870 3290 ac
882 3248 942 3306 per
956 3233 1012 3292 icoc
1028 3233 1124 3291 etiam
1139 3230 1258 3290 salutm

86 3314 192 3392 jugem
217 3312 382 3388 infidelem,
405 3315 432 3374 si
455 3315 629 3375 commorari
651 3336 712 3375 nau
734 3315 784 3375 de·
879 3319 929 3380 15.
953 3318 1087 3396 Quodsi
1107 3316 1247 3392 infidelia
1261 3314 1413 3392 discedit,
1436 3316 1526 3377 disca·

89 3406 205 3472 tractet,
220 3398 429 3462 dimittendum
445 3421 505 3461 non
521 3421 604 3463 esse:
624 3401 785 3464 alterumn
834 3404 898 3463 dat.
921 3403 1052 3477 Graece,
1067 3411 1254 3480 separatur,
1278 3411 1455 3479 separetur.
1477 3401 1525 3481 Sy

90 3485 330 3548 sanctificatione
342 3489 488 3567 conjugis,
504 3488 661 3550 alterumn
676 3488 782 3549 saucfi·
833 3492 921 3562 nisce,
935 3499 1065 3568 separat
1078 3508 1120 3566 ss,
1136 3498 1260 3567 separet
1273 3509 1313 3551 se.
1342 3490 1431 3551 Hauc
1440 3489 1526 3550 altem

91 3573 233 3633 ficatioue
246 3573 383 3635 filiorum.
407 3574 578 3653 Exponitur
593 3583 693 3637 autem
710 3572 784 3636 illud
833 3596 903 3656 pars
919 3587 966 3638 est
978 3577 1118 3658 rescripti
1128 3576 1250 3638 Paulini
1265 3576 1304 3638 de
1318 3577 1470 3656 conjugiis
1483 3575 1526 3635 iu·

90 3661 237 3736 alioquin
247 3659 305 3721 'noo
317 3660 422 3721 modo:
439 3663 499 3721 arisi
510 3672 542 3722 tu
553 3661 652 3723 fidelis
663 3681 784 3723 maneas
833 3663 975 3743 paribus,
1003 3686 1055 3744 per
1082 3663 1246 3725 antithesin
1272 3662 1463 3743 respondeus
1490 3658 1526 3721 illi

89 3767 156 3806 cum
173 3747 303 3827 conjuge
318 3747 438 3822 infideli,
453 3747 508 3809 tilii
522 3750 614 3810 vestri
630 3759 714 3810 eruut
731 3751 783 3808 im·
833 3750 940 3830 priori,
967 3759 995 3812 et
1017 3754 1093 3811 hacc
1115 3755 1269 3813 consentit
1290 3750 1440 3811 nabitare
1465 3763 1526 3810 cust

89 3832 202 3894 muudi
224 3834 329 3895 Potest
340 3836 430 3896 etiam
443 3836 485 3895 sic
497 3837 610 3915 exponi
626 3837 783 3912 alioquin,
833 3839 908 3911 illo,
924 3845 980 3899 etc
1018 3838 1076 3899 Est
1098 3847 1200 3899 autem
1221 3838 1296 3899 haec
1319 3834 1472 3917 quaedam
1486 3853 1526 3895 es·

90 3919 186 3994 idest,
203 3921 298 3981 sinon
311 3923 549 3984 sanctificaretur
559 3923 669 4001 conjux
682 3922 784 3984 infide·
834 3924 931 4002 ceptio
948 3924 986 3986 ab
1003 3944 1055 3998 eo,
1071 3923 1154 4003 qnod
1170 3923 1370 4006 supradixit:
1400 3925 1527 3986 Uxores·

91 4008 127 4068 lis
141 4027 198 4087 per
213 4008 372 4088 conjugem
383 4008 511 4082 fidelem,
528 4008 579 4070 tilii
592 4028 630 4070 ex
647 4009 706 4070 illis
723 4011 784 4070 uati
834 4029 855 4069 a
871 4013 941 4072 viro
956 4030 1025 4074 non
1039 4011 1214 4073 discedere:
1236 4010 1323 4088 quad
1343 4013 1372 4070 si
1392 4011 1527 4071 dinem

90 4093 233 4155 immundi
249 4104 357 4156 meent
379 4095 449 4157 Hoc
460 4096 525 4175 jam
540 4096 697 4171 avertitur,
714 4095 785 4157 dnm
834 4101 895 4172 rit,
922 4116 1052 4160 manere
1078 4101 1270 4175 innuptam,
1298 4105 1357 4157 aut
1384 4100 1456 4159 uiro
1480 4111 1527 4157 sue

89 4182 234 4241 sauctitas
249 4183 337 4243 etiam
354 4181 468 4244 infideli
489 4183 606 4261 parenti
626 4183 785 4243 communi·
833 4187 1045 4247 reconciliari
1069 4187 1112 4247 iit
1126 4188 1322 4247 nicanorem
1340 4203 1412 4246 non
1427 4184 1527 4245 dimit·

90 4275 184 4327 estur.
833 4279 891 4332 tat.
914 4272 1028 4334 Sensus
1045 4281 1105 4332 est:
1121 4271 1153 4334 si
1168 4270 1297 4334 infidelis
1313 4270 1529 4341 discedimus

132 4355 225 4415 Nunc
239 4363 346 4414 autem
361 4358 462 4417 sancd
477 4361 561 4416 sunt.
584 4356 732 4416 Nimirum
748 4375 784 4416 ea
834 4359 1022 4421 consentiens
1037 4359 1175 4420 habitare
1189 4379 1257 4420 cum
1273 4356 1372 4432 fideli,
1398 4367 1432 4420 ut
1446 4354 1529 4426 fideli.

88 4440 260 4514 sanctitate,
290 4461 370 4522 qnae
399 4440 562 4523 praedictis
592 4441 785 4505 immunditiis
833 4445 940 4520 idest,
962 4448 987 4505 si
1003 4446 1150 4525 religione
1172 4446 1239 4524 ejus
1258 4444 1393 4507 offensus
1410 4465 1478 4507 eum
1491 4461 1529 4503 rs·

90 4527 261 4606 opponitur.
298 4528 388 4591 Unde
403 4529 502 4608 Syrus
517 4530 663 4608 interpres
677 4530 784 4591 vertiti
834 4533 968 4613 linquat;
983 4553 1044 4593 uon
1060 4540 1121 4606 cst,
1136 4529 1218 4612 quod
1233 4530 1348 4608 coniux
1357 4531 1460 4595 fidelis
1474 4529 1528 4593 exi·

89 4615 299 4675 Itunoautem
312 4616 428 4678 mundi
438 4624 521 4678 sunt.
543 4616 696 4697 Quocirca
707 4616 785 4678 male
833 4618 932 4680 stimet
952 4638 986 4679 se
1009 4619 1120 4682 debere
1143 4619 1228 4680 illum
1252 4619 1357 4701 sequi;
1383 4617 1438 4682 sed
1459 4618 1530 4679 sinat

90 4719 129 4762 ax
143 4699 202 4763 hoc
215 4700 280 4765 loco
295 4701 449 4782 quondam
462 4701 635 4784 Pelagiaui,
649 4712 680 4766 et
694 4702 785 4767 hodie
832 4725 901 4769 euru
914 4705 1088 4783 insuere,
1111 4715 1254 4789 tanquam
1268 4726 1323 4788 per
1337 4706 1408 4787 ejus
1420 4703 1525 4768 dim
